{"gold_per_floor":[115,132,57,75,94,94,121,121,168,201,34,64,80,100,100,100],"floor_reached":16,"playtime":682,"items_purged":["Strike_R","Strike_R"],"score":179,"play_id":"d31ea066-09a0-4ec7-817e-6f2013d22f47","local_time":"20181214113543","is_ascension_mode":true,"campfire_choices":[{"data":"Cleave","floor":6,"key":"SMITH"},{"data":"Dropkick","floor":8,"key":"SMITH"},{"data":"Shrug It Off","floor":15,"key":"SMITH"}],"neow_cost":"NONE","seed_source_timestamp":148291712280035,"circlet_count":0,"master_deck":["AscendersBane","Strike_R","Strike_R","Strike_R","Defend_R","Defend_R","Defend_R","Defend_R","Bash+1","Cleave+1","Dropkick+1","Clash","Dropkick","Shrug It Off+1"],"relics":["Burning Blood","Meat on the Bone","Bag of Marbles","Happy Flower","Odd Mushroom"],"potions_floor_usage":[10,10,14,16],"damage_taken":[{"damage":24,"enemies":"Jaw Worm","floor":1,"turns":5},{"damage":4,"enemies":"2 Louse","floor":2,"turns":4},{"damage":6,"enemies":"Cultist","floor":4,"turns":4},{"damage":15,"enemies":"Lots of Slimes","floor":5,"turns":3},{"damage":32,"enemies":"Gremlin Nob","floor":7,"turns":4},{"damage":8,"enemies":"Lagavulin","floor":10,"turns":3},{"damage":14,"enemies":"The Mushroom Lair","floor":12,"turns":4},{"damage":2,"enemies":"3 Louse","floor":13,"turns":3},{"damage":6,"enemies":"Exordium Thugs","floor":14,"turns":4},{"damage":61,"enemies":"Hexaghost","floor":16,"turns":14}],"seed_played":"-2668289129438020938","potions_obtained":[{"floor":2,"key":"Fire Potion"},{"floor":7,"key":"Block Potion"},{"floor":10,"key":"Regen Potion"},{"floor":14,"key":"SkillPotion"}],"is_trial":false,"path_per_floor":["M","M","$","M","M","R","E","R","T","E","$","?","M","M","R","B"],"character_chosen":"IRONCLAD","items_purchased":["Dropkick"],"campfire_rested":0,"item_purchase_floors":[11],"current_hp_per_floor":[54,56,56,56,47,47,21,21,21,31,31,35,51,60,60,0],"gold":100,"neow_bonus":"UPGRADE_CARD","is_prod":false,"is_daily":false,"chose_seed":false,"campfire_upgraded":3,"win_rate":0,"timestamp":1544758543,"path_taken":["M","M","$","M","M","R","E","R","T","E","$","?","M","M","R","BOSS"],"build_version":"2018-12-13","purchased_purges":2,"victory":false,"max_hp_per_floor":[80,80,80,80,80,80,80,80,80,80,80,80,80,80,80,80],"card_choices":[{"not_picked":["Heavy Blade","Iron Wave","Thunderclap"],"picked":"SKIP","floor":1},{"not_picked":["Clash","Iron Wave"],"picked":"Cleave","floor":2},{"not_picked":["Iron Wave","Flex","Pummel"],"picked":"SKIP","floor":4},{"not_picked":["True Grit","Rampage"],"picked":"Dropkick","floor":5},{"not_picked":["Limit Break","Anger","Immolate"],"picked":"SKIP","floor":7},{"not_picked":["Searing Blow","Pummel"],"picked":"Clash","floor":10},{"not_picked":["True Grit","Bloodletting","Pommel Strike"],"picked":"SKIP","floor":13},{"not_picked":["Wild Strike","Flex"],"picked":"Shrug It Off","floor":14}],"player_experience":564179,"relics_obtained":[{"floor":7,"key":"Meat on the Bone"},{"floor":9,"key":"Bag of Marbles"},{"floor":10,"key":"Happy Flower"},{"floor":12,"key":"Odd Mushroom"}],"event_choices":[{"damage_healed":0,"gold_gain":0,"player_choice":"Fought Mushrooms","damage_taken":0,"max_hp_gain":0,"max_hp_loss":0,"event_name":"Mushrooms","floor":12,"gold_loss":0}],"is_beta":false,"boss_relics":[],"items_purged_floors":[3,11],"is_endless":false,"potions_floor_spawned":[2,7,10,14],"killed_by":"Hexaghost","ascension_level":12}