{"gold_per_floor":[115,135,135,60,72,72,83,101,149,149,49,49,66,32,32,129,129,145,145,145,20,20,20,37,37,63,63,63,96,111,442,442,442],"floor_reached":33,"playtime":3717,"items_purged":["Strike_R","Strike_R","Defend_R"],"score":298,"play_id":"5c2f7235-cf75-4853-867d-42d66e1cc381","local_time":"20180720060818","is_ascension_mode":false,"campfire_choices":[{"data":"Armaments","floor":6,"key":"SMITH"},{"data":"Seeing Red","floor":15,"key":"SMITH"},{"data":"1","floor":23,"key":"LIFT"},{"data":"2","floor":27,"key":"LIFT"},{"data":"3","floor":32,"key":"LIFT"}],"neow_cost":"TEN_PERCENT_HP_LOSS","seed_source_timestamp":27441133988441,"circlet_count":0,"master_deck":["Defend_R","Bash","Battle Trance","Flame Barrier","Ghostly Armor","Armaments+1","Seeing Red+1","Offering","Clash","Metallicize","Juggernaut","Bite","Bite","Bite","Bite","Bite","Heavy Blade+1","Blood for Blood","Inflame"],"relics":["Burning Blood","Girya","Bag of Preparation","Runic Cube","Question Card","Centennial Puzzle","Vajra","Old Coin"],"potions_floor_usage":[],"damage_taken":[{"damage":3,"enemies":"2 Louse","floor":1,"turns":3},{"damage":1,"enemies":"Cultist","floor":2,"turns":4},{"damage":0,"enemies":"Jaw Worm","floor":5,"turns":5},{"damage":10,"enemies":"Gremlin Gang","floor":7,"turns":7},{"damage":2,"enemies":"Exordium Thugs","floor":8,"turns":5},{"damage":4,"enemies":"Looter","floor":13,"turns":2},{"damage":57,"enemies":"Hexaghost","floor":16,"turns":15},{"damage":9,"enemies":"3 Byrds","floor":18,"turns":4},{"damage":13,"enemies":"Shell Parasite","floor":24,"turns":4},{"damage":21,"enemies":"Book of Stabbing","floor":29,"turns":6},{"damage":9,"enemies":"3 Cultists","floor":30,"turns":5},{"damage":39,"enemies":"Gremlin Leader","floor":31,"turns":5},{"damage":51,"enemies":"Champ","floor":33,"turns":8}],"seed_played":"7980150762600179336","potions_obtained":[{"floor":1,"key":"Explosive Potion"},{"floor":7,"key":"Fire Potion"},{"floor":24,"key":"FearPotion"},{"floor":30,"key":"Fire Potion"}],"is_trial":false,"path_per_floor":["M","M","?","$","M","R","M","M","T","?","$","?","M","$","R","B",null,"M","?","?","$","?","R","M","$","T","R","?","E","M","E","R"],"character_chosen":"IRONCLAD","items_purchased":["Metallicize"],"campfire_rested":0,"item_purchase_floors":[14],"current_hp_per_floor":[72,72,72,72,72,72,68,72,72,72,72,72,72,72,72,21,72,69,69,50,50,50,50,50,50,50,50,50,50,50,23,23,0],"gold":442,"neow_bonus":"ONE_RARE_RELIC","is_prod":false,"is_daily":false,"chose_seed":false,"campfire_upgraded":2,"win_rate":0.0,"timestamp":1532038098,"path_taken":["M","M","?","$","?","R","M","M","T","?","?","?","?","?","R","BOSS","M","?","?","$","?","R","M","?","T","R","?","E","M","E","R","BOSS"],"build_version":"2018-07-12","purchased_purges":3,"victory":false,"max_hp_per_floor":[72,72,72,72,72,72,72,72,72,72,72,72,72,72,72,72,72,72,72,50,50,50,50,50,50,50,50,50,50,50,50,50,50],"card_choices":[{"not_picked":["Searing Blow","Cleave"],"picked":"Battle Trance","floor":1},{"not_picked":["Cleave","Inflame"],"picked":"Flame Barrier","floor":2},{"not_picked":["Thunderclap","Headbutt"],"picked":"Armaments","floor":5},{"not_picked":["Sword Boomerang","Flex"],"picked":"Seeing Red","floor":7},{"not_picked":["Searing Blow","Carnage"],"picked":"Offering","floor":8},{"not_picked":["Body Slam","Shrug It Off"],"picked":"Clash","floor":13},{"not_picked":["Bludgeon","Limit Break"],"picked":"Juggernaut","floor":16},{"not_picked":["Armaments","Searing Blow","Disarm"],"picked":"SKIP","floor":18},{"not_picked":["Headbutt+1","Whirlwind","Twin Strike+1"],"picked":"Heavy Blade+1","floor":24},{"not_picked":["Whirlwind","Warcry","Carnage+1"],"picked":"Blood for Blood","floor":29},{"not_picked":["Warcry","Body Slam","Searing Blow","Shrug It Off"],"picked":"SKIP","floor":30},{"not_picked":["Uppercut","Sword Boomerang","Flex+1"],"picked":"Inflame","floor":31}],"player_experience":142970,"relics_obtained":[{"floor":9,"key":"Bag of Preparation"},{"floor":26,"key":"Centennial Puzzle"},{"floor":29,"key":"Vajra"},{"floor":31,"key":"Old Coin"}],"event_choices":[{"event_name":"Transmorgrifier","player_choice":"Transform","floor":3,"damage_taken":0},{"event_name":"Wheel of Change","player_choice":"Curse","floor":10,"damage_taken":0},{"event_name":"Living Wall","player_choice":"Forget","floor":12,"damage_taken":0},{"event_name":"Back to Basics","player_choice":"Elegance","floor":19,"damage_taken":0},{"event_name":"Vampires","player_choice":"Became a vampire","floor":20,"damage_taken":0},{"event_name":"The Mausoleum","player_choice":"Yes","floor":22,"damage_taken":0},{"event_name":"Drug Dealer","player_choice":"Ignored","floor":28,"damage_taken":0}],"boss_relics":[{"not_picked":["Runic Pyramid","Eternal Feather"],"picked":"Runic Cube"}],"items_purged_floors":[4,11,21],"is_endless":false,"potions_floor_spawned":[1,7,24,30,31],"killed_by":"Champ","ascension_level":0}