{"gold_per_floor":[116,116,136,136,147,147,176,176,176,205,205,205,218,228,228,330,330,343,343,343,356,370,370,389,389,389,389,314,343,359,101,101,101],"floor_reached":33,"playtime":1884,"items_purged":["Sentinel","Armaments"],"score":426,"play_id":"01ee57ae-acfa-44ac-acc4-30b96ad3213c","local_time":"20181208220645","is_ascension_mode":true,"campfire_choices":[{"data":"Armaments","floor":6,"key":"SMITH"},{"data":"Searing Blow","floor":8,"key":"SMITH"},{"data":"Searing Blow+1","floor":11,"key":"SMITH"},{"data":"Searing Blow+2","floor":15,"key":"SMITH"},{"data":"Searing Blow+3","floor":23,"key":"SMITH"},{"data":"Searing Blow+4","floor":25,"key":"SMITH"},{"data":"Searing Blow+5","floor":27,"key":"SMITH"},{"floor":32,"key":"REST"}],"neow_cost":"TEN_PERCENT_HP_LOSS","seed_source_timestamp":481625326489644,"circlet_count":0,"master_deck":["AscendersBane","Bash","Armaments+1","Searing Blow+6","Clash","Clash","Iron Wave","Headbutt","Rampage+1","Double Tap"],"relics":["Burning Blood","CultistMask","Ginger","Incense Burner","Meat on the Bone","Pandora\u0027s Box","Bottled Lightning","Regal Pillow"],"potions_floor_usage":[10,16,16,21,30,33],"damage_taken":[{"damage":8,"enemies":"Small Slimes","floor":1,"turns":6},{"damage":1,"enemies":"Cultist","floor":3,"turns":4},{"damage":6,"enemies":"Jaw Worm","floor":5,"turns":7},{"damage":35,"enemies":"Gremlin Nob","floor":7,"turns":5},{"damage":28,"enemies":"3 Sentries","floor":10,"turns":11},{"damage":1,"enemies":"Blue Slaver","floor":13,"turns":2},{"damage":1,"enemies":"3 Louse","floor":14,"turns":4},{"damage":22,"enemies":"Hexaghost","floor":16,"turns":10},{"damage":15,"enemies":"2 Thieves","floor":18,"turns":4},{"damage":13,"enemies":"3 Byrds","floor":21,"turns":5},{"damage":25,"enemies":"Sentry and Sphere","floor":22,"turns":4},{"damage":15,"enemies":"Chosen and Byrds","floor":24,"turns":4},{"damage":48,"enemies":"Slavers","floor":29,"turns":5},{"damage":11,"enemies":"Centurion and Healer","floor":30,"turns":4},{"damage":95,"enemies":"Automaton","floor":33,"turns":6}],"seed_played":"-6194051026458866582","potions_obtained":[{"floor":3,"key":"Dexterity Potion"},{"floor":7,"key":"EssenceOfSteel"},{"floor":14,"key":"AttackPotion"},{"floor":16,"key":"Fire Potion"},{"floor":24,"key":"SpeedPotion"},{"floor":30,"key":"Energy Potion"}],"is_trial":false,"path_per_floor":["M","?","M","?","M","R","E","R","T","E","R","?","M","M","R","B",null,"M","?","?","M","M","R","M","R","T","R","$","E","M","$","R","B"],"character_chosen":"IRONCLAD","items_purchased":["Double Tap"],"campfire_rested":1,"item_purchase_floors":[31],"current_hp_per_floor":[70,70,72,77,77,77,48,48,48,26,26,26,43,48,48,44,69,60,60,60,53,46,46,49,49,49,49,49,19,26,26,64,0],"gold":101,"neow_bonus":"REMOVE_TWO","is_prod":false,"is_daily":false,"chose_seed":false,"campfire_upgraded":7,"win_rate":0,"timestamp":1544278005,"path_taken":["M","?","?","?","M","R","E","R","T","E","R","?","M","M","R","BOSS","M","?","?","M","M","R","M","R","T","R","$","E","M","$","R","BOSS"],"build_version":"2018-12-06","purchased_purges":2,"victory":false,"max_hp_per_floor":[72,72,72,77,77,77,77,77,77,77,77,77,77,77,77,77,77,77,77,77,77,77,77,77,77,77,77,77,77,77,77,77,77],"card_choices":[{"not_picked":["Iron Wave","Clash","True Grit"],"picked":"SKIP","floor":1},{"not_picked":["True Grit","Pommel Strike"],"picked":"Armaments","floor":3},{"not_picked":["Second Wind","True Grit"],"picked":"Searing Blow","floor":5},{"not_picked":["Body Slam","Cleave","Fire Breathing"],"picked":"SKIP","floor":7},{"not_picked":["Spot Weakness","Cleave","Bludgeon"],"picked":"SKIP","floor":10},{"not_picked":["Whirlwind","Pommel Strike","Corruption"],"picked":"SKIP","floor":13},{"not_picked":["Metallicize","Armaments","Havoc"],"picked":"SKIP","floor":14},{"not_picked":["Evolve","Dual Wield"],"picked":"Rampage+1","floor":18},{"not_picked":["Perfected Strike","Disarm","Flex+1"],"picked":"SKIP","floor":21},{"not_picked":["Clothesline","Burning Pact","True Grit"],"picked":"SKIP","floor":22},{"not_picked":["Bloodletting","Heavy Blade","Twin Strike+1"],"picked":"SKIP","floor":24},{"not_picked":["Clash+1","Thunderclap","Searing Blow"],"picked":"SKIP","floor":29},{"not_picked":["Anger+1","Wild Strike","Sword Boomerang"],"picked":"SKIP","floor":30}],"player_experience":504123,"relics_obtained":[{"floor":7,"key":"Ginger"},{"floor":9,"key":"Incense Burner"},{"floor":10,"key":"Meat on the Bone"},{"floor":26,"key":"Bottled Lightning"},{"floor":29,"key":"Regal Pillow"}],"event_choices":[{"damage_healed":0,"gold_gain":0,"player_choice":"Trade","damage_taken":0,"relics_obtained":["CultistMask"],"max_hp_gain":0,"max_hp_loss":0,"event_name":"FaceTrader","floor":2,"gold_loss":0},{"damage_healed":0,"gold_gain":0,"player_choice":"Donut","damage_taken":0,"max_hp_gain":5,"max_hp_loss":0,"event_name":"Big Fish","floor":4,"gold_loss":0},{"cards_removed":["Strike_R"],"damage_healed":0,"gold_gain":0,"player_choice":"Forget","damage_taken":0,"max_hp_gain":0,"max_hp_loss":0,"event_name":"Living Wall","floor":12,"gold_loss":0},{"damage_healed":0,"gold_gain":0,"player_choice":"Ignored","damage_taken":0,"max_hp_gain":0,"max_hp_loss":0,"event_name":"Ghosts","floor":19,"gold_loss":0},{"damage_healed":0,"gold_gain":0,"player_choice":"Ignored","damage_taken":0,"max_hp_gain":0,"max_hp_loss":0,"event_name":"Vampires","floor":20,"gold_loss":0}],"is_beta":false,"boss_relics":[{"not_picked":["Fusion Hammer","Mark of Pain"],"picked":"Pandora\u0027s Box"}],"items_purged_floors":[28,31],"is_endless":false,"potions_floor_spawned":[3,7,14,16,24,30],"killed_by":"Automaton","ascension_level":11}