{"gold_per_floor":[112,132,143,163,163,192,192,192,192,192,217,217,236,248,248,353,353,367,386,402,421,436,436,449,449,518,518,546,546,249,265,265,265],"floor_reached":33,"playtime":1478,"items_purged":["Strike_R"],"score":348,"play_id":"ee7769e9-d976-4267-9557-1663ad461b81","local_time":"20180805131659","is_ascension_mode":true,"campfire_choices":[{"data":"Body Slam","floor":7,"key":"SMITH"},{"data":"Pommel Strike","floor":10,"key":"SMITH"},{"data":"Immolate","floor":15,"key":"SMITH"},{"data":"Double Tap","floor":23,"key":"SMITH"},{"data":"Pummel","floor":27,"key":"SMITH"},{"data":"Reaper","floor":29,"key":"SMITH"},{"data":"Fire Breathing","floor":32,"key":"SMITH"}],"neow_cost":"NONE","seed_source_timestamp":251490313604975,"circlet_count":0,"master_deck":["Strike_R","Strike_R","Strike_R","Defend_R","Defend_R","Defend_R","Defend_R","Bash+1","Clash","Pommel Strike+1","Body Slam+1","Pommel Strike","Dropkick","Cleave","Immolate+1","Double Tap+1","Pummel+1","Uppercut+1","Cleave+1","Spot Weakness+1","Armaments+1","Iron Wave","Ghostly","Ghostly","Ghostly","Ghostly","Ghostly","Reaper+1","Bandage Up","Fire Breathing+1"],"relics":["Black Blood","Self Forming Clay","Pantograph","Kunai","Boot","Smiling Mask","Pen Nib","Ancient Tea Set"],"potions_floor_usage":[4,6,16,16,28,28],"damage_taken":[{"damage":5,"enemies":"Small Slimes","floor":1,"turns":3},{"damage":16,"enemies":"Cultist","floor":2,"turns":4},{"damage":7,"enemies":"Jaw Worm","floor":3,"turns":3},{"damage":6,"enemies":"2 Fungi Beasts","floor":4,"turns":3},{"damage":13,"enemies":"3 Sentries","floor":6,"turns":8},{"damage":16,"enemies":"Gremlin Nob","floor":11,"turns":3},{"damage":11,"enemies":"Lots of Slimes","floor":13,"turns":3},{"damage":13,"enemies":"Blue Slaver","floor":14,"turns":3},{"damage":33,"enemies":"Hexaghost","floor":16,"turns":8},{"damage":2,"enemies":"Chosen","floor":18,"turns":3},{"damage":11,"enemies":"Spheric Guardian","floor":19,"turns":3},{"damage":23,"enemies":"3 Cultists","floor":20,"turns":4},{"damage":28,"enemies":"Centurion and Healer","floor":21,"turns":3},{"damage":15,"enemies":"Snecko","floor":22,"turns":4},{"damage":18,"enemies":"Chosen and Byrds","floor":24,"turns":3},{"damage":17,"enemies":"Slavers","floor":28,"turns":6},{"damage":15,"enemies":"Centurion and Healer","floor":31,"turns":4},{"damage":41,"enemies":"Automaton","floor":33,"turns":8}],"seed_played":"-5090454910869211644","potions_obtained":[{"floor":1,"key":"Weak Potion"},{"floor":3,"key":"BloodPotion"},{"floor":4,"key":"AttackPotion"},{"floor":11,"key":"Poison Potion"},{"floor":19,"key":"SpeedPotion"},{"floor":20,"key":"Ancient Potion"},{"floor":22,"key":"GamblersBrew"},{"floor":24,"key":"Energy Potion"}],"is_trial":false,"path_per_floor":["M","M","M","M","?","E","R","?","T","R","E","?","M","M","R","B",null,"M","M","M","M","M","R","M","?","T","R","E","R","$","M","R"],"character_chosen":"IRONCLAD","items_purchased":["Ancient Tea Set","Bandage Up"],"campfire_rested":0,"item_purchase_floors":[30,30],"current_hp_per_floor":[80,70,69,77,80,73,73,73,73,73,63,51,46,39,39,37,80,80,79,66,48,43,43,35,35,35,35,28,28,28,27,27,0],"gold":265,"neow_bonus":"REMOVE_CARD","is_prod":false,"is_daily":false,"chose_seed":false,"campfire_upgraded":7,"win_rate":0,"timestamp":1533446219,"path_taken":["M","M","M","M","?","E","R","?","T","R","E","?","M","M","R","BOSS","M","M","?","M","M","R","M","?","T","R","E","R","$","M","R","BOSS"],"build_version":"2018-08-02","purchased_purges":1,"victory":false,"max_hp_per_floor":[80,80,80,80,80,80,80,80,80,80,80,80,80,80,80,80,80,80,80,80,80,80,80,80,40,40,40,40,40,40,40,40,40],"card_choices":[{"not_picked":["Sentinel","Warcry"],"picked":"Feel No Pain","floor":1},{"not_picked":["Shockwave","Warcry"],"picked":"Clash","floor":2},{"not_picked":["Warcry","Carnage"],"picked":"Pommel Strike","floor":3},{"not_picked":["Ghostly Armor","Flex"],"picked":"Body Slam","floor":4},{"not_picked":["Second Wind","Flex"],"picked":"Pommel Strike","floor":6},{"not_picked":["Havoc","Sword Boomerang"],"picked":"Dropkick","floor":11},{"not_picked":["Shockwave","Sever Soul"],"picked":"Cleave","floor":13},{"not_picked":["Armaments","Thunderclap"],"picked":"Immolate","floor":14},{"not_picked":["Brutality","Immolate"],"picked":"Double Tap","floor":16},{"not_picked":["Shockwave","Bloodletting"],"picked":"Pummel","floor":18},{"not_picked":["Heavy Blade","Headbutt"],"picked":"Uppercut+1","floor":19},{"not_picked":["Ghostly Armor","Heavy Blade+1"],"picked":"Cleave+1","floor":20},{"not_picked":["Wild Strike","Flex"],"picked":"Spot Weakness+1","floor":21},{"not_picked":["Rage","Cleave"],"picked":"Armaments+1","floor":22},{"not_picked":["Second Wind","Rampage+1"],"picked":"Iron Wave","floor":24},{"not_picked":["Carnage","Fire Breathing"],"picked":"Reaper","floor":28},{"not_picked":["Dual Wield","Armaments"],"picked":"Fire Breathing","floor":31}],"player_experience":321162,"relics_obtained":[{"floor":6,"key":"Self Forming Clay"},{"floor":9,"key":"Pantograph"},{"floor":11,"key":"Kunai"},{"floor":26,"key":"Smiling Mask"},{"floor":28,"key":"Pen Nib"}],"event_choices":[{"event_name":"Bonfire Elementals","player_choice":"UNCOMMON","floor":5,"damage_taken":0},{"event_name":"Accursed Blacksmith","player_choice":"Forge","floor":8,"damage_taken":0},{"event_name":"Scrap Ooze","player_choice":"success","floor":12,"damage_taken":12},{"event_name":"Ghosts","player_choice":"Became a Ghost","floor":25,"damage_taken":0}],"is_beta":false,"boss_relics":[{"not_picked":["Black Star","Empty Cage"],"picked":"Black Blood"}],"items_purged_floors":[30],"is_endless":false,"potions_floor_spawned":[1,3,4,11,19,20,22,24],"killed_by":"Automaton","ascension_level":3}