{"gold_per_floor":[116,6,6,181,198,228,228,238,288,308,308,323,403,403],"floor_reached":14,"playtime":418,"items_purged":["Strike_B"],"score":173,"play_id":"6ebb54df-0ad8-4374-9804-c1d721a73054","local_time":"20190613174143","is_ascension_mode":true,"campfire_choices":[{"data":"Turbo","floor":7,"key":"SMITH"}],"neow_cost":"NONE","seed_source_timestamp":258624035412500,"circlet_count":0,"master_deck":["AscendersBane","Strike_B+1","Strike_B+1","Strike_B","Defend_B","Defend_B","Defend_B","Defend_B","Zap","Dualcast","Turbo+1","Heatsinks","Doubt","Cold Snap","Capacitor","Hello World","Conserve Battery"],"relics":["Cracked Core","NeowsBlessing","Oddly Smooth Stone","Blood Vial","Bottled Flame"],"potions_floor_usage":[],"damage_taken":[{"damage":0,"enemies":"Small Slimes","floor":1,"turns":1},{"damage":0,"enemies":"2 Louse","floor":5,"turns":1},{"damage":0,"enemies":"3 Sentries","floor":6,"turns":1},{"damage":14,"enemies":"Cultist","floor":8,"turns":4},{"damage":32,"enemies":"Large Slime","floor":10,"turns":9},{"damage":7,"enemies":"Looter","floor":12,"turns":3},{"damage":10,"enemies":"3 Louse","floor":14,"turns":2}],"seed_played":"-1132050736037011549","potions_obtained":[{"floor":1,"key":"SteroidPotion"},{"floor":8,"key":"Dexterity Potion"},{"floor":10,"key":"EntropicBrew"}],"is_trial":false,"path_per_floor":["M","$","?","?","M","E","R","M","T","M","?","M","T","M"],"character_chosen":"DEFECT","items_purchased":["Heatsinks"],"campfire_rested":0,"item_purchase_floors":[2],"current_hp_per_floor":[68,68,68,68,68,68,68,54,54,24,9,4,4,0],"gold":403,"neow_bonus":"THREE_ENEMY_KILL","is_prod":false,"is_daily":false,"chose_seed":false,"campfire_upgraded":1,"win_rate":0,"timestamp":1560440503,"path_taken":["M","$","?","?","M","E","R","M","T","M","?","M","?","M"],"build_version":"2019-01-23","purchased_purges":1,"victory":false,"max_hp_per_floor":[75,75,75,75,75,75,75,75,75,75,75,75,75,75],"card_choices":[{"not_picked":["Blizzard","Redo"],"picked":"Turbo","floor":1},{"not_picked":["Compile Driver","Leap"],"picked":"Cold Snap","floor":5},{"not_picked":["Go for the Eyes","Steam Power"],"picked":"Capacitor","floor":6},{"not_picked":["Core Surge","Go for the Eyes"],"picked":"Hello World","floor":8},{"not_picked":["Rebound","Cold Snap"],"picked":"Conserve Battery","floor":10},{"not_picked":["Cold Snap","Streamline","Beam Cell"],"picked":"SKIP","floor":12}],"player_experience":217982,"relics_obtained":[{"floor":6,"key":"Oddly Smooth Stone"},{"floor":9,"key":"Blood Vial"},{"floor":13,"key":"Bottled Flame"}],"event_choices":[{"damage_healed":0,"gold_gain":0,"player_choice":"Leave","damage_taken":0,"max_hp_gain":0,"max_hp_loss":0,"event_name":"The Cleric","floor":3,"gold_loss":0},{"damage_healed":0,"gold_gain":175,"player_choice":"AGREE","damage_taken":0,"max_hp_gain":0,"max_hp_loss":0,"event_name":"Liars Game","floor":4,"gold_loss":0,"cards_obtained":["Doubt"]},{"damage_healed":0,"gold_gain":0,"player_choice":"Entered Light","damage_taken":15,"max_hp_gain":0,"max_hp_loss":0,"event_name":"Shining Light","floor":11,"gold_loss":0,"cards_upgraded":["Strike_B","Strike_B"]}],"is_beta":false,"boss_relics":[],"items_purged_floors":[2],"is_endless":false,"potions_floor_spawned":[1,8,10],"killed_by":"3 Louse","ascension_level":10}