{"gold_per_floor":[109,109,109,124,2,2,29,29,29,29,40,40,53,72,72,167,167,187,187,199,199,215,215,235,235,235,145,176,176,206,220,220,317,367,382,394,409,409,54,85,85,85,133,160,177,177,188,188,188,188],"floor_reached":51,"playtime":3309,"items_purged":["Strike_B"],"score":1202,"play_id":"06a2d182-85a7-4ae2-aab5-6319f7171634","local_time":"20190604181647","is_ascension_mode":true,"campfire_choices":[{"data":"Dualcast","floor":6.0,"key":"SMITH"},{"data":"Beam Cell","floor":8.0,"key":"SMITH"},{"data":"Defend_B","floor":10.0,"key":"SMITH"},{"data":"Defend_B","floor":12.0,"key":"SMITH"},{"data":"Machine Learning","floor":15.0,"key":"SMITH"},{"data":"Biased Cognition","floor":23,"key":"SMITH"},{"floor":25,"key":"REST"},{"floor":32,"key":"REST"},{"data":"Capacitor","floor":42,"key":"SMITH"},{"floor":49,"key":"REST"}],"neow_cost":"NONE","seed_source_timestamp":0,"circlet_count":0,"master_deck":["AscendersBane","Strike_B+1","Strike_B+1","Strike_B+1","Defend_B+1","Defend_B+1","Defend_B+1","Defend_B+1","Zap+1","Dualcast+1","Undo","Machine Learning+1","Cold Snap","Beam Cell+1","Cold Snap","Chill","Biased Cognition+1","Reinforced Body","Defragment+1","Core Surge","Core Surge","Defragment+1","Ball Lightning","Capacitor+1","Barrage"],"special_seed":0,"relics":["Cracked Core","Turnip","Ginger","Velvet Choker","Bronze Scales","Emotion Chip","PreservedInsect","Tiny House","Strawberry","Chemical X","Dream Catcher","Juzu Bracelet","Cables","Pear"],"potions_floor_usage":[28,30,44,50,50],"damage_taken":[{"damage":1.0,"enemies":"Cultist","floor":1.0,"turns":3.0},{"damage":0.0,"enemies":"2 Louse","floor":4.0,"turns":4.0},{"damage":9.0,"enemies":"3 Sentries","floor":7.0,"turns":9.0},{"damage":10.0,"enemies":"Small Slimes","floor":11.0,"turns":2.0},{"damage":0.0,"enemies":"Gremlin Gang","floor":13.0,"turns":3.0},{"damage":0.0,"enemies":"3 Louse","floor":14.0,"turns":3.0},{"damage":22.0,"enemies":"Hexaghost","floor":16.0,"turns":15.0},{"damage":0,"enemies":"Chosen","floor":18,"turns":4},{"damage":10,"enemies":"3 Byrds","floor":20,"turns":5},{"damage":12,"enemies":"Cultist and Chosen","floor":22,"turns":6},{"damage":4,"enemies":"Snake Plant","floor":24,"turns":5},{"damage":18,"enemies":"Gremlin Leader","floor":28,"turns":8},{"damage":10,"enemies":"Book of Stabbing","floor":30,"turns":5},{"damage":10,"enemies":"Centurion and Healer","floor":31,"turns":6},{"damage":8,"enemies":"Champ","floor":33,"turns":12},{"damage":0,"enemies":"Orb Walker","floor":35,"turns":3},{"damage":14,"enemies":"3 Shapes","floor":36,"turns":6},{"damage":6,"enemies":"Spire Growth","floor":37,"turns":7},{"damage":0,"enemies":"Giant Head","floor":40,"turns":8},{"damage":13,"enemies":"Reptomancer","floor":44,"turns":7},{"damage":7,"enemies":"Sphere and 2 Shapes","floor":45,"turns":6},{"damage":4,"enemies":"Transient","floor":47,"turns":5},{"damage":18,"enemies":"Donu and Deca","floor":50,"turns":9}],"seed_played":"-554594355945212444","potions_obtained":[{"floor":4.0,"key":"Fire Potion"},{"floor":11.0,"key":"Fire Potion"},{"floor":13.0,"key":"Swift Potion"},{"floor":14.0,"key":"PowerPotion"},{"floor":20,"key":"GamblersBrew"},{"floor":24,"key":"Energy Potion"},{"floor":30,"key":"SteroidPotion"},{"floor":31,"key":"Strength Potion"},{"floor":34,"key":"GamblersBrew"},{"floor":45,"key":"EssenceOfSteel"}],"is_trial":false,"path_per_floor":["M","?","?","M","$","R","E","R","T","R","M","R","M","M","R","B",null,"M","?","M","?","M","R","M","R","T","$","E","?","E","M","R","B",null,"M","M","M","?","$","E","?","R","T","E","M","T","M","?","R","B",null],"character_chosen":"DEFECT","items_purchased":["Cold Snap","Defragment","Dexterity Potion","Strawberry","Chemical X"],"campfire_rested":3,"item_purchase_floors":[5,27,27,39,39],"current_hp_per_floor":[67,67,67,67,67,67,58,58,58,58,48,48,48,48,48,26,63,63,63,53,53,41,41,37,59,59,59,41,41,31,21,43,35,70,70,56,50,50,57,57,57,57,57,44,37,47,43,43,72,54],"gold":188,"neow_bonus":"UPGRADE_CARD","is_prod":false,"is_daily":false,"chose_seed":false,"campfire_upgraded":7,"win_rate":0,"timestamp":1559686607,"path_taken":["M","?","?","M","$","R","E","R","T","R","M","R","M","M","R","BOSS","M","?","?","?","M","R","M","R","T","$","E","?","E","M","R","BOSS","M","?","M","?","$","E","?","R","T","E","M","?","M","?","R","BOSS"],"build_version":"2019-01-23","purchased_purges":1,"victory":true,"max_hp_per_floor":[75,75,75,75,75,75,75,75,75,75,75,75,75,75,75,75,75,75,75,75,75,75,75,75,75,75,75,75,75,75,75,75,75,80,80,80,80,80,87,87,87,87,87,87,87,97,97,97,97,97],"card_choices":[{"not_picked":["Turbo","Redo"],"picked":"Undo","floor":1.0},{"not_picked":["Beam Cell","Reprogram"],"picked":"Machine Learning","floor":4.0},{"not_picked":["Genetic Algorithm","Static Discharge"],"picked":"Beam Cell","floor":7.0},{"not_picked":["Beam Cell","Steam Power"],"picked":"Cold Snap","floor":11.0},{"not_picked":["Recycle","Self Repair"],"picked":"Chill","floor":13.0},{"not_picked":["Chaos","Reprogram","Tempest"],"picked":"SKIP","floor":14.0},{"not_picked":["Multi-Cast","All For One"],"picked":"Biased Cognition","floor":16.0},{"not_picked":["Rebound+1","Coolheaded","Hello World"],"picked":"SKIP","floor":18},{"not_picked":["Coolheaded","Turbo","Storm"],"picked":"SKIP","floor":20},{"not_picked":["Cold Snap","Static Discharge"],"picked":"Conserve Battery","floor":22},{"not_picked":["Scrape","Rebound"],"picked":"Reinforced Body","floor":24},{"not_picked":["Gash","Rebound"],"picked":"Core Surge","floor":28},{"not_picked":["Auto Shields","Chaos"],"picked":"Defragment+1","floor":30},{"not_picked":["Double Energy","Static Discharge","Hello World"],"picked":"SKIP","floor":31},{"not_picked":["Static Discharge","Gash","Stack"],"picked":"SKIP","floor":35},{"not_picked":["Barrage","Gash","Genetic Algorithm"],"picked":"SKIP","floor":36},{"not_picked":["Rebound","Tempest"],"picked":"Ball Lightning","floor":37},{"not_picked":["Tempest","Chaos"],"picked":"Capacitor","floor":40},{"not_picked":["Melter","Rip and Tear"],"picked":"Barrage","floor":44},{"not_picked":["Undo","Rainbow","Sunder"],"picked":"SKIP","floor":45},{"not_picked":["Gash","Static Discharge","White Noise"],"picked":"SKIP","floor":47}],"player_experience":725609,"relics_obtained":[{"floor":7.0,"key":"Turnip"},{"floor":9.0,"key":"Ginger"},{"floor":26,"key":"Bronze Scales"},{"floor":28,"key":"Emotion Chip"},{"floor":30,"key":"PreservedInsect"},{"floor":40,"key":"Dream Catcher"},{"floor":43,"key":"Juzu Bracelet"},{"floor":44,"key":"Cables"},{"floor":46,"key":"Pear"}],"event_choices":[{"damage_healed":0.0,"max_hp_gain":0.0,"max_hp_loss":0.0,"gold_gain":0.0,"event_name":"Scrap Ooze","player_choice":"Fled","floor":2.0,"gold_loss":0.0,"damage_taken":0.0},{"damage_healed":0.0,"max_hp_gain":0.0,"max_hp_loss":0.0,"gold_gain":0.0,"event_name":"Shining Light","player_choice":"Ignored","floor":3.0,"gold_loss":0.0,"damage_taken":0.0},{"damage_healed":0,"gold_gain":0,"player_choice":"0 cards matched","damage_taken":0,"max_hp_gain":0,"max_hp_loss":0,"event_name":"Match and Keep!","floor":19,"gold_loss":0,"cards_obtained":[]},{"damage_healed":0,"gold_gain":0,"player_choice":"Simplicity","damage_taken":0,"max_hp_gain":0,"max_hp_loss":0,"event_name":"Back to Basics","floor":21,"gold_loss":0,"cards_upgraded":["Strike_B","Strike_B","Strike_B","Defend_B","Defend_B"]},{"damage_healed":0,"gold_gain":0,"player_choice":"Copied","damage_taken":0,"max_hp_gain":0,"max_hp_loss":0,"event_name":"Duplicator","floor":29,"gold_loss":0,"cards_obtained":["Core Surge"]},{"damage_healed":0,"gold_gain":0,"player_choice":"Ignored","damage_taken":0,"max_hp_gain":0,"max_hp_loss":0,"event_name":"Tomb of Lord Red Mask","floor":38,"gold_loss":0},{"cards_removed":["Conserve Battery"],"damage_healed":0,"gold_gain":0,"player_choice":"Removed Skill","damage_taken":0,"max_hp_gain":0,"max_hp_loss":0,"event_name":"Falling","floor":41,"gold_loss":0},{"damage_healed":0,"gold_gain":0,"player_choice":"Memory 1","damage_taken":0,"max_hp_gain":0,"max_hp_loss":0,"event_name":"SensoryStone","floor":48,"gold_loss":0}],"is_beta":false,"boss_relics":[{"not_picked":["Coffee Dripper","Runic Pyramid"],"picked":"Velvet Choker"},{"not_picked":["Nuclear Battery","Sozu"],"picked":"Tiny House"}],"items_purged_floors":[5],"is_endless":false,"potions_floor_spawned":[4,11,13,14,20,24,30,31,35,37,45,47],"ascension_level":12}