{"gold_per_floor":[115,115,130,55,55,84,99,131,131,142,142,159,159,171,171,245,245,260,78,78,89,104,104,104],"floor_reached":24,"playtime":1217,"items_purged":["Strike_R","Defend_R"],"score":396,"play_id":"f7c18c75-497f-434d-9364-613e49a4b3dd","local_time":"20181220143446","is_ascension_mode":true,"campfire_choices":[{"data":"Seeing Red","floor":11,"key":"SMITH"},{"data":"True Grit","floor":13,"key":"SMITH"},{"data":"Bash","floor":15,"key":"SMITH"},{"floor":23,"key":"REST"}],"neow_cost":"NONE","seed_source_timestamp":676898917635996,"circlet_count":0,"master_deck":["AscendersBane","Strike_R","Strike_R","Strike_R","Strike_R","Defend_R","Bash+1","Shrug It Off","Offering","Flash of Steel","Seeing Red+1","Inflame","True Grit+1","Shrug It Off","Shrug It Off","Bludgeon","True Grit","Forethought"],"relics":["Burning Blood","NeowsBlessing","Ancient Tea Set","Self Forming Clay","Pen Nib","Mark of Pain"],"potions_floor_usage":[16,16,21],"damage_taken":[{"damage":0,"enemies":"Cultist","floor":1,"turns":1},{"damage":0,"enemies":"Jaw Worm","floor":3,"turns":1},{"damage":0,"enemies":"3 Sentries","floor":6,"turns":2},{"damage":6,"enemies":"2 Louse","floor":7,"turns":2},{"damage":30,"enemies":"Gremlin Nob","floor":8,"turns":4},{"damage":10,"enemies":"2 Fungi Beasts","floor":10,"turns":3},{"damage":8,"enemies":"Red Slaver","floor":12,"turns":2},{"damage":0,"enemies":"Blue Slaver","floor":14,"turns":4},{"damage":33,"enemies":"Hexaghost","floor":16,"turns":11},{"damage":15,"enemies":"Shell Parasite","floor":18,"turns":6},{"damage":9,"enemies":"3 Byrds","floor":21,"turns":5},{"damage":30,"enemies":"Snake Plant","floor":22,"turns":4},{"damage":52,"enemies":"Gremlin Leader","floor":24,"turns":8}],"seed_played":"-2239679584581877160","potions_obtained":[{"floor":8,"key":"Block Potion"},{"floor":10,"key":"Poison Potion"},{"floor":12,"key":"Energy Potion"},{"floor":16,"key":"Explosive Potion"},{"floor":18,"key":"Dexterity Potion"}],"is_trial":false,"path_per_floor":["M","?","M","$","?","E","M","E","T","M","R","M","R","M","R","B",null,"M","$","?","M","M","R","E"],"character_chosen":"IRONCLAD","items_purchased":["Forethought"],"campfire_rested":1,"item_purchase_floors":[19],"current_hp_per_floor":[74,67,73,73,73,75,75,51,51,47,47,45,45,51,51,24,62,53,53,53,50,26,48,0],"gold":104,"neow_bonus":"THREE_ENEMY_KILL","is_prod":false,"is_daily":false,"chose_seed":false,"campfire_upgraded":3,"win_rate":0,"timestamp":1545287686,"path_taken":["M","?","M","$","?","E","M","E","T","?","R","?","R","M","R","BOSS","M","$","?","?","M","R","E"],"build_version":"2018-12-13","purchased_purges":2,"victory":false,"max_hp_per_floor":[75,75,75,75,75,75,75,75,75,75,75,75,75,75,75,75,75,75,75,75,75,75,75,75],"card_choices":[{"not_picked":["Sword Boomerang","Wild Strike","Shrug It Off"],"picked":"SKIP","floor":1},{"not_picked":["Sword Boomerang","Wild Strike"],"picked":"Shrug It Off","floor":1},{"not_picked":["Wild Strike","Perfected Strike","Heavy Blade"],"picked":"SKIP","floor":3},{"not_picked":["Infernal Blade","Clash"],"picked":"Seeing Red","floor":6},{"not_picked":["Warcry","Body Slam","Anger"],"picked":"SKIP","floor":7},{"not_picked":["Spot Weakness","Second Wind"],"picked":"Inflame","floor":8},{"not_picked":["Sentinel","Intimidate"],"picked":"True Grit","floor":10},{"not_picked":["Power Through","Dual Wield"],"picked":"Shrug It Off","floor":12},{"not_picked":["Warcry","Clothesline"],"picked":"Shrug It Off","floor":14},{"not_picked":["Reaper","Berserk"],"picked":"Bludgeon","floor":16},{"not_picked":["Flame Barrier","Sword Boomerang"],"picked":"True Grit","floor":18},{"not_picked":["Sever Soul","Havoc","Shrug It Off"],"picked":"SKIP","floor":21},{"not_picked":["Dual Wield","Armaments","Carnage"],"picked":"SKIP","floor":22}],"player_experience":597697,"relics_obtained":[{"floor":6,"key":"Ancient Tea Set"},{"floor":8,"key":"Self Forming Clay"},{"floor":9,"key":"Pen Nib"}],"event_choices":[{"cards_removed":["Defend_R"],"damage_healed":0,"gold_gain":0,"player_choice":"Card Removal","damage_taken":7,"max_hp_gain":0,"max_hp_loss":0,"event_name":"Golden Wing","floor":2,"gold_loss":0},{"damage_healed":0,"gold_gain":0,"player_choice":"2 cards matched","damage_taken":0,"max_hp_gain":0,"max_hp_loss":0,"event_name":"Match and Keep!","floor":5,"gold_loss":0,"cards_obtained":["Offering","Flash of Steel"]},{"cards_removed":["Defend_R"],"damage_healed":0,"gold_gain":0,"player_choice":"Purged","damage_taken":0,"max_hp_gain":0,"max_hp_loss":0,"event_name":"Purifier","floor":20,"gold_loss":0}],"is_beta":false,"boss_relics":[{"not_picked":["Runic Cube","Lizard Tail"],"picked":"Mark of Pain"}],"items_purged_floors":[4,19],"is_endless":false,"potions_floor_spawned":[8,10,12,16,18],"killed_by":"Gremlin Leader","ascension_level":14}