{"path_per_floor":["M","?","M","M","?","R","?","R","T","?","$","E","M","M","R","B",null,"M","?","M","?","M","R","M","M","T","$","R"],"character_chosen":"THE_SILENT","items_purchased":["Footwork","Backflip"],"gold_per_floor":[118,118,132,147,147,147,147,147,147,222,78,111,122,134,134,235,235,247,247,257,257,270,270,290,304,304,151,151],"floor_reached":29,"campfire_rested":2,"playtime":2051,"current_hp_per_floor":[61,61,61,61,61,61,66,66,66,55,55,46,46,46,46,34,75,68,54,42,34,15,39,29,6,6,6,30],"items_purged":["Strike_G","Strike_G"],"gold":151,"score":270,"play_id":"8d8770b0-37ef-44d8-9d60-e29daa0e3c2e","is_prod":false,"is_daily":false,"is_ascension_mode":true,"campfire_upgraded":3,"path_taken":["M","?","M","M","?","R","?","R","T","?","?","E","M","?","R","BOSS","M","?","?","?","M","R","?","M","T","$","R","E"],"build_version":"2018-02-15-PROD1","purchased_purges":2,"victory":false,"master_deck":["Defend_G","Defend_G","Defend_G","Defend_G","Defend_G","Strike_G","Strike_G","Strike_G","Survivor","Neutralize+1","Backflip+1","Footwork","Noxious Fumes+1","Envenom","Escape Plan","Backflip"],"max_hp_per_floor":[70,70,70,70,70,70,75,75,75,75,75,75,75,75,75,75,75,75,80,80,80,80,80,80,80,80,80,80],"relics":["Ring of the Snake","Darkstone Periapt","Peace Pipe","Runic Dome","Gambling Chip"],"card_choices":[{"not_picked":["Outmaneuver","Underhanded Strike"],"picked":"Backflip"},{"not_picked":["Infinite Blades","Expertise"],"picked":"Noxious Fumes"},{"not_picked":["A Thousand Cuts","Doppelganger"],"picked":"Envenom"},{"not_picked":["Blur","Outmaneuver"],"picked":"Escape Plan"}],"player_experience":148973,"potions_floor_usage":[12,12,16,18,22],"damage_taken":[{"damage":9,"enemies":"2 Louse","floor":1,"turns":3},{"damage":0,"enemies":"Cultist","floor":3,"turns":4},{"damage":0,"enemies":"Small Slimes","floor":4,"turns":4},{"damage":9,"enemies":"Lagavulin","floor":12,"turns":12},{"damage":0,"enemies":"Red Slaver","floor":13,"turns":6},{"damage":0,"enemies":"Blue Slaver","floor":14,"turns":5},{"damage":12,"enemies":"The Guardian","floor":16,"turns":14},{"damage":7,"enemies":"3 Byrds","floor":18,"turns":4},{"damage":12,"enemies":"Shell Parasite","floor":20,"turns":8},{"damage":19,"enemies":"Chosen and Byrds","floor":22,"turns":7},{"damage":10,"enemies":"Snake Plant","floor":24,"turns":8},{"damage":23,"enemies":"3 Cultists","floor":25,"turns":6},{"damage":42,"enemies":"Gremlin Leader","floor":29,"turns":9}],"event_choices":[{"event_name":"The Lab","player_choice":"Got Potions","floor":2,"damage_taken":0},{"event_name":"Accursed Blacksmith","player_choice":"Ignore","floor":5,"damage_taken":0},{"event_name":"Big Fish","player_choice":"Donut","floor":7,"damage_taken":0},{"event_name":"World of Goop","player_choice":"Gather Gold","floor":10,"damage_taken":0},{"event_name":"Forgotten Altar","player_choice":"Shed Blood","floor":19,"damage_taken":0},{"event_name":"Knowing Skull","player_choice":"","floor":21,"damage_taken":0}],"boss_relics":[{"not_picked":["Philosopher\u0027s Stone","Calling Bell"],"picked":"Runic Dome"}],"potions_floor_spawned":[3,12,13,16,25],"seed_played":"-8972414943397097749","killed_by":"Gremlin Leader","ascension_level":4,"is_trial":false}