{"gold_per_floor":[144,144,96,141,186,186,231,276,276,321,366,411,456,501,501,801,801,846,846,891,936,981,981,981],"floor_reached":24,"playtime":24588,"items_purged":[],"score":248,"play_id":"09497683-e1b3-4665-a7a3-cc3e83a641c5","local_time":"20180718034024","daily_mods":["Allstar","Midas","Night Terrors"],"is_ascension_mode":false,"campfire_choices":[{"floor":6,"key":"REST"},{"floor":15,"key":"REST"},{"floor":23,"key":"DIG"}],"neow_cost":"","seed_source_timestamp":155851936066914,"circlet_count":0,"master_deck":["Defend_G","Defend_G","Defend_G","Defend_G","Defend_G","Strike_G","Strike_G","Strike_G","Strike_G","Strike_G","Survivor","Neutralize","Secret Technique","Secret Technique","Panacea","Sadistic Nature","Panache","Acrobatics","Dagger Throw","Flying Knee","Slice","Finisher","Dodge and Roll","Deadly Poison","Noxious Fumes","Slice","Caltrops","Doppelganger","Clumsy","Regret","Parasite","Prepared","Ghostly","Ghostly","Ghostly","Ghostly","Ghostly","Underhanded Strike+1","Backstab","Escape Plan+1"],"special_seed":17729,"relics":["Ring of the Snake","Mercury Hourglass","Calling Bell","Shovel","Question Card","Bronze Scales"],"potions_floor_usage":[22,24],"damage_taken":[{"damage":0,"enemies":"Jaw Worm","floor":1,"turns":6},{"damage":5,"enemies":"2 Louse","floor":4,"turns":3},{"damage":1,"enemies":"Cultist","floor":5,"turns":4},{"damage":3,"enemies":"Gremlin Gang","floor":7,"turns":5},{"damage":0,"enemies":"Blue Slaver","floor":8,"turns":3},{"damage":5,"enemies":"Large Slime","floor":10,"turns":5},{"damage":0,"enemies":"3 Louse","floor":11,"turns":2},{"damage":3,"enemies":"Lots of Slimes","floor":12,"turns":2},{"damage":0,"enemies":"Looter","floor":13,"turns":3},{"damage":0,"enemies":"Gremlin Gang","floor":14,"turns":1},{"damage":46,"enemies":"The Guardian","floor":16,"turns":8},{"damage":0,"enemies":"Chosen","floor":18,"turns":3},{"damage":5,"enemies":"Spheric Guardian","floor":20,"turns":5},{"damage":19,"enemies":"Snecko","floor":21,"turns":5},{"damage":2,"enemies":"Chosen and Byrds","floor":22,"turns":4},{"damage":15,"enemies":"Centurion and Healer","floor":24,"turns":7}],"seed_played":"-6709258171721631228","potions_obtained":[{"floor":8,"key":"SpeedPotion"},{"floor":10,"key":"AttackPotion"},{"floor":11,"key":"SkillPotion"},{"floor":12,"key":"Explosive Potion"},{"floor":20,"key":"Explosive Potion"}],"is_trial":false,"path_per_floor":["M","?","?","M","M","R","M","M","T","M","M","M","M","M","R","B",null,"M","?","M","M","M","R"],"character_chosen":"THE_SILENT","items_purchased":[],"campfire_rested":2,"item_purchase_floors":[],"current_hp_per_floor":[70,75,75,70,69,70,67,67,67,62,62,59,59,59,65,19,65,65,32,27,8,6,6,0],"gold":981,"neow_bonus":"","is_prod":false,"is_daily":true,"chose_seed":false,"campfire_upgraded":0,"win_rate":0.0,"timestamp":1531856424,"path_taken":["M","?","?","M","M","R","?","M","T","M","M","?","M","M","R","BOSS","M","?","?","M","M","R","M"],"build_version":"2018-07-12","purchased_purges":0,"victory":false,"max_hp_per_floor":[70,75,75,75,75,70,70,70,70,70,70,70,70,70,65,65,65,65,32,32,32,32,32,32],"card_choices":[{"not_picked":["Dash","Prepared"],"picked":"Acrobatics","floor":1},{"not_picked":["Sucker Punch","Bane"],"picked":"Dagger Throw","floor":4},{"not_picked":["Reflex","Malaise"],"picked":"Flying Knee","floor":5},{"not_picked":["Riddle With Holes","Prepared"],"picked":"Slice","floor":7},{"not_picked":["PiercingWail","Dagger Spray"],"picked":"Finisher","floor":8},{"not_picked":["Blade Dance","Sucker Punch"],"picked":"Dodge and Roll","floor":10},{"not_picked":["Storm of Steel","Deflect"],"picked":"Deadly Poison","floor":11},{"not_picked":["Acrobatics","Endless Agony"],"picked":"Noxious Fumes","floor":12},{"not_picked":["Noxious Fumes","Outmaneuver"],"picked":"Slice","floor":13},{"not_picked":["Endless Agony","Bane"],"picked":"Caltrops","floor":14},{"not_picked":["Tactician","Unload"],"picked":"Doppelganger","floor":16},{"not_picked":["Expertise","Masterful Stab","Acrobatics"],"picked":"Prepared","floor":18},{"not_picked":["Infinite Blades","Malaise","Skewer"],"picked":"Underhanded Strike+1","floor":20},{"not_picked":["Prepared","Setup","Distraction"],"picked":"Backstab","floor":21},{"not_picked":["Flechettes","Backflip","Flying Knee+1"],"picked":"Escape Plan+1","floor":22}],"player_experience":10786,"relics_obtained":[{"floor":9,"key":"Mercury Hourglass"},{"floor":17,"key":"Shovel"},{"floor":17,"key":"Question Card"},{"floor":17,"key":"Bronze Scales"}],"event_choices":[{"event_name":"Big Fish","player_choice":"Donut","floor":2,"damage_taken":0},{"event_name":"World of Goop","player_choice":"Left","floor":3,"damage_taken":0},{"event_name":"Ghosts","player_choice":"Became a Ghost","floor":19,"damage_taken":0}],"boss_relics":[{"not_picked":["Eternal Feather","Orrery"],"picked":"Calling Bell"}],"items_purged_floors":[],"is_endless":false,"potions_floor_spawned":[8,10,11,12,20],"killed_by":"Centurion and Healer","ascension_level":0}