{"gold_per_floor":[218,267,287,19,37,37,67,81,81,93,93,118,138,164,164,269,269,241,255,255,271,271],"floor_reached":22,"playtime":1414,"items_purged":["Strike_R"],"score":239,"play_id":"eea48315-7e2c-4c37-9942-cde912c45aff","local_time":"20180802210246","is_ascension_mode":true,"campfire_choices":[{"data":"Infernal Blade","floor":6,"key":"SMITH"},{"data":"Armaments","floor":11,"key":"SMITH"},{"data":"Barricade","floor":15,"key":"SMITH"}],"neow_cost":"NONE","seed_source_timestamp":20302358221112,"circlet_count":0,"master_deck":["Strike_R+1","Strike_R+1","Strike_R+1","Strike_R+1","Defend_R+1","Defend_R+1","Defend_R+1","Defend_R+1","Bash","Infernal Blade+1","Clash","Barricade+1","Armaments+1","Flame Barrier","Body Slam","Intimidate","Exhume","Thunderclap","Iron Wave","Impervious"],"relics":["Burning Blood","Regal Pillow","OrangePellets","Ginger","Kunai","Smiling Mask","Matryoshka","Black Star"],"potions_floor_usage":[10,12,14,16,22],"damage_taken":[{"damage":9,"enemies":"Cultist","floor":1,"turns":5},{"damage":7,"enemies":"Jaw Worm","floor":3,"turns":3},{"damage":0,"enemies":"2 Louse","floor":5,"turns":2},{"damage":25,"enemies":"Gremlin Nob","floor":7,"turns":4},{"damage":13,"enemies":"Lots of Slimes","floor":8,"turns":5},{"damage":1,"enemies":"Looter","floor":10,"turns":2},{"damage":30,"enemies":"3 Sentries","floor":12,"turns":11},{"damage":0,"enemies":"Red Slaver","floor":13,"turns":3},{"damage":8,"enemies":"Gremlin Nob","floor":14,"turns":3},{"damage":19,"enemies":"Hexaghost","floor":16,"turns":10},{"damage":32,"enemies":"2 Thieves","floor":18,"turns":5},{"damage":0,"enemies":"3 Byrds","floor":19,"turns":2},{"damage":39,"enemies":"Snecko","floor":21,"turns":6},{"damage":47,"enemies":"Sentry and Sphere","floor":22,"turns":5}],"seed_played":"1717091756302538208","potions_obtained":[{"floor":1,"key":"Energy Potion"},{"floor":5,"key":"Poison Potion"},{"floor":7,"key":"PowerPotion"},{"floor":8,"key":"Weak Potion"},{"floor":14,"key":"Strength Potion"},{"floor":21,"key":"Regen Potion"}],"is_trial":false,"path_per_floor":["M","T","M","$","M","R","E","M","T","M","R","E","M","E","R","B",null,"M","M","?","M"],"character_chosen":"IRONCLAD","items_purchased":["OrangePellets"],"campfire_rested":0,"item_purchase_floors":[4],"current_hp_per_floor":[77,77,76,76,80,80,61,54,54,59,59,39,45,43,43,30,84,58,64,64,31,0],"gold":271,"neow_bonus":"HUNDRED_GOLD","is_prod":false,"is_daily":false,"chose_seed":false,"campfire_upgraded":3,"win_rate":0,"timestamp":1533214966,"path_taken":["M","?","M","$","M","R","E","M","T","M","R","E","?","E","R","BOSS","M","M","?","M","?"],"build_version":"2018-07-26","purchased_purges":1,"victory":false,"max_hp_per_floor":[80,80,80,80,80,80,80,80,80,80,80,84,84,84,84,84,84,84,84,84,84,84],"card_choices":[{"not_picked":["Dropkick","Corruption"],"picked":"Infernal Blade","floor":1},{"not_picked":["Headbutt","Disarm","Clothesline"],"picked":"SKIP","floor":3},{"not_picked":["Pommel Strike","True Grit"],"picked":"Clash","floor":5},{"not_picked":["Sever Soul","Rupture"],"picked":"Barricade","floor":7},{"not_picked":["Heavy Blade","Headbutt"],"picked":"Armaments","floor":8},{"not_picked":["Warcry","Flex"],"picked":"Flame Barrier","floor":10},{"not_picked":["Warcry","Thunderclap"],"picked":"Body Slam","floor":12},{"not_picked":["Anger","Wild Strike","Carnage"],"picked":"SKIP","floor":13},{"not_picked":["Double Tap","Fiend Fire"],"picked":"Intimidate","floor":14},{"not_picked":["Limit Break","Brutality"],"picked":"Exhume","floor":16},{"not_picked":["Feel No Pain","Perfected Strike"],"picked":"Thunderclap","floor":18},{"not_picked":["Wild Strike","Warcry"],"picked":"Iron Wave","floor":19},{"not_picked":["Sever Soul","Twin Strike"],"picked":"Impervious","floor":21}],"player_experience":305428,"relics_obtained":[{"floor":2,"key":"Regal Pillow"},{"floor":7,"key":"Ginger"},{"floor":9,"key":"Kunai"},{"floor":12,"key":"Smiling Mask"},{"floor":14,"key":"Matryoshka"}],"event_choices":[{"event_name":"Back to Basics","player_choice":"Simplicity","floor":20,"damage_taken":0}],"is_beta":false,"boss_relics":[{"not_picked":["Runic Cube","Busted Crown"],"picked":"Black Star"}],"items_purged_floors":[4],"is_endless":false,"potions_floor_spawned":[1,5,7,8,14,21],"killed_by":"Sentry and Sphere","ascension_level":3}