{"gold_per_floor":[110,35,49,49,68,68,96,109,132,32,43,55,55,55,55,179,179,197,322,106,21,21,21,60,84,134,149,168,168,18,18,18,18],"floor_reached":33,"playtime":1721,"items_purged":["Strike_R","Strike_R","Strike_R","Bludgeon"],"score":424,"play_id":"8445444c-0287-4750-b2c5-d8157887c7dc","local_time":"20181217131505","is_ascension_mode":true,"campfire_choices":[{"data":"Whirlwind","floor":6.0,"key":"SMITH"},{"data":"Demon Form","floor":15.0,"key":"SMITH"},{"floor":23.0,"key":"REST"},{"data":"Double Tap","floor":29,"key":"SMITH"},{"data":"Clothesline","floor":32,"key":"SMITH"}],"neow_cost":"NONE","seed_source_timestamp":0,"circlet_count":0,"master_deck":["AscendersBane","Strike_R","Strike_R","Defend_R+1","Defend_R+1","Defend_R","Defend_R","Bash","Clothesline+1","Headbutt","Whirlwind+1","Carnage+1","Demon Form+1","Forethought+1","True Grit+1","Double Tap+1"],"special_seed":0,"relics":["Burning Blood","NeowsBlessing","War Paint","Bag of Marbles","Golden Idol","Kunai","Velvet Choker","Charon\u0027s Ashes","Singing Bowl","Happy Flower","Meat on the Bone","Orichalcum"],"potions_floor_usage":[33],"damage_taken":[{"damage":0.0,"enemies":"Cultist","floor":1.0,"turns":1.0},{"damage":0.0,"enemies":"Small Slimes","floor":3.0,"turns":1.0},{"damage":0.0,"enemies":"Jaw Worm","floor":5.0,"turns":1.0},{"damage":48.0,"enemies":"Lagavulin","floor":7.0,"turns":8.0},{"damage":3.0,"enemies":"Looter","floor":8.0,"turns":3.0},{"damage":10.0,"enemies":"Large Slime","floor":11.0,"turns":4.0},{"damage":0.0,"enemies":"2 Fungi Beasts","floor":12.0,"turns":2.0},{"damage":24.0,"enemies":"Slime Boss","floor":16.0,"turns":7.0},{"damage":24.0,"enemies":"Shell Parasite","floor":18.0,"turns":6.0},{"damage":13.0,"enemies":"Colosseum Slavers","floor":19.0,"turns":2.0},{"damage":28.0,"enemies":"Colosseum Nobs","floor":19.0,"turns":4.0},{"damage":25.0,"enemies":"Gremlin Leader","floor":24.0,"turns":4.0},{"damage":15,"enemies":"Spheric Guardian","floor":25,"turns":4},{"damage":7,"enemies":"Snecko","floor":27,"turns":3},{"damage":23,"enemies":"Sentry and Sphere","floor":28,"turns":5},{"damage":60,"enemies":"Collector","floor":33,"turns":7}],"seed_played":"-1101227362635975880","potions_obtained":[{"floor":1.0,"key":"SteroidPotion"},{"floor":8.0,"key":"SteroidPotion"},{"floor":11.0,"key":"Explosive Potion"},{"floor":12.0,"key":"Fruit Juice"},{"floor":16.0,"key":"SneckoOil"},{"floor":24,"key":"Poison Potion"},{"floor":25,"key":"SkillPotion"}],"is_trial":false,"path_per_floor":["M","$","M","$","M","R","E","M","T","$","M","M","?","T","R","B",null,"M","?","$","?","?","R","E","E","M","T","M","M","R","$","?","R","B"],"character_chosen":"IRONCLAD","items_purchased":["Forethought"],"campfire_rested":1,"item_purchase_floors":[20],"current_hp_per_floor":[78,78,80,80,80,80,38,41,41,41,37,48,48,48,48,30,67,49,22,22,22,22,46,27,32,32,45,40,40,40,40,40,0],"gold":18,"neow_bonus":"THREE_ENEMY_KILL","is_prod":false,"is_daily":false,"chose_seed":false,"campfire_upgraded":4,"win_rate":0,"timestamp":1545023705,"path_taken":["M","$","M","$","?","R","E","M","T","$","M","?","?","?","R","BOSS","M","?","$","?","?","R","E","?","T","M","M","R","$","?","R","BOSS"],"build_version":"2018-12-13","purchased_purges":4,"victory":false,"max_hp_per_floor":[80,80,80,80,80,80,80,80,80,80,80,85,79,79,79,79,79,79,81,81,81,81,81,81,83,83,85,85,85,85,85,85,85],"card_choices":[{"not_picked":["Spot Weakness","Iron Wave"],"picked":"Clothesline","floor":1.0},{"not_picked":["Thunderclap","Reckless Charge"],"picked":"Headbutt","floor":3.0},{"not_picked":["Seeing Red","Anger"],"picked":"Whirlwind","floor":5.0},{"not_picked":["Shrug It Off","Feel No Pain","Flex"],"picked":"SKIP","floor":7.0},{"not_picked":["Warcry","Headbutt"],"picked":"Carnage","floor":8.0},{"not_picked":["Dual Wield","Combust","Heavy Blade"],"picked":"SKIP","floor":11.0},{"not_picked":["Sword Boomerang","Reckless Charge"],"picked":"Demon Form","floor":12.0},{"not_picked":["Barricade","Exhume"],"picked":"Bludgeon","floor":16.0},{"not_picked":["Heavy Blade","Thunderclap","Corruption"],"picked":"SKIP","floor":18.0},{"not_picked":["Heavy Blade","Anger","Flex"],"picked":"Singing Bowl","floor":19.0},{"not_picked":["Corruption","Flex"],"picked":"True Grit+1","floor":24},{"not_picked":["Anger","Flex","True Grit"],"picked":"Singing Bowl","floor":25},{"not_picked":["Cleave","Rage","Shockwave"],"picked":"Singing Bowl","floor":27},{"not_picked":["Iron Wave","Shrug It Off"],"picked":"Double Tap","floor":28}],"player_experience":582132,"relics_obtained":[{"floor":7.0,"key":"War Paint"},{"floor":9.0,"key":"Bag of Marbles"},{"floor":14.0,"key":"Kunai"},{"floor":19.0,"key":"Charon\u0027s Ashes"},{"floor":19.0,"key":"Singing Bowl"},{"floor":24,"key":"Meat on the Bone"},{"floor":26,"key":"Orichalcum"}],"event_choices":[{"damage_healed":0.0,"max_hp_gain":0.0,"max_hp_loss":6.0,"gold_gain":0.0,"event_name":"Golden Idol","player_choice":"Lose Max HP","floor":13.0,"gold_loss":0.0,"damage_taken":0.0,"relics_obtained":["Golden Idol"]},{"damage_healed":0.0,"max_hp_gain":0.0,"max_hp_loss":0.0,"gold_gain":0.0,"event_name":"Colosseum","player_choice":"Fight","floor":19.0,"gold_loss":0.0,"damage_taken":0.0},{"damage_healed":0.0,"max_hp_gain":0.0,"max_hp_loss":0.0,"gold_gain":0.0,"event_name":"Colosseum","player_choice":"Fought Nobs","floor":19.0,"gold_loss":0.0,"damage_taken":0.0},{"damage_healed":0.0,"max_hp_gain":0.0,"max_hp_loss":0.0,"gold_gain":0.0,"event_name":"Addict","player_choice":"Obtained Relic","floor":21.0,"gold_loss":85.0,"damage_taken":0.0,"relics_obtained":["Happy Flower"]},{"damage_healed":0.0,"max_hp_gain":0.0,"max_hp_loss":0.0,"gold_gain":0.0,"event_name":"Upgrade Shrine","player_choice":"Upgraded","floor":22.0,"gold_loss":0.0,"damage_taken":0.0,"cards_upgraded":["Forethought"]},{"damage_healed":0,"gold_gain":0,"player_choice":"Forge","damage_taken":0,"max_hp_gain":0,"max_hp_loss":0,"event_name":"Accursed Blacksmith","floor":31,"gold_loss":0,"cards_upgraded":["Carnage"]}],"is_beta":false,"boss_relics":[{"not_picked":["Runic Dome","Lizard Tail"],"picked":"Velvet Choker"}],"items_purged_floors":[2,10,20,30],"is_endless":false,"potions_floor_spawned":[1,8,11,12,16,24,25],"killed_by":"Collector","ascension_level":12}