{"gold_per_floor":[119,130,130,130,149,182,182,182],"floor_reached":8,"playtime":358,"items_purged":[],"score":87,"play_id":"14f2dd8b-55f1-4150-8f82-5630c17e6737","local_time":"20181208231835","is_ascension_mode":true,"campfire_choices":[{"data":"Body Slam","floor":7,"key":"SMITH"}],"neow_cost":"NONE","seed_source_timestamp":487461210522271,"circlet_count":0,"master_deck":["AscendersBane","Strike_R","Strike_R","Strike_R","Strike_R","Defend_R","Defend_R","Defend_R","Defend_R","Bash","Body Slam+1"],"relics":["Burning Blood","NeowsBlessing","Ornamental Fan"],"potions_floor_usage":[6,8],"damage_taken":[{"damage":0,"enemies":"Jaw Worm","floor":1,"turns":1},{"damage":0,"enemies":"Small Slimes","floor":2,"turns":1},{"damage":0,"enemies":"2 Louse","floor":5,"turns":2},{"damage":70,"enemies":"3 Sentries","floor":6,"turns":14},{"damage":36,"enemies":"The Mushroom Lair","floor":8,"turns":4}],"seed_played":"-8158118364080418443","potions_obtained":[{"floor":5,"key":"Weak Potion"},{"floor":6,"key":"Block Potion"}],"is_trial":false,"path_per_floor":["M","M","?","?","M","E","R","?"],"character_chosen":"IRONCLAD","items_purchased":[],"campfire_rested":0,"item_purchase_floors":[],"current_hp_per_floor":[78,80,80,85,85,21,21,0],"gold":182,"neow_bonus":"THREE_ENEMY_KILL","is_prod":false,"is_daily":false,"chose_seed":false,"campfire_upgraded":1,"win_rate":0,"timestamp":1544282315,"path_taken":["M","M","?","?","M","E","R","?"],"build_version":"2018-12-06","purchased_purges":0,"victory":false,"max_hp_per_floor":[80,80,80,85,85,85,85,85],"card_choices":[{"not_picked":["Anger","Dual Wield"],"picked":"Body Slam","floor":1},{"not_picked":["Flex","Armaments","Clothesline"],"picked":"SKIP","floor":2},{"not_picked":["Evolve","Havoc","Armaments"],"picked":"SKIP","floor":5},{"not_picked":["Havoc","Sword Boomerang","Spot Weakness"],"picked":"SKIP","floor":6}],"player_experience":509752,"relics_obtained":[{"floor":6,"key":"Ornamental Fan"}],"event_choices":[{"cards_removed":["Strike_R"],"damage_healed":0,"gold_gain":0,"player_choice":"Forget","damage_taken":0,"max_hp_gain":0,"max_hp_loss":0,"event_name":"Living Wall","floor":3,"gold_loss":0},{"damage_healed":0,"gold_gain":0,"player_choice":"Donut","damage_taken":0,"max_hp_gain":5,"max_hp_loss":0,"event_name":"Big Fish","floor":4,"gold_loss":0},{"damage_healed":0,"gold_gain":0,"player_choice":"Fought Mushrooms","damage_taken":0,"max_hp_gain":0,"max_hp_loss":0,"event_name":"Mushrooms","floor":8,"gold_loss":0}],"is_beta":false,"boss_relics":[],"items_purged_floors":[],"is_endless":false,"potions_floor_spawned":[5,6],"killed_by":"The Mushroom Lair","ascension_level":11}