{"gold_per_floor":[114,6,0,17,17,17,17,17,40,40,56,76,76,111,111,209,209,225,240,140,160,160,160,194,204,231,231,259,271,326,359,359,359],"floor_reached":33,"playtime":1953,"items_purged":["Strike_B","Strike_B"],"score":441,"play_id":"3ad4df50-0e04-4268-82dc-d26a3b2daaf6","local_time":"20180726121648","is_ascension_mode":true,"campfire_choices":[{"data":"Sweeping Beam","floor":6,"key":"SMITH"},{"data":"Dualcast","floor":8,"key":"SMITH"},{"data":"Self Repair","floor":10,"key":"SMITH"},{"data":"Beam Cell","floor":13,"key":"SMITH"},{"data":"Machine Learning","floor":15,"key":"SMITH"},{"data":"Conserve Battery","floor":23,"key":"SMITH"},{"data":"BootSequence","floor":27,"key":"SMITH"},{"data":"Echo Form","floor":32,"key":"SMITH"}],"neow_cost":"NONE","seed_source_timestamp":396996962095426,"circlet_count":0,"master_deck":["Strike_B","Defend_B","Defend_B","Defend_B","Defend_B+1","Zap+1","Dualcast+1","Sunder+1","Self Repair+1","Sweeping Beam+1","Beam Cell+1","BootSequence+1","Machine Learning+1","Echo Form+1","Conserve Battery+1","Heatsinks+1","FTL","Beam Cell+1"],"relics":["Cracked Core","War Paint","Strawberry","Bottled Lightning","Lizard Tail","Meat on the Bone","Lantern","Turnip","Tiny Chest","Red Mask"],"potions_floor_usage":[19,30,30,33,33],"damage_taken":[{"damage":0,"enemies":"Small Slimes","floor":1,"turns":3},{"damage":7,"enemies":"Jaw Worm","floor":4,"turns":3},{"damage":0,"enemies":"Cultist","floor":11,"turns":2},{"damage":0,"enemies":"Large Slime","floor":12,"turns":4},{"damage":5,"enemies":"3 Sentries","floor":14,"turns":5},{"damage":0,"enemies":"Slime Boss","floor":16,"turns":6},{"damage":13,"enemies":"2 Thieves","floor":18,"turns":4},{"damage":21,"enemies":"Shell Parasite","floor":19,"turns":6},{"damage":18,"enemies":"3 Cultists","floor":21,"turns":6},{"damage":59,"enemies":"Slavers","floor":24,"turns":5},{"damage":14,"enemies":"Snake Plant","floor":25,"turns":4},{"damage":11,"enemies":"Gremlin Leader","floor":28,"turns":7},{"damage":28,"enemies":"Snecko","floor":29,"turns":5},{"damage":62,"enemies":"Slavers","floor":30,"turns":7},{"damage":34,"floor":31,"turns":4},{"damage":55,"enemies":"Automaton","floor":33,"turns":6}],"seed_played":"4875635637529540445","potions_obtained":[{"floor":4,"key":"Block Potion"},{"floor":14,"key":"FearPotion"},{"floor":16,"key":"Swift Potion"},{"floor":21,"key":"Dexterity Potion"},{"floor":30,"key":"Swift Potion"},{"floor":31,"key":"SkillPotion"}],"is_trial":false,"path_per_floor":["M","$","?","M","?","R","$","R","T","R","M","M","R","E","R","B",null,"M","M","$","M","?","R","E","M","T","R","E","M","E","?","R"],"character_chosen":"DEFECT","items_purchased":["Self Repair"],"campfire_rested":0,"item_purchase_floors":[2],"current_hp_per_floor":[75,75,75,75,75,75,75,75,82,82,82,82,82,82,82,82,82,82,81,81,82,82,82,43,41,41,41,52,46,63,51,51,0],"gold":359,"neow_bonus":"RANDOM_COMMON_RELIC","is_prod":false,"is_daily":false,"chose_seed":false,"campfire_upgraded":8,"win_rate":0,"timestamp":1532578608,"path_taken":["M","$","?","M","?","R","?","R","T","R","M","M","R","E","R","BOSS","M","M","$","M","?","R","E","M","T","R","E","M","E","?","R","BOSS"],"build_version":"2018-07-19v2","purchased_purges":2,"victory":false,"max_hp_per_floor":[75,75,75,75,75,75,75,75,82,82,82,82,82,82,82,82,82,82,82,82,82,82,82,82,82,82,82,82,82,82,82,82,82],"card_choices":[{"not_picked":["Beam Cell","Turbo"],"picked":"Sunder","floor":1},{"not_picked":["Reprogram","Cold Snap"],"picked":"Sweeping Beam","floor":4},{"not_picked":["Static Discharge","Hologram"],"picked":"Beam Cell","floor":11},{"not_picked":["Sweeping Beam","Steam"],"picked":"BootSequence","floor":12},{"not_picked":["Redo","Rebound"],"picked":"Machine Learning","floor":14},{"not_picked":["All For One","Machine Learning"],"picked":"Echo Form","floor":16},{"not_picked":["Skim","Barrage+1"],"picked":"Conserve Battery","floor":18},{"not_picked":["Beam Cell","Go for the Eyes"],"picked":"Heatsinks+1","floor":19},{"not_picked":["Force Field","Barrage","Skim"],"picked":"SKIP","floor":21},{"not_picked":["Doom and Gloom","Steam Power","Stack"],"picked":"SKIP","floor":24},{"not_picked":["Hologram+1","Melter","Capacitor"],"picked":"SKIP","floor":25},{"not_picked":["Darkness","Redo","Steam"],"picked":"SKIP","floor":28},{"not_picked":["Ball Lightning","Barrage"],"picked":"FTL","floor":29},{"not_picked":["Scrape","BootSequence","Lockon"],"picked":"SKIP","floor":30},{"not_picked":["Meteor Strike","Leap"],"picked":"Beam Cell+1","floor":31}],"player_experience":248029,"relics_obtained":[{"floor":9,"key":"Strawberry"},{"floor":14,"key":"Bottled Lightning"},{"floor":24,"key":"Meat on the Bone"},{"floor":26,"key":"Lantern"},{"floor":28,"key":"Turnip"},{"floor":30,"key":"Tiny Chest"},{"floor":31,"key":"Red Mask"}],"event_choices":[{"event_name":"World of Goop","player_choice":"Left","floor":3,"damage_taken":0},{"event_name":"Upgrade Shrine","player_choice":"Upgraded","floor":5,"damage_taken":0},{"event_name":"Purifier","player_choice":"One Purge","floor":22,"damage_taken":0},{"event_name":"Masked Bandits","player_choice":"Fought over 326 gold","floor":31,"damage_taken":0}],"is_beta":false,"boss_relics":[{"not_picked":["Astrolabe","Runic Dome"],"picked":"Lizard Tail"}],"items_purged_floors":[2,20],"is_endless":false,"potions_floor_spawned":[4,14,16,21,25,29,30,31],"killed_by":"Automaton","ascension_level":5}