{"gold_per_floor":[114,127,52,63,81,110,121,150,150,150,163,221,221,238,238,238],"floor_reached":16,"playtime":835,"items_purged":["Pain"],"score":166,"play_id":"5cdd9d3a-e10a-4479-bb64-b2b7e63c336b","local_time":"20181215134621","is_ascension_mode":true,"campfire_choices":[{"data":"Double Tap","floor":13,"key":"SMITH"},{"data":"Flame Barrier","floor":15,"key":"SMITH"}],"neow_cost":"CURSE","seed_source_timestamp":242376170215730,"circlet_count":0,"master_deck":["AscendersBane","Strike_R","Strike_R","Strike_R","Defend_R","Defend_R","Defend_R","Defend_R","Bash","Second Wind","Rampage","Pommel Strike","Infernal Blade","Shrug It Off","Dropkick","Double Tap+1","Flame Barrier+1"],"relics":["Burning Blood","Orichalcum","Odd Mushroom","Anchor","Blood Vial"],"potions_floor_usage":[8,12,12],"damage_taken":[{"damage":9,"enemies":"Cultist","floor":1,"turns":3},{"damage":3,"enemies":"Jaw Worm","floor":2,"turns":3},{"damage":5,"enemies":"Small Slimes","floor":4,"turns":4},{"damage":6,"enemies":"2 Fungi Beasts","floor":5,"turns":3},{"damage":60,"enemies":"Gremlin Nob","floor":6,"turns":6},{"damage":0,"enemies":"Exordium Thugs","floor":7,"turns":3},{"damage":12,"enemies":"The Mushroom Lair","floor":8,"turns":4},{"damage":0,"enemies":"Blue Slaver","floor":11,"turns":2},{"damage":2,"enemies":"3 Sentries","floor":12,"turns":5},{"damage":6,"enemies":"Large Slime","floor":14,"turns":6},{"damage":60,"enemies":"The Guardian","floor":16,"turns":11}],"seed_played":"2767254658918174932","potions_obtained":[{"floor":4,"key":"Strength Potion"},{"floor":5,"key":"Swift Potion"},{"floor":6,"key":"PowerPotion"},{"floor":7,"key":"Fire Potion"},{"floor":11,"key":"SpeedPotion"}],"is_trial":false,"path_per_floor":["M","M","$","M","M","E","M","?","T","?","M","?","R","M","R","B"],"character_chosen":"IRONCLAD","items_purchased":[],"campfire_rested":0,"item_purchase_floors":[],"current_hp_per_floor":[69,72,72,73,73,19,25,19,19,45,51,55,55,57,57,0],"gold":238,"neow_bonus":"TRANSFORM_TWO_CARDS","is_prod":false,"is_daily":false,"chose_seed":false,"campfire_upgraded":2,"win_rate":0,"timestamp":1544852781,"path_taken":["M","M","$","M","?","E","M","?","T","?","M","?","R","M","R","BOSS"],"build_version":"2018-12-13","purchased_purges":1,"victory":false,"max_hp_per_floor":[80,80,80,80,80,80,80,80,80,80,80,80,80,80,80,80],"card_choices":[{"not_picked":["Perfected Strike","Reckless Charge"],"picked":"Pommel Strike","floor":1},{"not_picked":["Flex","Fire Breathing","Burning Pact"],"picked":"SKIP","floor":2},{"not_picked":["Wild Strike","Flex"],"picked":"Infernal Blade","floor":4},{"not_picked":["Havoc","Entrench"],"picked":"Shrug It Off","floor":5},{"not_picked":["Body Slam","Rupture","Pommel Strike"],"picked":"SKIP","floor":6},{"not_picked":["Whirlwind","Armaments"],"picked":"Dropkick","floor":7},{"not_picked":["Shrug It Off","Clothesline"],"picked":"Double Tap","floor":8},{"not_picked":["Power Through","Clothesline","Anger"],"picked":"SKIP","floor":11},{"not_picked":["Sword Boomerang","Cleave"],"picked":"Flame Barrier","floor":12},{"not_picked":["Clothesline","Entrench","Feel No Pain"],"picked":"SKIP","floor":14}],"player_experience":572627,"relics_obtained":[{"floor":6,"key":"Orichalcum"},{"floor":8,"key":"Odd Mushroom"},{"floor":9,"key":"Anchor"},{"floor":12,"key":"Blood Vial"}],"event_choices":[{"damage_healed":0,"gold_gain":0,"player_choice":"Fought Mushrooms","damage_taken":0,"max_hp_gain":0,"max_hp_loss":0,"event_name":"Mushrooms","floor":8,"gold_loss":0},{"damage_healed":26,"gold_gain":0,"player_choice":"Banana","damage_taken":0,"max_hp_gain":0,"max_hp_loss":0,"event_name":"Big Fish","floor":10,"gold_loss":0},{"damage_healed":0,"gold_gain":30,"player_choice":"Searched \u00272\u0027 times","damage_taken":0,"max_hp_gain":0,"max_hp_loss":0,"event_name":"Dead Adventurer","floor":12,"gold_loss":0}],"is_beta":false,"boss_relics":[],"items_purged_floors":[3],"is_endless":false,"potions_floor_spawned":[4,5,6,7,11],"killed_by":"The Guardian","ascension_level":12}