{"gold_per_floor":[117,132,149,149,74,74,109,109,133,153,171,171,71,133,145,262,274,303,46,46,46,46,46,56,56,83,100,120,120],"floor_reached":29,"playtime":1152,"items_purged":["Strike_G","Strike_G","Strike_G"],"score":256,"play_id":"62f4b74a-11c7-4bbe-96dd-622e003e0343","local_time":"20180810211619","is_ascension_mode":true,"campfire_choices":[{"data":"Dagger Spray","floor":6,"key":"SMITH"},{"data":"Dagger Spray","floor":8,"key":"SMITH"},{"data":"Dagger Spray","floor":12,"key":"SMITH"},{"floor":15,"key":"REST"},{"data":"RitualDagger","floor":23,"key":"SMITH"},{"data":"Phantasmal Killer","floor":25,"key":"SMITH"}],"neow_cost":"","seed_source_timestamp":394439605028606,"circlet_count":0,"master_deck":["Defend_G","Defend_G","Defend_G","Defend_G","Defend_G","Strike_G","Strike_G","Survivor","Neutralize","Dagger Spray+1","Dagger Spray+1","Infinite Blades","Dagger Spray+1","Slice","Deadly Poison","Deflect","Phantasmal Killer+1","Adrenaline","Backstab","RitualDagger+1","Setup+1","Poisoned Stab+1","Blur"],"relics":["Ring of the Snake","Regal Pillow","Dream Catcher","MawBank","Velvet Choker","Anchor","Centennial Puzzle","Vajra"],"potions_floor_usage":[14,16,29],"damage_taken":[{"damage":8,"enemies":"Small Slimes","floor":1,"turns":4},{"damage":1,"enemies":"Cultist","floor":2,"turns":3},{"damage":0,"enemies":"2 Louse","floor":3,"turns":2},{"damage":40,"enemies":"Lagavulin","floor":7,"turns":7},{"damage":9,"enemies":"Blue Slaver","floor":10,"turns":3},{"damage":0,"enemies":"2 Fungi Beasts","floor":11,"turns":1},{"damage":3,"enemies":"Gremlin Nob","floor":14,"turns":4},{"damage":29,"enemies":"Hexaghost","floor":16,"turns":9},{"damage":2,"enemies":"3 Byrds","floor":18,"turns":3},{"damage":0,"enemies":"Spheric Guardian","floor":24,"turns":1},{"damage":39,"enemies":"Centurion and Healer","floor":27,"turns":6},{"damage":22,"enemies":"Snecko","floor":28,"turns":4},{"damage":3,"enemies":"Slavers","floor":29,"turns":2}],"seed_played":"-4595205536912447951","potions_obtained":[{"floor":2,"key":"SpeedPotion"},{"floor":3,"key":"SpeedPotion"},{"floor":11,"key":"GhostInAJar"},{"floor":14,"key":"AttackPotion"},{"floor":28,"key":"Block Potion"}],"is_trial":false,"path_per_floor":["M","M","M","?","$","R","E","R","T","M","M","R","$","?","R","B",null,"M","$","?","T","?","R","M","R","T","M","M"],"character_chosen":"THE_SILENT","items_purchased":["Anchor"],"campfire_rested":1,"item_purchase_floors":[19],"current_hp_per_floor":[62,61,61,61,61,61,21,21,21,12,12,12,12,9,45,16,70,68,68,68,68,62,62,62,62,62,23,1,0],"gold":120,"neow_bonus":"","is_prod":false,"is_daily":false,"chose_seed":false,"campfire_upgraded":5,"win_rate":0,"timestamp":1533906979,"path_taken":["M","M","M","?","$","R","E","R","T","M","M","R","$","?","R","BOSS","M","$","?","?","?","R","?","R","T","M","M","E"],"build_version":"2018-08-09","purchased_purges":3,"victory":false,"max_hp_per_floor":[70,70,70,70,70,70,70,70,70,70,70,70,70,70,70,70,70,70,70,70,70,70,70,70,70,70,70,70,70],"card_choices":[{"not_picked":["Eviscerate","Calculated Gamble"],"picked":"Dagger Spray","floor":1},{"not_picked":["All Out Attack","Setup"],"picked":"Dagger Spray","floor":2},{"not_picked":["Distraction","Dodge and Roll"],"picked":"Infinite Blades","floor":3},{"not_picked":["Underhanded Strike","Outmaneuver"],"picked":"Dagger Spray","floor":7},{"not_picked":["Heel Hook","Deflect"],"picked":"Slice","floor":10},{"not_picked":["Poisoned Stab","Bane"],"picked":"Deadly Poison","floor":11},{"not_picked":["Cloak And Dagger","Dodge and Roll"],"picked":"Deflect","floor":14},{"not_picked":["Riddle With Holes","Deadly Poison"],"picked":"Phantasmal Killer","floor":15},{"not_picked":["Grand Finale","Night Terror"],"picked":"Adrenaline","floor":16},{"not_picked":["Deflect+1","Cloak And Dagger+1"],"picked":"Backstab","floor":18},{"not_picked":["Predator","Deflect+1"],"picked":"Setup+1","floor":24},{"not_picked":["Eviscerate","Bouncing Flask+1"],"picked":"Poisoned Stab+1","floor":27},{"not_picked":["Blade Dance+1","Backflip"],"picked":"Blur","floor":28}],"player_experience":347206,"relics_obtained":[{"floor":7,"key":"Regal Pillow"},{"floor":9,"key":"Dream Catcher"},{"floor":14,"key":"MawBank"},{"floor":21,"key":"Centennial Puzzle"},{"floor":26,"key":"Vajra"}],"event_choices":[{"event_name":"Liars Game","player_choice":"disagreed","floor":4,"damage_taken":0},{"event_name":"Dead Adventurer","player_choice":"Searched \u00272\u0027 times","floor":14,"damage_taken":0},{"event_name":"Addict","player_choice":"Ignored","floor":20,"damage_taken":0},{"event_name":"Nest","player_choice":"Joined the Cult","floor":22,"damage_taken":0}],"is_beta":false,"boss_relics":[{"not_picked":["Snecko Eye","Coffee Dripper"],"picked":"Velvet Choker"}],"items_purged_floors":[5,13,19],"is_endless":false,"potions_floor_spawned":[2,3,11,14,28],"killed_by":"Slavers","ascension_level":3}