{"gold_per_floor":[218,218,218,242,114,135,135,35,58,58,81,121,159,174,174,293,293,316,337,437,460,133,133,133,133,133,172,172,197,197,197,197,326,326,346,346,362,13,13,44,59,103,126,149,172,211,211,235,235,235,235,235,63,101,101],"floor_reached":55,"playtime":5201,"items_purged":["Strike_B","Strike_B","Strike_B","Strike_B"],"score":850,"play_id":"9b1ad599-49c8-4b80-a7f1-10444afd2876","local_time":"20190524165518","is_ascension_mode":false,"campfire_choices":[{"data":"Sweeping Beam","floor":7,"key":"SMITH"},{"data":"Conserve Battery","floor":10,"key":"SMITH"},{"data":"Blizzard","floor":15,"key":"SMITH"},{"data":"Barrage","floor":23,"key":"SMITH"},{"data":"Capacitor","floor":28,"key":"SMITH"},{"data":"Turbo","floor":30,"key":"SMITH"},{"data":"Seek","floor":32,"key":"SMITH"},{"floor":47,"key":"RECALL"},{"data":"Glacier","floor":49,"key":"SMITH"},{"data":"Glacier","floor":52,"key":"SMITH"}],"neow_cost":"NONE","seed_source_timestamp":514355262647976,"circlet_count":0,"master_deck":["Defend_B","Defend_B+1","Defend_B","Defend_B","Zap","Dualcast+1","Glacier+1","Turbo+1","Sweeping Beam+1","Conserve Battery+1","Barrage+1","Capacitor+1","Blizzard+1","Seek+1","Self Repair+1","Consume+1","Cold Snap+1","Redo+1","Loop+1","Madness","Madness","Glacier","Glacier+1","Double Energy","Panache","Blizzard+1"],"relics":["Cracked Core","Golden Idol","Bronze Scales","Odd Mushroom","Runic Pyramid","ClockworkSouvenir","Letter Opener","Cables","Philosopher\u0027s Stone","DollysMirror","Prayer Wheel","Whetstone","Blood Vial","Incense Burner","Art of War"],"potions_floor_usage":[16,33,45,55,55],"damage_taken":[{"damage":5,"enemies":"Small Slimes","floor":1,"turns":4},{"damage":0,"enemies":"Jaw Worm","floor":4,"turns":4},{"damage":0,"enemies":"2 Louse","floor":6,"turns":2},{"damage":0,"enemies":"Blue Slaver","floor":11,"turns":5},{"damage":5,"enemies":"3 Sentries","floor":12,"turns":7},{"damage":3,"enemies":"The Mushroom Lair","floor":13,"turns":4},{"damage":1,"enemies":"Lots of Slimes","floor":14,"turns":3},{"damage":35,"enemies":"Slime Boss","floor":16,"turns":12},{"damage":0,"enemies":"Chosen","floor":18,"turns":5},{"damage":10,"enemies":"3 Byrds","floor":19,"turns":3},{"damage":19,"enemies":"3 Cultists","floor":21,"turns":6},{"damage":8,"enemies":"Book of Stabbing","floor":27,"turns":5},{"damage":6,"enemies":"Centurion and Healer","floor":29,"turns":5},{"damage":0,"enemies":"Champ","floor":33,"turns":11},{"damage":0,"enemies":"Orb Walker","floor":35,"turns":4},{"damage":1,"enemies":"3 Shapes","floor":37,"turns":6},{"damage":7,"enemies":"Nemesis","floor":40,"turns":11},{"damage":1,"enemies":"Jaw Worm Horde","floor":41,"turns":4},{"damage":27,"enemies":"Reptomancer","floor":42,"turns":8},{"damage":2,"enemies":"4 Shapes","floor":44,"turns":4},{"damage":11,"enemies":"Transient","floor":45,"turns":5},{"damage":0,"enemies":"Nemesis","floor":46,"turns":7},{"damage":2,"enemies":"Jaw Worm Horde","floor":48,"turns":4},{"damage":11,"enemies":"Awakened One","floor":50,"turns":19},{"damage":30,"enemies":"Shield and Spear","floor":54,"turns":7},{"damage":52,"enemies":"The Heart","floor":55,"turns":5}],"seed_played":"8465082358087742866","potions_obtained":[{"floor":1,"key":"SteroidPotion"},{"floor":6,"key":"FearPotion"},{"floor":11,"key":"Dexterity Potion"},{"floor":16,"key":"Energy Potion"},{"floor":29,"key":"AttackPotion"},{"floor":37,"key":"Explosive Potion"},{"floor":41,"key":"Regen Potion"},{"floor":45,"key":"LiquidBronze"}],"is_trial":false,"path_per_floor":["M","?","?","M","$","M","R","$","T","R","M","E","?","M","R","B",null,"M","M","?","M","$","R","?","$","T","E","R","M","R","?","R","B",null,"M","?","M","$","?","E","M","E","T","M","M","E","R","M","R","B",null,"R","$","E","B"],"character_chosen":"DEFECT","items_purchased":["Sweeping Beam","ClockworkSouvenir","DollysMirror","Panache"],"campfire_rested":0,"item_purchase_floors":[5,22,38,53],"current_hp_per_floor":[70,55,55,55,55,55,55,55,55,55,55,50,47,46,46,11,69,69,69,69,60,60,60,60,60,60,62,62,66,66,66,66,69,69,69,60,69,69,69,69,69,52,52,62,69,69,69,69,69,68,69,69,69,49,0],"gold":101,"neow_bonus":"HUNDRED_GOLD","is_prod":false,"is_daily":false,"chose_seed":false,"campfire_upgraded":9,"win_rate":0,"timestamp":1558731318,"path_taken":["M","?","?","M","$","M","R","?","T","R","M","E","?","M","R","BOSS","M","M","?","?","$","R","?","?","T","E","R","M","R","?","R","BOSS","M","?","M","$","?","E","?","E","T","M","M","E","R","M","R","BOSS","R","$","E","BOSS"],"build_version":"2019-01-23","purchased_purges":4,"victory":false,"max_hp_per_floor":[75,75,69,69,69,69,69,69,69,69,69,69,69,69,69,69,69,69,69,69,69,69,69,69,69,69,69,69,69,69,69,69,69,69,69,69,69,69,69,69,69,69,69,69,69,69,69,69,69,69,69,69,69,69,69],"card_choices":[{"not_picked":["Rip and Tear","Static Discharge"],"picked":"Glacier","floor":1},{"not_picked":["Steam","Heatsinks"],"picked":"Turbo","floor":4},{"not_picked":["Redo","Coolheaded"],"picked":"Conserve Battery","floor":6},{"not_picked":["Fusion","Multi-Cast"],"picked":"Barrage","floor":11},{"not_picked":["Lockon","Skim"],"picked":"Capacitor","floor":12},{"not_picked":["Sweeping Beam","Turbo"],"picked":"Blizzard","floor":14},{"not_picked":["Meteor Strike","Creative AI"],"picked":"Seek","floor":16},{"not_picked":["Streamline","Loop"],"picked":"Self Repair+1","floor":18},{"not_picked":["Conserve Battery","Hologram"],"picked":"Consume+1","floor":19},{"not_picked":["Go for the Eyes","Gash"],"picked":"Cold Snap","floor":21},{"not_picked":["Coolheaded","Hyperbeam","Sweeping Beam+1"],"picked":"SKIP","floor":27},{"not_picked":["Compile Driver","Hologram+1"],"picked":"Redo+1","floor":29},{"not_picked":["Gash","Steam"],"picked":"Loop+1","floor":35},{"not_picked":["Go for the Eyes+1","Static Discharge+1","Lockon"],"picked":"SKIP","floor":37},{"not_picked":["Ball Lightning+1","Genetic Algorithm"],"picked":"Glacier","floor":40},{"not_picked":["Undo","Scrape+1","Chill"],"picked":"SKIP","floor":41},{"not_picked":["Turbo","Redo+1","Loop"],"picked":"SKIP","floor":41},{"not_picked":["Auto Shields","Go for the Eyes+1","Scrape"],"picked":"SKIP","floor":42},{"not_picked":["Hologram+1","Cold Snap","Chaos"],"picked":"SKIP","floor":44},{"not_picked":["Sweeping Beam+1","Fusion","Barrage+1"],"picked":"SKIP","floor":44},{"not_picked":["Coolheaded","White Noise+1"],"picked":"Double Energy","floor":45},{"not_picked":["Reboot","Steam","Rip and Tear"],"picked":"SKIP","floor":45},{"not_picked":["Cold Snap+1","Leap+1","Genetic Algorithm"],"picked":"SKIP","floor":46},{"not_picked":["Rebound","Coolheaded+1","Double Energy"],"picked":"SKIP","floor":48},{"not_picked":["Steam+1","Barrage+1","Turbo+1"],"picked":"SKIP","floor":48},{"not_picked":["Go for the Eyes","Skim+1"],"picked":"Blizzard+1","floor":54}],"player_experience":610630,"relics_obtained":[{"floor":12,"key":"Bronze Scales"},{"floor":13,"key":"Odd Mushroom"},{"floor":26,"key":"Letter Opener"},{"floor":27,"key":"Cables"},{"floor":40,"key":"Prayer Wheel"},{"floor":42,"key":"Whetstone"},{"floor":43,"key":"Blood Vial"},{"floor":46,"key":"Incense Burner"},{"floor":54,"key":"Art of War"}],"event_choices":[{"damage_healed":0,"gold_gain":0,"player_choice":"Entered Light","damage_taken":15,"max_hp_gain":0,"max_hp_loss":0,"event_name":"Shining Light","floor":2,"gold_loss":0,"cards_upgraded":["Defend_B","Dualcast"]},{"damage_healed":0,"gold_gain":0,"player_choice":"Lose Max HP","damage_taken":0,"relics_obtained":["Golden Idol"],"max_hp_gain":0,"max_hp_loss":6,"event_name":"Golden Idol","floor":3,"gold_loss":0},{"damage_healed":0,"gold_gain":0,"player_choice":"Fought Mushrooms","damage_taken":0,"max_hp_gain":0,"max_hp_loss":0,"event_name":"Mushrooms","floor":13,"gold_loss":0},{"damage_healed":0,"gold_gain":100,"player_choice":"Pray","damage_taken":0,"max_hp_gain":0,"max_hp_loss":0,"event_name":"Golden Shrine","floor":20,"gold_loss":0},{"damage_healed":0,"gold_gain":0,"player_choice":"Ignored","damage_taken":0,"max_hp_gain":0,"max_hp_loss":0,"event_name":"Ghosts","floor":24,"gold_loss":0},{"damage_healed":0,"gold_gain":0,"player_choice":"Ignored","damage_taken":0,"max_hp_gain":0,"max_hp_loss":0,"event_name":"Vampires","floor":31,"gold_loss":0},{"damage_healed":0,"gold_gain":0,"player_choice":"Embrace Madness","damage_taken":9,"max_hp_gain":0,"max_hp_loss":0,"event_name":"Winding Halls","floor":36,"gold_loss":0,"cards_obtained":["Madness","Madness"]},{"damage_healed":0,"gold_gain":0,"player_choice":"Ignored","damage_taken":0,"max_hp_gain":0,"max_hp_loss":0,"event_name":"NoteForYourself","floor":39,"gold_loss":0}],"is_beta":false,"boss_relics":[{"not_picked":["Empty Cage","Snecko Eye"],"picked":"Runic Pyramid"},{"not_picked":["Orrery","Astrolabe"],"picked":"Philosopher\u0027s Stone"}],"items_purged_floors":[5,8,22,38],"is_endless":false,"potions_floor_spawned":[1,6,11,16,19,27,29,37,41,42,45,48],"killed_by":"The Heart","ascension_level":0}