{"path_per_floor":["M","?","M","M","M","R","E","R","T","$","?","M","E","$","R","B",null,"M","$","?","$","?","R","?","M","T","?","R","E","?","E","R","B",null,"M","?","$","?","M","R","?","R","T","?","T","M","R","M","R","B"],"character_chosen":"DEFECT","items_purchased":["Strength Potion","Defragment","Capacitor","Leap","Barrage","Ball Lightning","Regen Potion"],"gold_per_floor":[113,113,130,149,163,163,194,194,194,68,68,85,116,44,44,143,143,157,30,30,7,7,7,7,23,23,23,23,48,48,73,73,172,172,189,189,37,37,51,51,51,51,51,51,51,61,61,81,81,81],"floor_reached":51,"campfire_rested":3,"playtime":2376,"current_hp_per_floor":[60,60,59,57,50,50,35,35,35,35,60,60,47,47,47,23,62,49,49,49,49,35,59,43,43,43,43,67,67,40,21,33,35,39,31,31,31,31,32,32,32,32,32,40,40,40,40,39,39,40],"items_purged":["Strike_B","Streamline"],"gold":81,"score":1168,"play_id":"1a4c87b3-7ca9-4f1a-b619-27f6bd4abf29","local_time":"20180430204538","is_prod":false,"is_daily":false,"chose_seed":false,"is_ascension_mode":true,"campfire_upgraded":7,"timestamp":1525139138,"path_taken":["M","?","M","M","M","R","E","R","T","?","?","?","E","$","R","BOSS","M","$","?","?","?","R","?","?","T","?","R","E","?","E","R","BOSS","M","?","$","?","M","R","?","R","T","?","?","M","R","M","R","BOSS"],"build_version":"2018-04-27v3","seed_source_timestamp":0,"purchased_purges":2,"victory":true,"master_deck":["Zap+1","Dualcast","AscendersBane","Glacier+1","Ball Lightning+1","Beam Cell","Cold Snap+1","Barrage+1","Defragment+1","Capacitor+1","Leap+1","Barrage+1","Ball Lightning+1","Leap+1","Recycle+1","Ghostly","Ghostly","Ghostly","Ghostly","Ghostly","White Noise","Reboot","Ball Lightning+1","Stack+1","Chill","Go for the Eyes+1","Sweeping Beam+1","Hello World+1","Defragment+1","Writhe"],"max_hp_per_floor":[75,75,75,75,75,75,75,75,75,75,75,75,75,75,75,75,75,75,75,75,75,80,80,80,80,80,80,80,80,40,40,40,40,40,40,40,40,40,40,40,40,40,40,40,40,40,40,40,40,40],"relics":["Cracked Core","Molten Egg 2","Centennial Puzzle","Mummified Hand","Cursed Key","Nilry\u0027s Codex","Blood Vial","Ancient Tea Set","Pandora\u0027s Box"],"card_choices":[{"not_picked":["Auto Shields","Go for the Eyes"],"picked":"Glacier","floor":1.0},{"not_picked":["Hello World","Skim"],"picked":"Ball Lightning","floor":3.0},{"not_picked":["Chaos","Blaster"],"picked":"Beam Cell","floor":5.0},{"not_picked":["Biased Cognition","Coolheaded"],"picked":"Cold Snap","floor":7.0},{"not_picked":["Buffer","Capacitor"],"picked":"Barrage","floor":12.0},{"not_picked":["Streamline","Capacitor"],"picked":"Leap","floor":25.0},{"not_picked":["Undo","Flux Capacitor"],"picked":"Recycle","floor":29.0},{"not_picked":["Go for the Eyes","Leap"],"picked":"White Noise","floor":31.0},{"not_picked":["Multi-Cast","Hyperbeam"],"picked":"Reboot","floor":33},{"not_picked":["Undo","Scrape"],"picked":"Hello World","floor":35}],"player_experience":126098,"potions_floor_usage":[33,50,50],"damage_taken":[{"damage":8.0,"enemies":"Jaw Worm","floor":1.0,"turns":4.0},{"damage":1.0,"enemies":"Cultist","floor":3.0,"turns":3.0},{"damage":2.0,"enemies":"2 Louse","floor":4.0,"turns":2.0},{"damage":7.0,"enemies":"Looter","floor":5.0,"turns":3.0},{"damage":27.0,"enemies":"Gremlin Nob","floor":7.0,"turns":4.0},{"damage":0.0,"enemies":"2 Fungi Beasts","floor":12.0,"turns":3.0},{"damage":19.0,"enemies":"Lagavulin","floor":13.0,"turns":5.0},{"damage":24.0,"enemies":"The Guardian","floor":16.0,"turns":11.0},{"damage":13.0,"enemies":"2 Thieves","floor":18.0,"turns":3.0},{"damage":0.0,"enemies":"Spheric Guardian","floor":25.0,"turns":3.0},{"damage":0.0,"enemies":"Gremlin Leader","floor":29.0,"turns":6.0},{"damage":19.0,"enemies":"Book of Stabbing","floor":31.0,"turns":6.0},{"damage":0,"enemies":"Automaton","floor":33,"turns":10},{"damage":9,"enemies":"Orb Walker","floor":35,"turns":3},{"damage":1,"enemies":"3 Darklings","floor":39,"turns":4},{"damage":3,"enemies":"Maw","floor":46,"turns":7},{"damage":1,"enemies":"Sphere and 2 Shapes","floor":48,"turns":5},{"damage":13,"enemies":"Awakened One","floor":50,"turns":12}],"event_choices":[{"event_name":"The Lab","player_choice":"Got Potions","floor":2.0,"damage_taken":0.0},{"event_name":"Big Fish","player_choice":"Banana","floor":11.0,"damage_taken":0.0},{"event_name":"Vampires","player_choice":"Ignored","floor":20.0,"damage_taken":0.0},{"event_name":"Forgotten Altar","player_choice":"Shed Blood","floor":22.0,"damage_taken":0.0},{"event_name":"Cursed Tome","player_choice":"Obtained Book","floor":24.0,"damage_taken":0.0},{"event_name":"Match and Keep!","player_choice":"0 cards matched","floor":27.0,"damage_taken":0.0},{"event_name":"Ghosts","player_choice":"Became a Ghost","floor":30.0,"damage_taken":0.0},{"event_name":"Tomb of Lord Red Mask","player_choice":"Ignored","floor":36,"damage_taken":0},{"event_name":"Duplicator","player_choice":"One dupe","floor":41,"damage_taken":0},{"event_name":"Winding Halls","player_choice":"Writhe","floor":44,"damage_taken":0}],"boss_relics":[{"not_picked":["Black Star","Tiny House"],"picked":"Pandora\u0027s Box"}],"potions_floor_spawned":[1,5,16,29,33,39],"seed_played":"4336625807850667840","ascension_level":10,"is_trial":false}