{"gold_per_floor":[111,4,4,0,16,51,51,51,51,61,61,78,78,92,92,92],"floor_reached":16,"playtime":470,"items_purged":[],"score":238,"play_id":"f88c64a1-6c7b-48bc-b857-2854c296f514","local_time":"20190608225513","is_ascension_mode":true,"campfire_choices":[{"data":"Footwork","floor":7,"key":"SMITH"},{"data":"Accuracy","floor":13,"key":"SMITH"},{"data":"Crippling Poison","floor":15,"key":"SMITH"}],"neow_cost":"NONE","seed_source_timestamp":607024062063168,"circlet_count":0,"master_deck":["AscendersBane","Defend_G","Defend_G","Defend_G","Defend_G","Defend_G","Strike_G","Strike_G","Strike_G","Strike_G","Strike_G","Survivor","Neutralize","Accuracy+1","Footwork+1","Dagger Spray","Calculated Gamble","Crippling Poison+1","Cloak And Dagger"],"relics":["Ring of the Snake","NeowsBlessing","Darkstone Periapt","Dead Branch","Ninja Scroll"],"potions_floor_usage":[],"damage_taken":[{"damage":0,"enemies":"2 Louse","floor":1,"turns":1},{"damage":0,"enemies":"Small Slimes","floor":5,"turns":1},{"damage":0,"enemies":"Gremlin Nob","floor":6,"turns":1},{"damage":1,"enemies":"Jaw Worm","floor":10,"turns":5},{"damage":1,"enemies":"Exordium Thugs","floor":12,"turns":4},{"damage":0,"enemies":"3 Louse","floor":14,"turns":2},{"damage":39,"enemies":"The Guardian","floor":16,"turns":9}],"seed_played":"-5170792150972595103","potions_obtained":[{"floor":1,"key":"SpeedPotion"},{"floor":5,"key":"Swift Potion"}],"is_trial":false,"path_per_floor":["M","$","?","?","M","E","R","?","T","M","?","M","R","M","R","B"],"character_chosen":"THE_SILENT","items_purchased":["Footwork","Dagger Spray"],"campfire_rested":0,"item_purchase_floors":[2,2],"current_hp_per_floor":[59,59,59,59,59,59,59,41,41,40,40,39,39,39,39,0],"gold":92,"neow_bonus":"THREE_ENEMY_KILL","is_prod":false,"is_daily":false,"chose_seed":false,"campfire_upgraded":3,"win_rate":0,"timestamp":1560005713,"path_taken":["M","$","?","?","M","E","R","?","T","M","?","M","R","M","R","BOSS"],"build_version":"2019-01-23","purchased_purges":0,"victory":false,"max_hp_per_floor":[66,66,66,66,66,66,66,66,66,66,66,66,66,66,66,66],"card_choices":[{"not_picked":["Distraction","Underhanded Strike"],"picked":"Accuracy","floor":1},{"not_picked":["Acrobatics","Bane"],"picked":"Calculated Gamble","floor":5},{"not_picked":["Poisoned Stab","Underhanded Strike"],"picked":"Crippling Poison","floor":6},{"not_picked":["Outmaneuver","Flying Knee"],"picked":"Cloak And Dagger","floor":10},{"not_picked":["Flying Knee","Quick Slash","Dagger Spray"],"picked":"SKIP","floor":12},{"not_picked":["Eviscerate","Dagger Throw","Caltrops"],"picked":"SKIP","floor":14}],"player_experience":653484,"relics_obtained":[{"floor":6,"key":"Darkstone Periapt"},{"floor":9,"key":"Ninja Scroll"}],"event_choices":[{"damage_healed":0,"gold_gain":0,"player_choice":"Ignored","damage_taken":0,"max_hp_gain":0,"max_hp_loss":0,"event_name":"Liars Game","floor":3,"gold_loss":0},{"damage_healed":0,"gold_gain":0,"player_choice":"Left Gold","damage_taken":0,"max_hp_gain":0,"max_hp_loss":0,"event_name":"World of Goop","floor":4,"gold_loss":4},{"damage_healed":0,"gold_gain":0,"player_choice":"Success","damage_taken":18,"relics_obtained":["Dead Branch"],"max_hp_gain":0,"max_hp_loss":0,"event_name":"Scrap Ooze","floor":8,"gold_loss":0},{"damage_healed":0,"gold_gain":0,"player_choice":"Ignored","damage_taken":0,"max_hp_gain":0,"max_hp_loss":0,"event_name":"Golden Idol","floor":11,"gold_loss":0}],"is_beta":false,"boss_relics":[],"items_purged_floors":[],"is_endless":false,"potions_floor_spawned":[1,5,6],"killed_by":"The Guardian","ascension_level":18}