{"gold_per_floor":[115,65,65,79,254,288,313,357,357,393,408,444,444],"floor_reached":13,"playtime":475,"items_purged":[],"score":179,"play_id":"1f27a860-330f-4cff-bfc4-d688f4db25eb","local_time":"20190614145250","is_ascension_mode":true,"campfire_choices":[],"neow_cost":"NONE","seed_source_timestamp":25591510036094,"circlet_count":0,"master_deck":["Defend_G","Defend_G","Defend_G","Defend_G","Defend_G","Strike_G","Strike_G","Strike_G","Strike_G","Survivor","Neutralize","Quick Slash","Injury","Flying Knee","Doubt","Cloak And Dagger+1","Dash","Calculated Gamble+1","Dodge and Roll+1"],"relics":["Ring of the Snake","NeowsBlessing","Golden Idol","Toxic Egg 2","Pantograph","Shuriken","Mummified Hand","Snake Skull"],"potions_floor_usage":[8,12,12],"damage_taken":[{"damage":0,"enemies":"Jaw Worm","floor":1,"turns":1},{"damage":0,"enemies":"Small Slimes","floor":4,"turns":1},{"damage":0,"enemies":"3 Sentries","floor":6,"turns":1},{"damage":0,"enemies":"2 Louse","floor":7,"turns":2},{"damage":18,"enemies":"Gremlin Nob","floor":8,"turns":4},{"damage":25,"enemies":"3 Sentries","floor":10,"turns":7},{"damage":1,"enemies":"Exordium Wildlife","floor":11,"turns":5},{"damage":15,"enemies":"Gremlin Nob","floor":12,"turns":5},{"damage":4,"enemies":"3 Louse","floor":13,"turns":2}],"seed_played":"-5587884016650729136","potions_obtained":[{"floor":1,"key":"Strength Potion"},{"floor":4,"key":"FearPotion"},{"floor":10,"key":"GamblersBrew"}],"is_trial":false,"path_per_floor":["M","?","?","M","?","E","M","E","T","E","M","E","M"],"character_chosen":"THE_SILENT","items_purchased":[],"campfire_rested":0,"item_purchase_floors":[],"current_hp_per_floor":[63,63,63,63,63,63,63,45,45,20,19,4,0],"gold":444,"neow_bonus":"THREE_ENEMY_KILL","is_prod":false,"is_daily":false,"chose_seed":false,"campfire_upgraded":0,"win_rate":0,"timestamp":1560491570,"path_taken":["M","?","?","M","?","E","M","E","T","E","M","E","?"],"build_version":"2019-01-23","purchased_purges":0,"victory":false,"max_hp_per_floor":[70,70,70,70,70,70,70,70,70,70,70,70,70],"card_choices":[{"not_picked":["Calculated Gamble","Deflect"],"picked":"Quick Slash","floor":1},{"not_picked":["Setup","Sucker Punch"],"picked":"Flying Knee","floor":4},{"not_picked":["Dagger Throw","Dash"],"picked":"Cloak And Dagger","floor":6},{"not_picked":["Tactician+1","Bane","Leg Sweep+1"],"picked":"SKIP","floor":7},{"not_picked":["Glass Knife","Underhanded Strike"],"picked":"Dash","floor":8},{"not_picked":["Terror+1","Flechettes"],"picked":"Calculated Gamble+1","floor":10},{"not_picked":["Dagger Spray","Endless Agony","Dagger Throw"],"picked":"SKIP","floor":11},{"not_picked":["Calculated Gamble+1","Dagger Throw"],"picked":"Dodge and Roll+1","floor":12}],"player_experience":425765,"relics_obtained":[{"floor":6,"key":"Toxic Egg 2"},{"floor":8,"key":"Pantograph"},{"floor":9,"key":"Shuriken"},{"floor":10,"key":"Mummified Hand"},{"floor":12,"key":"Snake Skull"}],"event_choices":[{"cards_removed":["Strike_G"],"damage_healed":0,"gold_gain":0,"player_choice":"Card Removal","damage_taken":0,"max_hp_gain":0,"max_hp_loss":0,"event_name":"The Cleric","floor":2,"gold_loss":50},{"damage_healed":0,"gold_gain":0,"player_choice":"Take Wound","damage_taken":0,"relics_obtained":["Golden Idol"],"max_hp_gain":0,"max_hp_loss":0,"event_name":"Golden Idol","floor":3,"gold_loss":0,"cards_obtained":["Injury"]},{"damage_healed":0,"gold_gain":175,"player_choice":"AGREE","damage_taken":0,"max_hp_gain":0,"max_hp_loss":0,"event_name":"Liars Game","floor":5,"gold_loss":0,"cards_obtained":["Doubt"]}],"is_beta":false,"boss_relics":[],"items_purged_floors":[],"is_endless":false,"potions_floor_spawned":[1,4,10],"killed_by":"3 Louse","ascension_level":6}