{"gold_per_floor":[116,116,131,131,131,131,56,72,117,177,196,206,206,219,219,321,321,334,349,249,266,283,283,311,311,311,311,329,359,376,390,390,390],"floor_reached":33,"playtime":2160,"items_purged":["Defend_G","Strike_G"],"score":349,"play_id":"02b738e9-2558-426a-a05e-cafbe974ebdf","local_time":"20180811151003","is_ascension_mode":true,"campfire_choices":[{"data":"Bouncing Flask","floor":6,"key":"SMITH"},{"data":"Bullet Time","floor":13,"key":"SMITH"},{"data":"Neutralize","floor":15,"key":"SMITH"},{"data":"Poisoned Stab","floor":23,"key":"SMITH"},{"data":"Survivor","floor":25,"key":"SMITH"},{"floor":32,"key":"REST"}],"neow_cost":"NONE","seed_source_timestamp":54845892474421,"circlet_count":0,"master_deck":["Defend_G","Defend_G","Defend_G","Defend_G","Strike_G","Strike_G","Survivor+1","Neutralize+1","Bouncing Flask+1","Poisoned Stab+1","Bullet Time+1","Tools of the Trade","Bouncing Flask+1","Bane+1","Acrobatics+1","Acrobatics+1","Crippling Poison","Corpse Explosion"],"relics":["Ring of the Snake","Orichalcum","Ancient Tea Set","Tiny Chest","Runic Pyramid","Anchor","Ninja Scroll","Strawberry","Letter Opener"],"potions_floor_usage":[11,14,14,24,29,33],"damage_taken":[{"damage":0,"enemies":"Small Slimes","floor":1,"turns":3},{"damage":1,"enemies":"Cultist","floor":3,"turns":3},{"damage":0,"enemies":"2 Louse","floor":8,"turns":4},{"damage":9,"enemies":"Gremlin Nob","floor":10,"turns":4},{"damage":1,"enemies":"2 Fungi Beasts","floor":11,"turns":4},{"damage":0,"enemies":"Exordium Thugs","floor":12,"turns":4},{"damage":35,"enemies":"Gremlin Gang","floor":14,"turns":5},{"damage":25,"enemies":"The Guardian","floor":16,"turns":9},{"damage":0,"enemies":"Chosen","floor":18,"turns":4},{"damage":9,"enemies":"3 Byrds","floor":19,"turns":3},{"damage":10,"enemies":"3 Cultists","floor":21,"turns":5},{"damage":0,"enemies":"Snecko","floor":22,"turns":3},{"damage":19,"enemies":"Slavers","floor":24,"turns":5},{"damage":0,"enemies":"Snake Plant","floor":28,"turns":2},{"damage":24,"enemies":"Gremlin Leader","floor":29,"turns":7},{"damage":14,"enemies":"Centurion and Healer","floor":30,"turns":3},{"damage":0,"enemies":"Chosen and Byrds","floor":31,"turns":3},{"damage":50,"enemies":"Champ","floor":33,"turns":6}],"seed_played":"-7435415371192500682","potions_obtained":[{"floor":3,"key":"Ancient Potion"},{"floor":8,"key":"Poison Potion"},{"floor":10,"key":"Regen Potion"},{"floor":19,"key":"SmokeBomb"},{"floor":22,"key":"EssenceOfSteel"},{"floor":24,"key":"SteroidPotion"},{"floor":31,"key":"LiquidBronze"}],"is_trial":false,"path_per_floor":["M","?","M","?","?","R","$","M","T","E","M","M","R","M","R","B",null,"M","M","$","M","M","R","E","R","T","T","M","E","M","M","R"],"character_chosen":"THE_SILENT","items_purchased":[],"campfire_rested":1,"item_purchase_floors":[],"current_hp_per_floor":[70,70,69,69,74,74,74,74,74,65,75,75,75,40,40,15,75,75,66,66,56,56,56,37,37,37,44,44,20,6,6,30,0],"gold":390,"neow_bonus":"RANDOM_COMMON_RELIC","is_prod":false,"is_daily":false,"chose_seed":false,"campfire_upgraded":5,"win_rate":0,"timestamp":1533971403,"path_taken":["M","?","?","?","?","R","$","?","T","E","M","M","R","M","R","BOSS","M","M","$","M","?","R","E","R","T","?","M","E","M","M","R","BOSS"],"build_version":"2018-08-09","purchased_purges":2,"victory":false,"max_hp_per_floor":[70,70,70,70,75,75,75,75,75,75,75,75,75,75,75,75,75,75,75,75,75,75,75,75,75,75,82,82,82,82,82,82,82],"card_choices":[{"not_picked":["Sucker Punch","Deflect"],"picked":"Bouncing Flask","floor":1},{"not_picked":["Dagger Throw","Dagger Spray","Prepared"],"picked":"SKIP","floor":3},{"not_picked":["Blur","Slice","Footwork"],"picked":"SKIP","floor":8},{"not_picked":["Cloak And Dagger","Prepared"],"picked":"Poisoned Stab","floor":10},{"not_picked":["Outmaneuver","Flechettes"],"picked":"Bullet Time","floor":11},{"not_picked":["Backflip","Sucker Punch","Acrobatics"],"picked":"SKIP","floor":12},{"not_picked":["Finisher","Sucker Punch","Dodge and Roll"],"picked":"SKIP","floor":14},{"not_picked":["Die Die Die","Bullet Time"],"picked":"Tools of the Trade","floor":16},{"not_picked":["Deflect","Blade Dance+1"],"picked":"Bouncing Flask+1","floor":18},{"not_picked":["Flying Knee+1","Dash+1"],"picked":"Bane+1","floor":19},{"not_picked":["Dagger Spray","Deflect+1"],"picked":"Acrobatics+1","floor":21},{"not_picked":["Dash","Backflip"],"picked":"Acrobatics+1","floor":22},{"not_picked":["Eviscerate","Wraith Form v2","Malaise"],"picked":"SKIP","floor":24},{"not_picked":["PiercingWail+1","Slice"],"picked":"Crippling Poison","floor":28},{"not_picked":["Deadly Poison","Skewer"],"picked":"Corpse Explosion","floor":29},{"not_picked":["Footwork","Poisoned Stab","Outmaneuver"],"picked":"SKIP","floor":30},{"not_picked":["Dagger Spray","Dodge and Roll","Bane"],"picked":"SKIP","floor":31}],"player_experience":364438,"relics_obtained":[{"floor":9,"key":"Ancient Tea Set"},{"floor":10,"key":"Tiny Chest"},{"floor":24,"key":"Anchor"},{"floor":26,"key":"Ninja Scroll"},{"floor":27,"key":"Strawberry"},{"floor":29,"key":"Letter Opener"}],"event_choices":[{"event_name":"Living Wall","player_choice":"Forget","floor":2,"damage_taken":0},{"event_name":"Bonfire Elementals","player_choice":"BASIC","floor":4,"damage_taken":0},{"event_name":"Big Fish","player_choice":"Donut","floor":5,"damage_taken":0}],"is_beta":false,"boss_relics":[{"not_picked":["Cursed Key","Eternal Feather"],"picked":"Runic Pyramid"}],"items_purged_floors":[7,20],"is_endless":false,"potions_floor_spawned":[3,8,10,19,22,24,31],"killed_by":"Champ","ascension_level":4}