{"gold_per_floor":[109,122,135,310,157,157,192,210,210,228,228,247,247,262,262,367,367,387,31,49,49,149,149],"floor_reached":23,"playtime":1619,"items_purged":["Doubt","Strike_R"],"score":232,"play_id":"fb7dbb5a-ff8e-4732-b21e-d4da6185f11b","local_time":"20190615010340","is_ascension_mode":true,"campfire_choices":[{"data":"Blood for Blood","floor":6.0,"key":"SMITH"},{"data":"Pommel Strike","floor":13.0,"key":"SMITH"},{"data":"Spot Weakness","floor":15.0,"key":"SMITH"}],"neow_cost":"TEN_PERCENT_HP_LOSS","seed_source_timestamp":368946967043600,"circlet_count":0,"master_deck":["Strike_R","Strike_R","Strike_R","Strike_R","Defend_R","Defend_R","Defend_R","Defend_R","Bash","Reaper","Pommel Strike+1","Metallicize","Anger","Blood for Blood+1","Warcry","Feed","Pommel Strike","Spot Weakness+1","Whirlwind","Reaper","Rampage","Secret Technique","Feel No Pain","Twin Strike","J.A.X.","Flex"],"special_seed":0,"relics":["Burning Blood","Mummified Hand","Bottled Flame","CultistMask","Eternal Feather","FossilizedHelix","Gremlin Horn"],"potions_floor_usage":[],"damage_taken":[{"damage":9.0,"enemies":"2 Louse","floor":1.0,"turns":3.0},{"damage":6.0,"enemies":"Cultist","floor":2.0,"turns":3.0},{"damage":10.0,"enemies":"Small Slimes","floor":3.0,"turns":4.0},{"damage":14.0,"enemies":"Lagavulin","floor":7.0,"turns":7.0},{"damage":21.0,"enemies":"Exordium Wildlife","floor":8.0,"turns":3.0},{"damage":14.0,"enemies":"3 Louse","floor":10.0,"turns":4.0},{"damage":25.0,"enemies":"2 Fungi Beasts","floor":12.0,"turns":4.0},{"damage":14.0,"enemies":"Lots of Slimes","floor":14.0,"turns":3.0},{"damage":70.0,"enemies":"Slime Boss","floor":16.0,"turns":10.0},{"damage":33.0,"enemies":"Spheric Guardian","floor":18.0,"turns":4.0},{"damage":39.0,"enemies":"Shell Parasite","floor":20.0,"turns":5.0},{"damage":15.0,"enemies":"Colosseum Slavers","floor":22.0,"turns":3.0},{"damage":44.0,"enemies":"Colosseum Nobs","floor":22.0,"turns":5.0},{"damage":42,"enemies":"Slavers","floor":23,"turns":3}],"seed_played":"8492593855495705027","potions_obtained":[{"floor":3.0,"key":"Fire Potion"},{"floor":7.0,"key":"Ancient Potion"},{"floor":12.0,"key":"Ancient Potion"},{"floor":16.0,"key":"Energy Potion"},{"floor":18.0,"key":"Strength Potion"}],"is_trial":false,"path_per_floor":["M","M","M","?","$","R","E","M","T","M","?","M","R","M","R","B",null,"M","$","M","?","?","E"],"character_chosen":"IRONCLAD","items_purchased":["Blood for Blood","Secret Technique","Feel No Pain"],"campfire_rested":0,"item_purchase_floors":[5,19,19],"current_hp_per_floor":[71,71,67,67,67,67,59,52,52,53,53,45,45,55,55,15,81,60,60,34,34,41,0],"gold":149,"neow_bonus":"THREE_RARE_CARDS","is_prod":false,"is_daily":false,"chose_seed":true,"campfire_upgraded":3,"win_rate":0,"timestamp":1560553420,"path_taken":["M","M","M","?","$","R","E","M","T","M","?","?","R","M","R","BOSS","M","$","M","?","?","E"],"build_version":"2019-01-23","purchased_purges":2,"victory":false,"max_hp_per_floor":[72,72,72,72,72,72,72,72,72,75,75,78,78,81,81,81,81,81,81,84,84,87,87],"card_choices":[{"not_picked":["Barricade","Brutality"],"picked":"Reaper","floor":0.0},{"not_picked":["Clothesline","Thunderclap"],"picked":"Pommel Strike","floor":1.0},{"not_picked":["Sentinel","Disarm"],"picked":"Metallicize","floor":2.0},{"not_picked":["Searing Blow","Heavy Blade"],"picked":"Anger","floor":3.0},{"not_picked":["Wild Strike","Havoc"],"picked":"Warcry","floor":7.0},{"not_picked":["Bloodletting","Evolve"],"picked":"Feed","floor":8.0},{"not_picked":["Thunderclap","Searing Blow"],"picked":"Pommel Strike","floor":10.0},{"not_picked":["Blood for Blood","Flex"],"picked":"Spot Weakness","floor":12.0},{"not_picked":["Inflame","Rage"],"picked":"Whirlwind","floor":14.0},{"not_picked":["Berserk","Feed"],"picked":"Reaper","floor":16.0},{"not_picked":["Thunderclap","Uppercut"],"picked":"Rampage","floor":18.0},{"not_picked":["Reckless Charge","Searing Blow"],"picked":"Twin Strike","floor":20.0},{"not_picked":["Entrench","Sword Boomerang"],"picked":"Flex","floor":22.0}],"player_experience":230809,"relics_obtained":[{"floor":7.0,"key":"Mummified Hand"},{"floor":9.0,"key":"Bottled Flame"},{"floor":22.0,"key":"FossilizedHelix"},{"floor":22.0,"key":"Gremlin Horn"}],"event_choices":[{"damage_healed":0.0,"max_hp_gain":0.0,"max_hp_loss":0.0,"gold_gain":175.0,"event_name":"Liars Game","player_choice":"AGREE","floor":4.0,"gold_loss":0.0,"damage_taken":0.0,"cards_obtained":["Doubt"]},{"damage_healed":0.0,"max_hp_gain":0.0,"max_hp_loss":0.0,"gold_gain":0.0,"event_name":"FaceTrader","player_choice":"Trade","floor":11.0,"gold_loss":0.0,"damage_taken":0.0,"relics_obtained":["CultistMask"]},{"damage_healed":0.0,"max_hp_gain":0.0,"max_hp_loss":0.0,"gold_gain":0.0,"event_name":"Drug Dealer","player_choice":"Obtain J.A.X.","floor":21.0,"gold_loss":0.0,"damage_taken":0.0,"cards_obtained":["J.A.X."]},{"damage_healed":0.0,"max_hp_gain":0.0,"max_hp_loss":0.0,"gold_gain":0.0,"event_name":"Colosseum","player_choice":"Fight","floor":22.0,"gold_loss":0.0,"damage_taken":0.0},{"damage_healed":0.0,"max_hp_gain":0.0,"max_hp_loss":0.0,"gold_gain":0.0,"event_name":"Colosseum","player_choice":"Fought Nobs","floor":22.0,"gold_loss":0.0,"damage_taken":0.0}],"is_beta":false,"boss_relics":[{"not_picked":["Cursed Key","Black Star"],"picked":"Eternal Feather"}],"items_purged_floors":[5,19],"is_endless":false,"potions_floor_spawned":[3,7,12,16,18,22],"killed_by":"Slavers","ascension_level":4}