{"gold_per_floor":[112,112,37,48,48,76,76,94,94,105,105,120,120,120,120,194,194,212,212,230,259,259,285,304,334,383,396,396,411,411,145,145,216,216,230,230,282,172,187,221,221,221,221,96,123,123,123,152,152,152],"floor_reached":50,"playtime":2019,"items_purged":["Strike_R","Strike_R","Shame"],"score":1130,"play_id":"31fe9f3d-62dc-4750-a7e2-123e0447970b","local_time":"20190101145952","is_ascension_mode":true,"campfire_choices":[{"data":"Inflame","floor":7,"key":"SMITH"},{"data":"Cleave","floor":11,"key":"SMITH"},{"data":"Sword Boomerang","floor":15,"key":"SMITH"},{"data":"Limit Break","floor":28,"key":"SMITH"},{"data":"Flex","floor":30,"key":"SMITH"},{"data":"Limit Break","floor":32,"key":"SMITH"},{"data":"Sword Boomerang","floor":42,"key":"SMITH"},{"data":"Sword Boomerang","floor":47,"key":"SMITH"},{"floor":49,"key":"REST"}],"neow_cost":"NONE","seed_source_timestamp":178431307337128,"circlet_count":0,"master_deck":["AscendersBane","Strike_R+1","Strike_R+1","Defend_R","Defend_R","Defend_R","Bash+1","Sword Boomerang+1","Inflame+1","Ghostly Armor","Cleave+1","Limit Break+1","Cleave","True Grit","Flex+1","Seeing Red","Limit Break+1","Sword Boomerang+1","Uppercut+1","Seeing Red+1","Injury","Sword Boomerang+1"],"relics":["Burning Blood","NeowsBlessing","Whetstone","Shuriken","Bag of Preparation","FossilizedHelix","Sozu","Red Mask","Lantern","Strawberry","Centennial Puzzle","Boot","Cursed Key","Champion Belt","Letter Opener","Dodecahedron","Question Card","Dream Catcher","Vajra"],"potions_floor_usage":[12,16,16,18],"damage_taken":[{"damage":0,"enemies":"2 Louse","floor":1,"turns":1},{"damage":0,"enemies":"Cultist","floor":4,"turns":1},{"damage":0,"enemies":"Lagavulin","floor":6,"turns":1},{"damage":2,"enemies":"Jaw Worm","floor":8,"turns":3},{"damage":9,"enemies":"3 Louse","floor":10,"turns":4},{"damage":5,"enemies":"Gremlin Gang","floor":12,"turns":4},{"damage":28,"enemies":"Hexaghost","floor":16,"turns":9},{"damage":12,"enemies":"3 Byrds","floor":18,"turns":3},{"damage":11,"enemies":"2 Thieves","floor":20,"turns":2},{"damage":0,"enemies":"Masked Bandits","floor":21,"turns":2},{"damage":9,"enemies":"Colosseum Slavers","floor":22,"turns":4},{"damage":39,"enemies":"Slavers","floor":23,"turns":4},{"damage":0,"enemies":"Snecko","floor":24,"turns":4},{"damage":4,"enemies":"Gremlin Leader","floor":25,"turns":4},{"damage":0,"enemies":"Cultist and Chosen","floor":27,"turns":4},{"damage":0,"enemies":"Sentry and Sphere","floor":29,"turns":3},{"damage":18,"enemies":"Champ","floor":33,"turns":6},{"damage":4,"enemies":"3 Shapes","floor":35,"turns":2},{"damage":21,"enemies":"2 Orb Walkers","floor":37,"turns":3},{"damage":13,"enemies":"3 Darklings","floor":39,"turns":3},{"damage":24,"enemies":"Nemesis","floor":40,"turns":5},{"damage":0,"enemies":"Reptomancer","floor":45,"turns":4},{"damage":40,"enemies":"Nemesis","floor":48,"turns":5},{"damage":32,"enemies":"Time Eater","floor":50,"turns":2}],"seed_played":"-507536041529591965","potions_obtained":[{"floor":4,"key":"Fire Potion"},{"floor":10,"key":"SpeedPotion"},{"floor":12,"key":"Block Potion"},{"floor":16,"key":"Regen Potion"}],"is_trial":false,"path_per_floor":["M","?","$","M","?","E","R","M","T","M","R","M","T","?","R","B",null,"M","?","M","?","?","E","M","E","T","M","R","M","R","$","R","B",null,"M","?","?","?","M","E","T","R","T","$","E","$","R","E","R","B"],"character_chosen":"IRONCLAD","items_purchased":["Boot"],"campfire_rested":1,"item_purchase_floors":[31],"current_hp_per_floor":[74,74,74,75,75,75,75,75,75,72,72,73,73,68,68,46,68,67,67,62,68,65,32,38,47,47,53,53,59,59,59,59,47,73,75,75,60,60,53,35,35,35,35,35,41,41,41,7,31,0],"gold":152,"neow_bonus":"THREE_ENEMY_KILL","is_prod":false,"is_daily":false,"chose_seed":false,"campfire_upgraded":8,"win_rate":0,"timestamp":1546325992,"path_taken":["M","?","$","?","?","E","R","M","T","M","R","M","?","?","R","BOSS","M","?","?","?","?","E","M","E","T","M","R","M","R","$","R","BOSS","M","?","?","?","?","E","?","R","T","$","E","?","R","E","R","BOSS"],"build_version":"2018-12-20","purchased_purges":3,"victory":false,"max_hp_per_floor":[75,75,75,75,75,75,75,75,75,75,75,75,75,75,75,75,75,75,75,75,75,75,75,75,82,82,82,82,82,82,82,82,82,82,82,82,82,82,82,82,82,82,82,82,82,82,82,82,82,82],"card_choices":[{"not_picked":["Iron Wave","Perfected Strike","Flex"],"picked":"SKIP","floor":1},{"not_picked":["Evolve","Second Wind"],"picked":"Sword Boomerang","floor":4},{"not_picked":["Sentinel","Metallicize"],"picked":"Inflame","floor":6},{"not_picked":["Second Wind","Body Slam"],"picked":"Ghostly Armor","floor":8},{"not_picked":["Shrug It Off","Infernal Blade"],"picked":"Cleave","floor":10},{"not_picked":["Evolve","Clash"],"picked":"Sword Boomerang","floor":12},{"not_picked":["Fiend Fire","Feed"],"picked":"Limit Break","floor":16},{"not_picked":["Burning Pact","Carnage"],"picked":"Cleave","floor":18},{"not_picked":["Heavy Blade","Body Slam+1"],"picked":"Flex","floor":20},{"not_picked":["Havoc","Battle Trance"],"picked":"Seeing Red","floor":21},{"not_picked":["Power Through","Rupture"],"picked":"Limit Break","floor":23},{"not_picked":["Shrug It Off","Disarm","Shockwave"],"picked":"SKIP","floor":24},{"not_picked":["Spot Weakness","Power Through"],"picked":"Sword Boomerang","floor":25},{"not_picked":["Warcry","Armaments","Perfected Strike"],"picked":"SKIP","floor":27},{"not_picked":["Shrug It Off","Cleave","Thunderclap"],"picked":"SKIP","floor":29},{"not_picked":["Clothesline","Warcry+1"],"picked":"Uppercut+1","floor":35},{"not_picked":["Perfected Strike","Fire Breathing"],"picked":"Seeing Red+1","floor":39},{"not_picked":["Fire Breathing","Blood for Blood","Hemokinesis"],"picked":"SKIP","floor":40},{"not_picked":["Fire Breathing","Blood for Blood","Hemokinesis"],"picked":"SKIP","floor":40},{"not_picked":["Spot Weakness","Clash+1","Feed"],"picked":"Sword Boomerang","floor":45},{"not_picked":["Twin Strike","Perfected Strike","Havoc+1","Whirlwind"],"picked":"SKIP","floor":48}],"player_experience":637367,"relics_obtained":[{"floor":6,"key":"Whetstone"},{"floor":9,"key":"Shuriken"},{"floor":13,"key":"Bag of Preparation"},{"floor":21,"key":"Red Mask"},{"floor":23,"key":"Lantern"},{"floor":25,"key":"Strawberry"},{"floor":26,"key":"Centennial Puzzle"},{"floor":37,"key":"Champion Belt"},{"floor":40,"key":"Letter Opener"},{"floor":41,"key":"Dodecahedron"},{"floor":43,"key":"Question Card"},{"floor":45,"key":"Dream Catcher"},{"floor":48,"key":"Vajra"}],"event_choices":[{"damage_healed":0,"gold_gain":0,"player_choice":"Forge","damage_taken":0,"max_hp_gain":0,"max_hp_loss":0,"event_name":"Accursed Blacksmith","floor":2,"gold_loss":0,"cards_upgraded":["Bash"]},{"damage_healed":0,"gold_gain":0,"player_choice":"Leave","damage_taken":0,"max_hp_gain":0,"max_hp_loss":0,"event_name":"The Cleric","floor":5,"gold_loss":0},{"damage_healed":0,"gold_gain":0,"player_choice":"Success","damage_taken":5,"relics_obtained":["FossilizedHelix"],"max_hp_gain":0,"max_hp_loss":0,"event_name":"Scrap Ooze","floor":14,"gold_loss":0},{"damage_healed":0,"gold_gain":0,"cards_transformed":["Strike_R"],"player_choice":"Transformed","damage_taken":0,"max_hp_gain":0,"max_hp_loss":0,"event_name":"Transmorgrifier","floor":19,"gold_loss":0,"cards_obtained":["True Grit"]},{"damage_healed":0,"gold_gain":0,"player_choice":"Fought Bandits","damage_taken":0,"max_hp_gain":0,"max_hp_loss":0,"event_name":"Masked Bandits","floor":21,"gold_loss":0},{"damage_healed":0,"gold_gain":0,"player_choice":"Fight","damage_taken":0,"max_hp_gain":0,"max_hp_loss":0,"event_name":"Colosseum","floor":22,"gold_loss":0},{"damage_healed":0,"gold_gain":0,"player_choice":"Fled From Nobs","damage_taken":0,"max_hp_gain":0,"max_hp_loss":0,"event_name":"Colosseum","floor":22,"gold_loss":0},{"cards_removed":["Sword Boomerang"],"damage_healed":0,"gold_gain":0,"player_choice":"Removed Attack","damage_taken":0,"max_hp_gain":0,"max_hp_loss":0,"event_name":"Falling","floor":36,"gold_loss":0},{"damage_healed":0,"gold_gain":0,"player_choice":"Fight","damage_taken":0,"max_hp_gain":0,"max_hp_loss":0,"event_name":"Mysterious Sphere","floor":37,"gold_loss":0},{"cards_removed":["Defend_R"],"damage_healed":0,"gold_gain":0,"player_choice":"Upgrade and Remove","damage_taken":0,"max_hp_gain":0,"max_hp_loss":0,"event_name":"Designer","floor":38,"gold_loss":110,"cards_upgraded":["Sword Boomerang"]}],"is_beta":false,"boss_relics":[{"not_picked":["Calling Bell","Orrery"],"picked":"Sozu"},{"not_picked":["Pandora\u0027s Box","Runic Dome"],"picked":"Cursed Key"}],"items_purged_floors":[3,31,44],"is_endless":false,"potions_floor_spawned":[4,10,12,16,18,20,23,25,39],"killed_by":"Time Eater","ascension_level":16}