{"gold_per_floor":[365,50,50,1,1,1,21,21,21,21,21,38,38,49,49,146,146,166,366,386,4,22,22,22,22,22,34,46,58],"floor_reached":29,"playtime":2735,"items_purged":["Clumsy","Defend_R"],"score":213,"play_id":"ef18520e-b27c-4a4a-a752-230339bf114f","local_time":"20190121074327","is_ascension_mode":false,"campfire_choices":[{"data":"Armaments","floor":6,"key":"SMITH"},{"data":"Metallicize","floor":8,"key":"SMITH"},{"data":"Anger","floor":11,"key":"SMITH"},{"data":"Finesse","floor":15,"key":"SMITH"},{"floor":23,"key":"REST"},{"floor":25,"key":"REST"},{"data":"Fiend Fire","floor":27,"key":"SMITH"}],"neow_cost":"CURSE","seed_source_timestamp":189344404379500,"circlet_count":0,"master_deck":["Strike_R","Strike_R","Defend_R","Defend_R","Bash","Metallicize+1","Finesse+1","Anger+1","Battle Trance","Combust","Anger","Headbutt","Armaments+1","Inflame","Heavy Blade","Shrug It Off","Fiend Fire+1","Fire Breathing+1","Limit Break+1","Offering+1","Rage","Disarm","Violence","Pommel Strike+1","Decay","Dropkick"],"relics":["Burning Blood","Boot","Astrolabe","MawBank"],"potions_floor_usage":[14],"damage_taken":[{"damage":10,"enemies":"Small Slimes","floor":1,"turns":4},{"damage":10,"enemies":"2 Louse","floor":3,"turns":2},{"damage":4,"enemies":"Cultist","floor":5,"turns":3},{"damage":11,"enemies":"Lots of Slimes","floor":7,"turns":3},{"damage":4,"enemies":"Large Slime","floor":12,"turns":4},{"damage":12,"enemies":"Gremlin Gang","floor":14,"turns":3},{"damage":27,"enemies":"Hexaghost","floor":16,"turns":8},{"damage":19,"enemies":"3 Byrds","floor":18,"turns":4},{"damage":41,"enemies":"2 Thieves","floor":20,"turns":4},{"damage":29,"enemies":"Shelled Parasite and Fungi","floor":22,"turns":4},{"damage":67,"enemies":"Cultist and Chosen","floor":29,"turns":5}],"seed_played":"-578749462495330009","potions_obtained":[{"floor":7,"key":"Ancient Potion"},{"floor":14,"key":"PowerPotion"},{"floor":22,"key":"GamblersBrew"}],"is_trial":false,"path_per_floor":["M","$","M","$","M","R","M","R","T","?","R","M","?","M","R","B",null,"M","?","M","$","M","R","$","R","T","R","?","M"],"character_chosen":"IRONCLAD","items_purchased":["Finesse","Anger","Battle Trance","Combust","Headbutt","Disarm","Violence","Fire Potion"],"campfire_rested":2,"item_purchase_floors":[2,2,2,2,4,21,21,21],"current_hp_per_floor":[76,76,72,72,74,74,69,69,69,69,69,71,71,65,65,44,80,67,67,32,32,9,33,33,57,57,57,57,0],"gold":58,"neow_bonus":"TWO_FIFTY_GOLD","is_prod":false,"is_daily":false,"chose_seed":false,"campfire_upgraded":5,"win_rate":0.0,"timestamp":1548053007,"path_taken":["M","$","M","$","M","R","M","R","T","?","R","M","?","M","R","BOSS","M","?","?","$","M","R","$","R","T","R","?","?"],"build_version":"2019-01-17v2","purchased_purges":2,"victory":false,"max_hp_per_floor":[80,80,80,80,80,80,80,80,80,80,80,80,80,80,80,80,80,80,80,80,80,80,80,80,80,80,80,80,80],"card_choices":[{"not_picked":["Intimidate","Clash"],"picked":"Metallicize","floor":1},{"not_picked":["Body Slam","Perfected Strike"],"picked":"Anger","floor":3},{"not_picked":["Sword Boomerang","Double Tap"],"picked":"Armaments","floor":5},{"not_picked":["Burning Pact","Twin Strike"],"picked":"Inflame","floor":7},{"not_picked":["Warcry","Hemokinesis"],"picked":"Heavy Blade","floor":12},{"not_picked":["Warcry","Heavy Blade"],"picked":"Shrug It Off","floor":14},{"not_picked":["Limit Break","Brutality"],"picked":"Fiend Fire","floor":16},{"not_picked":["Clash","Heavy Blade"],"picked":"Rage","floor":18},{"not_picked":["Reckless Charge+1","Rupture+1","True Grit"],"picked":"SKIP","floor":20},{"not_picked":["Clothesline","True Grit"],"picked":"Pommel Strike+1","floor":22}],"player_experience":2402,"relics_obtained":[{"floor":9,"key":"Boot"},{"floor":26,"key":"MawBank"}],"event_choices":[{"damage_healed":0,"gold_gain":0,"player_choice":"Leave","damage_taken":0,"max_hp_gain":0,"max_hp_loss":0,"event_name":"The Cleric","floor":10,"gold_loss":0},{"cards_removed":["Strike_R"],"damage_healed":0,"gold_gain":0,"player_choice":"Purged","damage_taken":0,"max_hp_gain":0,"max_hp_loss":0,"event_name":"Purifier","floor":13,"gold_loss":0},{"damage_healed":0,"gold_gain":200,"player_choice":"Gold","damage_taken":0,"max_hp_gain":0,"max_hp_loss":0,"event_name":"Wheel of Change","floor":19,"gold_loss":0},{"damage_healed":0,"gold_gain":0,"player_choice":"2 cards matched","damage_taken":0,"max_hp_gain":0,"max_hp_loss":0,"event_name":"Match and Keep!","floor":28,"gold_loss":0,"cards_obtained":["Decay","Dropkick"]}],"is_beta":false,"boss_relics":[{"not_picked":["Fusion Hammer","Empty Cage"],"picked":"Astrolabe"}],"items_purged_floors":[2,21],"is_endless":false,"potions_floor_spawned":[5,7,14,22],"killed_by":"Cultist and Chosen","ascension_level":0}