{"gold_per_floor":[116,116,127,146,71,104,104,104,150,163,163,203,238,252,252,252],"floor_reached":16,"playtime":1008,"items_purged":["Strike_R"],"score":127,"play_id":"68c781e3-5221-4937-9889-fe79eacafaaa","local_time":"20180809205445","is_ascension_mode":true,"campfire_choices":[{"data":"Armaments","floor":7,"key":"SMITH"},{"data":"Thunderclap","floor":11,"key":"SMITH"},{"floor":15,"key":"REST"}],"neow_cost":"NONE","seed_source_timestamp":306889706996493,"circlet_count":0,"master_deck":["Strike_R","Strike_R","Strike_R","Strike_R","Defend_R","Defend_R","Defend_R","Defend_R","Bash","Clothesline","Iron Wave","Armaments+1","Purity","Twin Strike","Dual Wield","Thunderclap+1","Ghostly Armor","Searing Blow","Flame Barrier"],"relics":["Burning Blood","Bag of Marbles","Golden Idol","Bag of Preparation","Regal Pillow","Odd Mushroom"],"potions_floor_usage":[12,16],"damage_taken":[{"damage":3,"enemies":"Small Slimes","floor":1,"turns":5},{"damage":1,"enemies":"Cultist","floor":3,"turns":3},{"damage":4,"enemies":"Jaw Worm","floor":4,"turns":3},{"damage":29,"enemies":"3 Sentries","floor":6,"turns":12},{"damage":10,"enemies":"Exordium Thugs","floor":10,"turns":5},{"damage":18,"enemies":"Gremlin Nob","floor":12,"turns":3},{"damage":9,"floor":13,"turns":4},{"damage":9,"enemies":"Looter","floor":14,"turns":3},{"damage":56,"enemies":"Hexaghost","floor":16,"turns":10}],"seed_played":"-911933808694423879","potions_obtained":[{"floor":3,"key":"AttackPotion"},{"floor":10,"key":"Dexterity Potion"},{"floor":14,"key":"SteroidPotion"}],"is_trial":false,"path_per_floor":["M","?","M","M","$","E","R","?","T","M","R","E","?","M","R"],"character_chosen":"IRONCLAD","items_purchased":[],"campfire_rested":1,"item_purchase_floors":[],"current_hp_per_floor":[80,80,80,80,80,57,57,37,37,33,33,21,18,15,54,0],"gold":252,"neow_bonus":"THREE_CARDS","is_prod":false,"is_daily":false,"chose_seed":false,"campfire_upgraded":2,"win_rate":0,"timestamp":1533819285,"path_taken":["M","?","M","?","$","E","R","?","T","M","R","E","?","M","R","BOSS"],"build_version":"2018-08-02","purchased_purges":1,"victory":false,"max_hp_per_floor":[80,80,80,80,80,80,80,80,80,80,80,80,80,80,80,80],"card_choices":[{"not_picked":["Anger","Blood for Blood"],"picked":"Clothesline","floor":0},{"not_picked":["True Grit","Warcry"],"picked":"Iron Wave","floor":1},{"not_picked":["Blood for Blood","Headbutt"],"picked":"Twin Strike","floor":3},{"not_picked":["Sentinel","Perfected Strike"],"picked":"Dual Wield","floor":4},{"not_picked":["Havoc","Bloodletting","Clothesline"],"picked":"SKIP","floor":6},{"not_picked":["Corruption","Entrench"],"picked":"Thunderclap","floor":10},{"not_picked":["Dark Embrace","Metallicize"],"picked":"Ghostly Armor","floor":12},{"not_picked":["Feel No Pain","Whirlwind"],"picked":"Searing Blow","floor":13},{"not_picked":["Iron Wave","Body Slam"],"picked":"Flame Barrier","floor":14}],"player_experience":325101,"relics_obtained":[{"floor":6,"key":"Bag of Marbles"},{"floor":9,"key":"Bag of Preparation"},{"floor":12,"key":"Regal Pillow"},{"floor":13,"key":"Odd Mushroom"}],"event_choices":[{"event_name":"Match and Keep!","player_choice":"2 cards matched","floor":2,"damage_taken":0},{"event_name":"Golden Idol","player_choice":"Take Damage","floor":8,"damage_taken":0},{"event_name":"Mushrooms","player_choice":"Fought Mushrooms","floor":13,"damage_taken":0}],"is_beta":false,"boss_relics":[],"items_purged_floors":[5],"is_endless":false,"potions_floor_spawned":[3,10,14],"killed_by":"Hexaghost","ascension_level":3}