{"gold_per_floor":[110,110,125,125,89,89,14,341,341,360,360,370,370,398,398,398],"floor_reached":16,"playtime":1033,"items_purged":["Strike_B"],"score":130,"play_id":"2f3b47aa-c8ef-42b4-92c3-3c673fc0c1e6","local_time":"20180723191659","is_ascension_mode":true,"campfire_choices":[{"data":"Zap","floor":6.0,"key":"SMITH"},{"data":"Self Repair","floor":11.0,"key":"SMITH"},{"data":"Streamline","floor":13.0,"key":"SMITH"},{"data":"Streamline","floor":15,"key":"SMITH"}],"neow_cost":"NONE","seed_source_timestamp":0,"circlet_count":0,"master_deck":["Strike_B","Strike_B","Defend_B","Defend_B","Defend_B","Defend_B","Zap+1","Dualcast","Streamline+1","BootSequence","Streamline+1","Self Repair+1","Gash","BootSequence"],"special_seed":0,"relics":["Cracked Core","Orichalcum","Old Coin","Question Card","Cables"],"potions_floor_usage":[16,16,16],"damage_taken":[{"damage":2.0,"enemies":"2 Louse","floor":1.0,"turns":2.0},{"damage":7.0,"enemies":"Jaw Worm","floor":3.0,"turns":3.0},{"damage":19.0,"enemies":"3 Sentries","floor":8.0,"turns":7.0},{"damage":0.0,"enemies":"Small Slimes","floor":10.0,"turns":4.0},{"damage":4.0,"enemies":"Red Slaver","floor":12.0,"turns":3.0},{"damage":15.0,"enemies":"Lagavulin","floor":14.0,"turns":7.0},{"damage":36,"enemies":"Slime Boss","floor":16,"turns":7}],"seed_played":"-5864107698190130618","potions_obtained":[{"floor":3.0,"key":"SteroidPotion"},{"floor":4.0,"key":"EntropicBrew"},{"floor":4.0,"key":"EssenceOfSteel"}],"is_trial":false,"path_per_floor":["M","?","M","?","?","R","$","E","T","M","R","M","R","E","R"],"character_chosen":"DEFECT","items_purchased":[],"campfire_rested":0,"item_purchase_floors":[],"current_hp_per_floor":[73,61,54,54,54,54,54,35,35,35,35,41,41,36,36,0],"gold":398,"neow_bonus":"REMOVE_CARD","is_prod":false,"is_daily":false,"chose_seed":false,"campfire_upgraded":4,"win_rate":0,"timestamp":1532344619,"path_taken":["M","?","M","?","?","R","$","E","T","M","R","M","R","E","R","BOSS"],"build_version":"2018-07-19v2","purchased_purges":1,"victory":false,"max_hp_per_floor":[75,75,75,75,75,75,75,75,75,75,75,75,75,75,75,75],"card_choices":[{"not_picked":["Ball Lightning","Hologram"],"picked":"Streamline","floor":1.0},{"not_picked":["Turbo","Barrage"],"picked":"BootSequence","floor":3.0},{"not_picked":["Coolheaded","Recycle"],"picked":"Streamline","floor":8.0},{"not_picked":["Leap","Heatsinks","Compile Driver"],"picked":"Self Repair","floor":10.0},{"not_picked":["Coolheaded","Lockon","Compile Driver"],"picked":"Gash","floor":12.0},{"not_picked":["Steam","Tempest","Undo"],"picked":"BootSequence","floor":14.0}],"player_experience":212466,"relics_obtained":[{"floor":8.0,"key":"Old Coin"},{"floor":9.0,"key":"Question Card"},{"floor":14.0,"key":"Cables"}],"event_choices":[{"event_name":"Scrap Ooze","player_choice":"success","floor":2.0,"damage_taken":12.0},{"event_name":"The Lab","player_choice":"Got Potions","floor":4.0,"damage_taken":0.0},{"event_name":"World of Goop","player_choice":"Left","floor":5.0,"damage_taken":0.0}],"is_beta":false,"boss_relics":[],"items_purged_floors":[7],"is_endless":false,"potions_floor_spawned":[3,8,12],"killed_by":"Slime Boss","ascension_level":4}