{"path_per_floor":["M","?","?","M","?","R","E","M","T","M","$","R","?","M","R","B",null,"M","?","?","?","?"],"character_chosen":"DEFECT","items_purchased":["DataDisk","Skim"],"gold_per_floor":[119,119,119,137,137,137,170,190,216,233,38,38,3,20,20,120,150,164,164,164,79,79,79],"floor_reached":23,"campfire_rested":0,"playtime":1273,"current_hp_per_floor":[60,60,60,60,60,60,56,56,56,56,56,56,74,68,68,45,73,65,50,34,34,34,0],"items_purged":[],"gold":79,"score":290,"play_id":"1cba0d20-dc31-4bd4-b08b-80e648ad98fd","local_time":"20180501020747","is_prod":false,"is_daily":false,"chose_seed":false,"is_ascension_mode":true,"campfire_upgraded":3,"timestamp":1525158467,"path_taken":["M","?","?","M","?","R","E","M","T","?","$","R","?","M","R","BOSS","M","?","?","?","?","E"],"build_version":"2018-04-30","seed_source_timestamp":310381317072756,"purchased_purges":0,"victory":false,"master_deck":["Zap+1","Dualcast","AscendersBane","Blaster","Coolheaded","Genetic Algorithm","Barrage+1","Turbo+1","Cold Snap+1","Scrape+1","Ball Lightning","Beam Cell","Ball Lightning","Barrage+1","Skim","Reprieve+1","Creative AI","Ball Lightning","Cold Snap","Necronomicurse","Force Field"],"max_hp_per_floor":[75,75,75,75,75,75,75,75,75,75,75,75,75,75,75,75,80,80,85,85,85,85,85],"relics":["Pandora\u0027s Box","Whetstone","Happy Flower","DataDisk","Tiny House","Necronomicon","Blood Vial"],"card_choices":[{"not_picked":["Streamline","Beam Cell"],"picked":"Ball Lightning","floor":1},{"not_picked":["Static Discharge","Axe Kick"],"picked":"Beam Cell","floor":7},{"not_picked":["FTL","Coolheaded"],"picked":"Ball Lightning","floor":8},{"not_picked":["Fission","Blaster"],"picked":"Barrage","floor":10},{"not_picked":["Reinforced Body","Cold Snap"],"picked":"Reprieve","floor":14},{"not_picked":["Reboot","Multi-Cast"],"picked":"Creative AI","floor":16},{"not_picked":["Axe Kick","Skim"],"picked":"Ball Lightning","floor":17},{"not_picked":["Blaster","Impulse"],"picked":"Cold Snap","floor":18}],"player_experience":135090,"potions_floor_usage":[8,23,23],"damage_taken":[{"damage":8,"enemies":"Jaw Worm","floor":1,"turns":3},{"damage":0,"enemies":"Cultist","floor":4,"turns":3},{"damage":4,"enemies":"3 Sentries","floor":7,"turns":5},{"damage":0,"enemies":"2 Louse","floor":8,"turns":2},{"damage":0,"enemies":"Large Slime","floor":10,"turns":3},{"damage":6,"enemies":"Lots of Slimes","floor":14,"turns":2},{"damage":23,"enemies":"The Guardian","floor":16,"turns":10},{"damage":8,"enemies":"Spheric Guardian","floor":18,"turns":3},{"damage":60,"enemies":"Gremlin Leader","floor":23,"turns":6}],"event_choices":[{"event_name":"The Lab","player_choice":"Got Potions","floor":2,"damage_taken":0},{"event_name":"Living Wall","player_choice":"Grow","floor":3,"damage_taken":0},{"event_name":"Liars Game","player_choice":"disagreed","floor":5,"damage_taken":0},{"event_name":"The Cleric","player_choice":"Healed","floor":13,"damage_taken":0},{"event_name":"Forgotten Altar","player_choice":"Shed Blood","floor":19,"damage_taken":0},{"event_name":"Cursed Tome","player_choice":"Obtained Book","floor":20,"damage_taken":0},{"event_name":"Addict","player_choice":"Obtained Relic","floor":21,"damage_taken":0},{"event_name":"Transmorgrifier","player_choice":"Transform","floor":22,"damage_taken":0}],"boss_relics":[{"not_picked":["White Beast Statue","Eternal Feather"],"picked":"Tiny House"}],"potions_floor_spawned":[1,7,14,16],"seed_played":"5852444055580399170","killed_by":"Gremlin Leader","ascension_level":11,"is_trial":false}