{"gold_per_floor":[111,124,124,49,49,113,113,139,165,177,177,197,197,97,97,194,194,208,133,148,23,41,41,41,53,53,53,71,71,90,52,52,52],"floor_reached":33,"playtime":1529,"items_purged":["Strike_R","Strike_R","Strike_R"],"score":332,"play_id":"f2b72cfd-0263-4a08-b9b6-56b62cde45d0","local_time":"20180814235812","is_ascension_mode":true,"campfire_choices":[{"data":"Flame Barrier","floor":11.0,"key":"SMITH"},{"data":"Rampage","floor":13.0,"key":"SMITH"},{"data":"Bash","floor":15.0,"key":"SMITH"},{"data":"Impervious","floor":23,"key":"SMITH"},{"data":"Dropkick","floor":27,"key":"SMITH"},{"data":"Whirlwind","floor":32,"key":"SMITH"}],"neow_cost":"NONE","seed_source_timestamp":0,"circlet_count":0,"master_deck":["Strike_R+1","Defend_R","Defend_R","Bash+1","Impervious+1","Flame Barrier+1","Rampage+1","Headbutt+1","Dropkick+1","Writhe","Whirlwind+1"],"special_seed":0,"relics":["Burning Blood","Tiny Chest","Whetstone","Bag of Preparation","White Beast Statue","Self Forming Clay","Paper Frog"],"potions_floor_usage":[28,28,28,33,33],"damage_taken":[{"damage":1.0,"enemies":"Cultist","floor":1.0,"turns":3.0},{"damage":12.0,"enemies":"Jaw Worm","floor":2.0,"turns":4.0},{"damage":32.0,"enemies":"Gremlin Nob","floor":6.0,"turns":5.0},{"damage":38.0,"enemies":"3 Sentries","floor":8.0,"turns":9.0},{"damage":6.0,"enemies":"2 Louse","floor":10.0,"turns":3.0},{"damage":3.0,"enemies":"Large Slime","floor":12.0,"turns":5.0},{"damage":15.0,"enemies":"The Guardian","floor":16.0,"turns":9.0},{"damage":0,"enemies":"Chosen","floor":18,"turns":4},{"damage":6,"enemies":"2 Thieves","floor":20,"turns":4},{"damage":1,"enemies":"Centurion and Healer","floor":22,"turns":6},{"damage":40,"enemies":"Sentry and Sphere","floor":25,"turns":6},{"damage":4,"enemies":"3 Cultists","floor":28,"turns":4},{"damage":2,"enemies":"Centurion and Healer","floor":30,"turns":8},{"damage":78,"enemies":"Champ","floor":33,"turns":8}],"seed_played":"4124117316926064965","potions_obtained":[{"floor":1.0,"key":"Fire Potion"},{"floor":2.0,"key":"SteroidPotion"},{"floor":8.0,"key":"Explosive Potion"},{"floor":12.0,"key":"FearPotion"},{"floor":18,"key":"Explosive Potion"},{"floor":25,"key":"Regen Potion"},{"floor":28,"key":"SpeedPotion"},{"floor":30,"key":"SkillPotion"}],"is_trial":false,"path_per_floor":["M","M","?","$","?","E","?","E","T","M","R","M","R","$","R","B",null,"M","?","M","$","M","R","?","M","T","R","M","$","M","$","R"],"character_chosen":"IRONCLAD","items_purchased":["Whirlwind"],"campfire_rested":0,"item_purchase_floors":[31],"current_hp_per_floor":[77,71,71,71,71,45,71,39,39,39,39,42,42,42,42,33,68,74,74,74,74,79,79,79,45,45,45,52,52,56,56,56,0],"gold":52,"neow_bonus":"ONE_RANDOM_RARE_CARD","is_prod":false,"is_daily":false,"chose_seed":false,"campfire_upgraded":6,"win_rate":0,"timestamp":1534262292,"path_taken":["M","M","?","$","?","E","?","E","T","M","R","?","R","$","R","BOSS","M","?","?","$","M","R","?","M","T","R","M","?","M","$","R","BOSS"],"build_version":"2018-08-09","purchased_purges":3,"victory":false,"max_hp_per_floor":[80,80,80,80,80,80,80,80,80,80,80,80,80,80,80,80,80,80,80,80,80,80,80,80,80,80,80,80,80,80,80,80,80],"card_choices":[{"not_picked":["Shockwave","Hemokinesis"],"picked":"Flame Barrier","floor":1.0},{"not_picked":["Clothesline","Sword Boomerang"],"picked":"Rampage","floor":2.0},{"not_picked":["Clothesline","Battle Trance"],"picked":"Headbutt","floor":6.0},{"not_picked":["Pummel","Impervious","Warcry"],"picked":"SKIP","floor":8.0},{"not_picked":["Twin Strike","Corruption","Reckless Charge"],"picked":"SKIP","floor":10.0},{"not_picked":["Heavy Blade","Havoc"],"picked":"Dropkick","floor":12.0},{"not_picked":["Sentinel","Blood for Blood","Armaments+1"],"picked":"SKIP","floor":18},{"not_picked":["Armaments","Corruption","Bloodletting"],"picked":"SKIP","floor":20},{"not_picked":["Uppercut+1","Sever Soul+1","Twin Strike"],"picked":"SKIP","floor":22},{"not_picked":["Battle Trance+1","Inflame","Flex"],"picked":"SKIP","floor":25},{"not_picked":["Ghostly Armor","True Grit","Armaments"],"picked":"SKIP","floor":28},{"not_picked":["Shrug It Off","Carnage","Clash"],"picked":"SKIP","floor":30}],"player_experience":434201,"relics_obtained":[{"floor":6.0,"key":"Tiny Chest"},{"floor":8.0,"key":"Whetstone"},{"floor":9.0,"key":"Bag of Preparation"},{"floor":26,"key":"Paper Frog"}],"event_choices":[{"event_name":"Bonfire Elementals","player_choice":"BASIC","floor":3.0,"damage_taken":0.0},{"event_name":"Living Wall","player_choice":"Forget","floor":5.0,"damage_taken":0.0},{"event_name":"Big Fish","player_choice":"Banana","floor":7.0,"damage_taken":0.0},{"event_name":"Beggar","player_choice":"Gave Gold","floor":19,"damage_taken":0},{"event_name":"The Mausoleum","player_choice":"Yes","floor":24,"damage_taken":0}],"is_beta":false,"boss_relics":[{"not_picked":["Black Star","Lizard Tail"],"picked":"White Beast Statue"}],"items_purged_floors":[4,14,21],"is_endless":false,"potions_floor_spawned":[1,2,8,12,18,20,22,25,28,30],"killed_by":"Champ","ascension_level":6}