{"gold_per_floor":[119,119,119,138,157,157,184,184,184,62,82,98,116,66,66,162,162,172,172,188,198,21,21,39,39],"floor_reached":25,"playtime":1163,"items_purged":["Strike_G","Strike_G"],"score":226,"play_id":"020431ac-85e5-4bd8-89c6-967b9e096ff0","local_time":"20180727213319","is_ascension_mode":true,"campfire_choices":[{"data":"Poisoned Stab","floor":6,"key":"SMITH"},{"data":"Bouncing Flask","floor":8,"key":"SMITH"},{"floor":15,"key":"REST"},{"data":"Adrenaline","floor":23,"key":"SMITH"}],"neow_cost":"","seed_source_timestamp":517575135704310,"circlet_count":0,"master_deck":["Defend_G","Defend_G","Defend_G","Defend_G","Defend_G","Survivor","Neutralize","Poisoned Stab+1","Deadly Poison","Calculated Gamble","Bouncing Flask+1","Deadly Poison","Caltrops","Dodge and Roll","Bane","Adrenaline+1","Deflect+1","RitualDagger","Concentrate","Deadly Poison","Die Die Die","Poisoned Stab"],"relics":["Ring of the Snake","Dodecahedron","Question Card","Mercury Hourglass","Empty Cage"],"potions_floor_usage":[13,16,25,25],"damage_taken":[{"damage":1,"enemies":"Jaw Worm","floor":1,"turns":7},{"damage":0,"enemies":"2 Louse","floor":4,"turns":3},{"damage":1,"enemies":"Small Slimes","floor":5,"turns":4},{"damage":17,"enemies":"Gremlin Nob","floor":7,"turns":4},{"damage":6,"enemies":"3 Louse","floor":11,"turns":2},{"damage":0,"enemies":"Exordium Wildlife","floor":12,"turns":3},{"damage":10,"enemies":"Gremlin Gang","floor":13,"turns":4},{"damage":36,"enemies":"Slime Boss","floor":16,"turns":8},{"damage":0,"enemies":"Chosen","floor":18,"turns":3},{"damage":1,"enemies":"3 Byrds","floor":20,"turns":3},{"damage":11,"enemies":"Snake Plant","floor":21,"turns":3},{"damage":36,"enemies":"Cultist and Chosen","floor":24,"turns":6},{"damage":25,"enemies":"Slavers","floor":25,"turns":2}],"seed_played":"-8610550498167997577","potions_obtained":[{"floor":4,"key":"AttackPotion"},{"floor":12,"key":"GamblersBrew"},{"floor":13,"key":"Ancient Potion"},{"floor":21,"key":"Poison Potion"},{"floor":24,"key":"Fruit Juice"}],"is_trial":false,"path_per_floor":["M","?","?","M","M","R","E","R","T","$","M","M","M","?","R","B",null,"M","?","M","M","$","R","M"],"character_chosen":"THE_SILENT","items_purchased":["Deadly Poison","Die Die Die"],"campfire_rested":1,"item_purchase_floors":[10,22],"current_hp_per_floor":[69,62,62,62,61,61,44,44,44,44,38,38,28,28,49,13,70,70,64,63,52,52,52,16,0],"gold":39,"neow_bonus":"","is_prod":false,"is_daily":false,"chose_seed":false,"campfire_upgraded":3,"win_rate":0,"timestamp":1532698399,"path_taken":["M","?","?","M","M","R","E","R","T","?","?","M","M","?","R","BOSS","M","?","?","M","?","R","M","E"],"build_version":"2018-07-26","purchased_purges":2,"victory":false,"max_hp_per_floor":[70,70,70,70,70,70,70,70,70,70,70,70,70,70,70,70,70,70,70,70,70,70,70,70,75],"card_choices":[{"not_picked":["Dagger Spray","Quick Slash"],"picked":"Poisoned Stab","floor":1},{"not_picked":["PiercingWail","Deflect"],"picked":"Deadly Poison","floor":4},{"not_picked":["Riddle With Holes","Reflex"],"picked":"Calculated Gamble","floor":5},{"not_picked":["Terror","Sucker Punch"],"picked":"Bouncing Flask","floor":7},{"not_picked":["Quick Slash","Bouncing Flask","Dagger Throw"],"picked":"Caltrops","floor":11},{"not_picked":["Night Terror","Dagger Throw","Concentrate"],"picked":"Dodge and Roll","floor":12},{"not_picked":["Dash","Sucker Punch","PiercingWail"],"picked":"Bane","floor":13},{"not_picked":["Glass Knife","Unload","Die Die Die"],"picked":"Adrenaline","floor":16},{"not_picked":["Dagger Spray","Quick Slash","Prepared"],"picked":"Deflect+1","floor":18},{"not_picked":["Quick Slash+1","Heel Hook","Finisher+1"],"picked":"Concentrate","floor":20},{"not_picked":["Accuracy","Choke","Backflip"],"picked":"Deadly Poison","floor":21},{"not_picked":["Tools of the Trade","Dagger Throw","Cloak And Dagger"],"picked":"Poisoned Stab","floor":24}],"player_experience":288297,"relics_obtained":[{"floor":7,"key":"Question Card"},{"floor":9,"key":"Mercury Hourglass"}],"event_choices":[{"event_name":"Scrap Ooze","player_choice":"success","floor":2,"damage_taken":7},{"event_name":"Liars Game","player_choice":"disagreed","floor":3,"damage_taken":0},{"event_name":"The Cleric","player_choice":"Card Removal","floor":14,"damage_taken":0},{"event_name":"Nest","player_choice":"Joined the Cult","floor":19,"damage_taken":0}],"is_beta":false,"boss_relics":[{"not_picked":["Busted Crown","Runic Pyramid"],"picked":"Empty Cage"}],"items_purged_floors":[10,22],"is_endless":false,"potions_floor_spawned":[4,12,13,21,24],"killed_by":"Slavers","ascension_level":2}