{"gold_per_floor":[112,122,138,213,373,373,404,404,430,430,268,302,319,339,339,436,436,446,546,559,559,24,52,639,672,672,672,687,718,718,737,737,842,842,861,338,999,999,999,999,999,999,999,999,999,999,999,999,999,999,999,999,999,999,999],"floor_reached":56,"playtime":4338,"items_purged":["Strike_B","Strike_B","Defend_B","Defend_B","Coolheaded","Stack","Dualcast"],"score":1599,"play_id":"f0cb98f9-75bd-4de2-9cfc-870de7ebb9d2","local_time":"20190124010852","is_ascension_mode":true,"campfire_choices":[{"data":"Coolheaded","floor":6,"key":"SMITH"},{"floor":8,"key":"RECALL"},{"data":"Darkness","floor":10,"key":"SMITH"},{"data":"Loop","floor":15,"key":"SMITH"},{"data":"Seek","floor":27,"key":"SMITH"},{"data":"Seek","floor":30,"key":"SMITH"},{"data":"Echo Form","floor":32,"key":"SMITH"},{"data":"Defragment","floor":40,"key":"SMITH"},{"data":"Turbo","floor":42,"key":"SMITH"},{"data":"Reboot","floor":45,"key":"SMITH"},{"data":"Master of Strategy","floor":47,"key":"SMITH"},{"data":"Gash","floor":49,"key":"SMITH"},{"data":"Darkness","floor":52,"key":"SMITH"}],"neow_cost":"NONE","seed_source_timestamp":189701466221700,"circlet_count":0,"master_deck":["Zap+1","Gash+1","Coolheaded+1","Master of Strategy","Darkness+1","Loop+1","Turbo+1","Violence","Darkness+1","Seek+1","Seek+1","Defragment+1","Glacier+1","Doom and Gloom+1","Beam Cell+1","FTL+1","Sweeping Beam+1","Defragment+1","Go for the Eyes+1","Master of Strategy+1","Creative AI","Compile Driver+1","Gash+1","Gash+1","Echo Form+1","Stack+1","Reboot+1","Streamline+1","Panache","Defragment+1","Go for the Eyes+1","Go for the Eyes+1","Compile Driver+1","Multi-Cast","Madness","Go for the Eyes+1"],"relics":["Cracked Core","Membership Card","Ice Cream","Vajra","Regal Pillow","Cables","Lee\u0027s Waffle","Omamori","Smiling Mask","Astrolabe","Peace Pipe","Molten Egg 2","DollysMirror","Oddly Smooth Stone","Bag of Preparation","Mercury Hourglass","DataDisk","MealTicket","Gremlin Horn","StoneCalendar","PreservedInsect","Bag of Marbles","Busted Crown","Bronze Scales","Meat on the Bone","Chemical X","Runic Capacitor","Dodecahedron","Strawberry","Pocketwatch","Potion Belt","Mango","Medical Kit","Happy Flower","Sundial","Emotion Chip"],"potions_floor_usage":[16,19,33,33,33,55,55,55,55,55],"damage_taken":[{"damage":1,"enemies":"Cultist","floor":1,"turns":3},{"damage":4,"enemies":"2 Louse","floor":2,"turns":2},{"damage":0,"enemies":"Jaw Worm","floor":3,"turns":3},{"damage":72,"enemies":"Gremlin Nob","floor":7,"turns":5},{"damage":11,"enemies":"3 Sentries","floor":12,"turns":6},{"damage":9,"enemies":"Lots of Slimes","floor":13,"turns":3},{"damage":11,"enemies":"Large Slime","floor":14,"turns":5},{"damage":8,"enemies":"Slime Boss","floor":16,"turns":6},{"damage":7,"enemies":"Shell Parasite","floor":18,"turns":4},{"damage":16,"enemies":"Colosseum Slavers","floor":19,"turns":4},{"damage":62,"enemies":"Colosseum Nobs","floor":19,"turns":4},{"damage":6,"enemies":"2 Thieves","floor":20,"turns":4},{"damage":14,"enemies":"Gremlin Leader","floor":23,"turns":5},{"damage":33,"enemies":"Slavers","floor":25,"turns":3},{"damage":19,"enemies":"Centurion and Healer","floor":28,"turns":3},{"damage":0,"enemies":"Gremlin Leader","floor":29,"turns":2},{"damage":24,"enemies":"Snake Plant","floor":31,"turns":2},{"damage":13,"enemies":"Automaton","floor":33,"turns":6},{"damage":32,"enemies":"3 Shapes","floor":35,"turns":2},{"damage":19,"enemies":"3 Darklings","floor":38,"turns":2},{"damage":26,"enemies":"Spire Growth","floor":39,"turns":2},{"damage":11,"enemies":"Jaw Worm Horde","floor":44,"turns":2},{"damage":0,"enemies":"Reptomancer","floor":46,"turns":1},{"damage":18,"enemies":"Giant Head","floor":48,"turns":4},{"damage":69,"enemies":"Time Eater","floor":50,"turns":5},{"damage":62,"enemies":"Shield and Spear","floor":54,"turns":3},{"damage":33,"enemies":"The Heart","floor":55,"turns":7}],"seed_played":"-5867243512626359239","potions_obtained":[{"floor":2,"key":"Weak Potion"},{"floor":16,"key":"FearPotion"},{"floor":18,"key":"FocusPotion"},{"floor":31,"key":"PowerPotion"},{"floor":33,"key":"FocusPotion"}],"is_trial":false,"path_per_floor":["M","M","M","?","$","R","E","R","T","R","$","E","M","M","R","B",null,"M","?","M","?","$","E","$","E","T","R","M","E","R","M","R","B",null,"M","$","$","M","M","R","?","R","T","M","R","E","R","E","R","B",null,"R","$","E","B",null],"character_chosen":"DEFECT","items_purchased":["Membership Card","Ice Cream","Vajra","SteroidPotion","Strength Potion","Master of Strategy","Cables","Lee\u0027s Waffle","Loop","Omamori","Turbo","Violence","DollysMirror","Oddly Smooth Stone","Bag of Preparation","Go for the Eyes+1","Master of Strategy","Ancient Potion","Creative AI","DataDisk","MealTicket","Gremlin Horn","Bronze Scales","Meat on the Bone","Chemical X","FocusPotion","PowerPotion","Streamline+1","Panache","Runic Capacitor","Dodecahedron","Strawberry","Defragment","Go for the Eyes+1","Medical Kit","Happy Flower","Sundial","Multi-Cast","Madness","Strength Potion","Weak Potion"],"campfire_rested":0,"item_purchase_floors":[5,5,5,5,5,5,11,11,11,11,11,11,22,22,22,22,22,22,22,24,24,24,36,36,36,36,36,36,36,37,37,37,37,37,53,53,53,53,53,53,53],"current_hp_per_floor":[74,70,70,59,59,59,75,75,75,75,99,88,98,87,87,79,99,92,38,32,32,100,86,86,53,53,53,34,100,100,76,76,100,100,100,100,100,100,100,100,100,100,100,100,100,100,100,114,114,114,114,114,114,114,114],"gold":999,"neow_bonus":"UPGRADE_CARD","is_prod":false,"is_daily":false,"chose_seed":false,"campfire_upgraded":12,"win_rate":0,"timestamp":1548288532,"path_taken":["M","?","M","?","$","R","E","R","T","R","$","E","M","M","R","BOSS","M","?","M","?","$","E","$","E","T","R","?","E","R","M","R","BOSS","M","?","$","M","M","R","?","R","T","M","R","E","R","E","R","BOSS","R","$","E","BOSS"],"build_version":"2019-01-23","purchased_purges":7,"victory":true,"max_hp_per_floor":[75,75,75,75,75,75,75,75,75,75,99,99,99,99,99,99,99,99,100,100,100,100,100,100,100,100,100,100,100,100,100,100,100,100,100,100,107,107,107,107,107,107,107,107,107,107,107,121,121,121,121,121,121,121,121],"card_choices":[{"not_picked":["Skim","Ball Lightning"],"picked":"Gash","floor":1},{"not_picked":["Static Discharge","Rebound"],"picked":"Stack","floor":2},{"not_picked":["Ball Lightning","Double Energy"],"picked":"Coolheaded","floor":3},{"not_picked":["Recycle","Steam Power"],"picked":"Darkness","floor":7},{"not_picked":["FTL","Compile Driver"],"picked":"Darkness","floor":12},{"not_picked":["Static Discharge","Tempest"],"picked":"Coolheaded","floor":13},{"not_picked":["Streamline","Scrape"],"picked":"Seek","floor":14},{"not_picked":["Biased Cognition","Fission"],"picked":"Seek","floor":16},{"not_picked":["Cold Snap","Rebound"],"picked":"Beam Cell+1","floor":18},{"not_picked":["Recycle","Conserve Battery"],"picked":"FTL","floor":19},{"not_picked":["Tempest","Hologram"],"picked":"Sweeping Beam+1","floor":20},{"not_picked":["Thunder Strike+1","Buffer"],"picked":"Compile Driver+1","floor":23},{"not_picked":["Turbo","Glacier+1"],"picked":"Gash+1","floor":25},{"not_picked":["Go for the Eyes+1","Streamline+1"],"picked":"Gash+1","floor":28},{"not_picked":["Coolheaded+1","Sunder+1"],"picked":"Echo Form","floor":29},{"not_picked":["Coolheaded","Capacitor"],"picked":"Stack+1","floor":31},{"not_picked":["Meteor Strike+1","Echo Form"],"picked":"Reboot","floor":33},{"not_picked":["Hologram"],"picked":"SKIP","floor":35},{"not_picked":[],"picked":"Go for the Eyes+1","floor":38},{"not_picked":["Hologram"],"picked":"SKIP","floor":39},{"not_picked":[],"picked":"Compile Driver+1","floor":44},{"not_picked":["Cold Snap+1"],"picked":"SKIP","floor":46},{"not_picked":["Barrage+1"],"picked":"SKIP","floor":48},{"not_picked":[],"picked":"Go for the Eyes+1","floor":54}],"player_experience":98869,"relics_obtained":[{"floor":7,"key":"Regal Pillow"},{"floor":12,"key":"Smiling Mask"},{"floor":19,"key":"Peace Pipe"},{"floor":19,"key":"Molten Egg 2"},{"floor":23,"key":"Mercury Hourglass"},{"floor":25,"key":"StoneCalendar"},{"floor":26,"key":"PreservedInsect"},{"floor":29,"key":"Bag of Marbles"},{"floor":43,"key":"Pocketwatch"},{"floor":46,"key":"Potion Belt"},{"floor":48,"key":"Mango"},{"floor":54,"key":"Emotion Chip"}],"event_choices":[{"damage_healed":0,"gold_gain":75,"player_choice":"Gather Gold","damage_taken":11,"max_hp_gain":0,"max_hp_loss":0,"event_name":"World of Goop","floor":4,"gold_loss":0},{"damage_healed":0,"gold_gain":0,"player_choice":"Fight","damage_taken":0,"max_hp_gain":0,"max_hp_loss":0,"event_name":"Colosseum","floor":19,"gold_loss":0},{"damage_healed":0,"gold_gain":0,"player_choice":"Fought Nobs","damage_taken":0,"max_hp_gain":0,"max_hp_loss":0,"event_name":"Colosseum","floor":19,"gold_loss":0},{"cards_removed":["Defend_B"],"damage_healed":0,"gold_gain":0,"player_choice":"Elegance","damage_taken":0,"max_hp_gain":0,"max_hp_loss":0,"event_name":"Back to Basics","floor":21,"gold_loss":0},{"damage_healed":0,"gold_gain":300,"player_choice":"Gold","damage_taken":0,"max_hp_gain":0,"max_hp_loss":0,"event_name":"Wheel of Change","floor":41,"gold_loss":0}],"is_beta":false,"boss_relics":[{"not_picked":["Orrery","Ectoplasm"],"picked":"Astrolabe"},{"not_picked":["Snecko Eye","Runic Pyramid"],"picked":"Busted Crown"}],"items_purged_floors":[5,11,22,24,36,37,53],"is_endless":false,"potions_floor_spawned":[2,12,13,16,18,19,23,28,31,33,38,44],"ascension_level":3}