{"gold_per_floor":[110,110,35,45,59,90,90,101,101,116,134,134,34,34,34,110,110,123,38,38,38,38,38,65,65,65,85,85],"floor_reached":28,"playtime":1004,"items_purged":["Strike_R","Strike_R"],"score":425,"play_id":"62b4d95c-91a4-440c-9bf8-376a14fdb807","local_time":"20181230213949","is_ascension_mode":true,"campfire_choices":[{"data":"Carnage","floor":7,"key":"SMITH"},{"data":"Cleave","floor":12,"key":"SMITH"},{"floor":15,"key":"REST"},{"data":"Limit Break","floor":23,"key":"SMITH"},{"data":"Bludgeon","floor":25,"key":"SMITH"}],"neow_cost":"NONE","seed_source_timestamp":30643116267882,"circlet_count":0,"master_deck":["AscendersBane","Strike_R","Defend_R","Defend_R","Defend_R","Defend_R","Bash+1","Carnage+1","Inflame","True Grit","Cleave+1","Twin Strike","Limit Break+1","Bludgeon+1","RitualDagger","Flex"],"relics":["Burning Blood","Potion Belt","Vajra","Velvet Choker","The Courier","Mummified Hand"],"potions_floor_usage":[6,10,16,16,16,24,27],"damage_taken":[{"damage":0,"enemies":"2 Louse","floor":1,"turns":2},{"damage":6,"enemies":"Cultist","floor":4,"turns":3},{"damage":7,"enemies":"Small Slimes","floor":5,"turns":3},{"damage":41,"enemies":"3 Sentries","floor":6,"turns":9},{"damage":14,"enemies":"Blue Slaver","floor":8,"turns":3},{"damage":5,"enemies":"Large Slime","floor":10,"turns":5},{"damage":11,"enemies":"Looter","floor":11,"turns":3},{"damage":41,"enemies":"Hexaghost","floor":16,"turns":8},{"damage":23,"enemies":"3 Byrds","floor":18,"turns":5},{"damage":23,"enemies":"Gremlin Leader","floor":24,"turns":4},{"damage":12,"enemies":"Chosen","floor":27,"turns":3},{"damage":19,"enemies":"Snake Plant","floor":28,"turns":1}],"seed_played":"-1360247056394008923","potions_obtained":[{"floor":1,"key":"Strength Potion"},{"floor":5,"key":"PowerPotion"},{"floor":6,"key":"GamblersBrew"},{"floor":11,"key":"Strength Potion"},{"floor":14,"key":"Regen Potion"},{"floor":14,"key":"PowerPotion"},{"floor":16,"key":"SmokeBomb"},{"floor":24,"key":"Strength Potion"}],"is_trial":false,"path_per_floor":["M","?","$","M","M","E","R","M","T","M","M","R","$","?","R","B",null,"M","$","?","?","$","R","E","R","T","M","M"],"character_chosen":"IRONCLAD","items_purchased":["Bludgeon"],"campfire_rested":1,"item_purchase_floors":[19],"current_hp_per_floor":[74,74,74,74,73,38,38,30,30,31,26,26,26,26,48,28,63,46,46,40,40,40,40,23,23,23,17,0],"gold":85,"neow_bonus":"UPGRADE_CARD","is_prod":false,"is_daily":false,"chose_seed":false,"campfire_upgraded":4,"win_rate":0,"timestamp":1546177189,"path_taken":["M","?","$","?","M","E","R","M","T","M","?","R","$","?","R","BOSS","M","?","?","?","?","R","E","R","T","?","M"],"build_version":"2018-12-20","purchased_purges":2,"victory":false,"max_hp_per_floor":[75,75,75,75,75,75,75,75,75,75,75,75,75,75,75,75,75,75,75,75,75,75,75,75,75,75,75,75],"card_choices":[{"not_picked":["Warcry","Clash"],"picked":"Carnage","floor":1},{"not_picked":["Thunderclap","Infernal Blade"],"picked":"Inflame","floor":4},{"not_picked":["Headbutt","Second Wind"],"picked":"True Grit","floor":5},{"not_picked":["Clothesline","Metallicize","Searing Blow"],"picked":"SKIP","floor":6},{"not_picked":["Clothesline","Pommel Strike"],"picked":"Cleave","floor":8},{"not_picked":["Juggernaut","True Grit"],"picked":"Twin Strike","floor":10},{"not_picked":["Searing Blow","Warcry","Flex"],"picked":"SKIP","floor":11},{"not_picked":["Brutality","Exhume"],"picked":"Limit Break","floor":16},{"not_picked":["Havoc","Clash","Shrug It Off"],"picked":"SKIP","floor":18},{"not_picked":["Armaments","Anger","Second Wind+1"],"picked":"SKIP","floor":24},{"not_picked":["Burning Pact","Dual Wield"],"picked":"Flex","floor":27}],"player_experience":633887,"relics_obtained":[{"floor":6,"key":"Potion Belt"},{"floor":9,"key":"Vajra"},{"floor":24,"key":"The Courier"},{"floor":26,"key":"Mummified Hand"}],"event_choices":[{"cards_removed":["Strike_R"],"damage_healed":0,"gold_gain":0,"player_choice":"Offered Basic","damage_taken":0,"max_hp_gain":0,"max_hp_loss":0,"event_name":"Bonfire Elementals","floor":2,"gold_loss":0},{"damage_healed":0,"gold_gain":0,"player_choice":"Got Potions","damage_taken":0,"max_hp_gain":0,"max_hp_loss":0,"event_name":"Lab","floor":14,"gold_loss":0},{"damage_healed":0,"gold_gain":0,"player_choice":"Joined the Cult","damage_taken":6,"max_hp_gain":0,"max_hp_loss":0,"event_name":"Nest","floor":20,"gold_loss":0,"cards_obtained":["RitualDagger"]},{"cards_removed":["Strike_R"],"damage_healed":0,"gold_gain":0,"player_choice":"Elegance","damage_taken":0,"max_hp_gain":0,"max_hp_loss":0,"event_name":"Back to Basics","floor":21,"gold_loss":0}],"is_beta":false,"boss_relics":[{"not_picked":["Empty Cage","Black Blood"],"picked":"Velvet Choker"}],"items_purged_floors":[3,13],"is_endless":false,"potions_floor_spawned":[1,5,6,11,16,24],"killed_by":"Snake Plant","ascension_level":16}