{"gold_per_floor":[112,187,77,89,104,104,118,118,118,118,137,137,153,53,53,151,151,162,162,37,37,55,55,70,70,94,108,122,140,140,140,140,140],"floor_reached":33,"playtime":1205,"items_purged":["Strike_R","Strike_R","Defend_R"],"score":239,"play_id":"ba0c61e9-a752-4815-bf8d-30d46edacccc","local_time":"20180813001025","is_ascension_mode":false,"campfire_choices":[{"data":"Havoc","floor":6,"key":"SMITH"},{"data":"Rampage","floor":8,"key":"SMITH"},{"data":"Bash","floor":10,"key":"SMITH"},{"data":"Rupture","floor":15,"key":"SMITH"},{"data":"Infernal Blade","floor":23,"key":"SMITH"},{"data":"Bloodletting","floor":30,"key":"SMITH"},{"data":"Impervious","floor":32,"key":"SMITH"}],"neow_cost":"NONE","seed_source_timestamp":50862055271757,"circlet_count":0,"master_deck":["Strike_R","Strike_R","Strike_R","Defend_R","Defend_R","Defend_R","Bash+1","Havoc+1","Thunderclap","Rampage+1","Thunderclap","Rupture+1","Brutality","Infernal Blade+1","RitualDagger","Cleave","Infernal Blade+1","Cleave","Bloodletting+1","Impervious+1"],"relics":["Burning Blood","Meat on the Bone","Sozu","GremlinMask","Bronze Scales"],"potions_floor_usage":[16,28],"damage_taken":[{"damage":6,"enemies":"Jaw Worm","floor":1,"turns":3},{"damage":0,"enemies":"Small Slimes","floor":4,"turns":2},{"damage":0,"enemies":"2 Louse","floor":5,"turns":2},{"damage":3,"enemies":"2 Fungi Beasts","floor":7,"turns":4},{"damage":19,"enemies":"Blue Slaver","floor":11,"turns":4},{"damage":0,"enemies":"Large Slime","floor":13,"turns":4},{"damage":68,"enemies":"Hexaghost","floor":16,"turns":9},{"damage":7,"enemies":"3 Byrds","floor":18,"turns":5},{"damage":30,"enemies":"2 Thieves","floor":22,"turns":4},{"damage":18,"enemies":"3 Cultists","floor":24,"turns":3},{"damage":35,"enemies":"Snecko","floor":27,"turns":5},{"damage":11,"enemies":"Chosen and Byrds","floor":28,"turns":3},{"damage":33,"enemies":"Snake Plant","floor":29,"turns":4},{"damage":91,"enemies":"Automaton","floor":33,"turns":6}],"seed_played":"1869162612050302337","potions_obtained":[{"floor":5,"key":"Dexterity Potion"},{"floor":7,"key":"SkillPotion"},{"floor":11,"key":"Block Potion"}],"is_trial":false,"path_per_floor":["M","?","$","M","M","R","M","R","T","R","M","?","M","$","R","B",null,"M","?","$","?","M","R","M","$","T","M","M","M","R","?","R"],"character_chosen":"IRONCLAD","items_purchased":["Rampage"],"campfire_rested":0,"item_purchase_floors":[3],"current_hp_per_floor":[80,69,69,75,80,80,80,80,80,80,67,72,78,78,78,28,85,84,78,78,78,54,54,54,54,54,37,44,29,29,57,57,0],"gold":140,"neow_bonus":"THREE_CARDS","is_prod":false,"is_daily":false,"chose_seed":false,"campfire_upgraded":7,"win_rate":0,"timestamp":1534090225,"path_taken":["M","?","$","M","M","R","M","R","T","R","M","?","?","$","R","BOSS","M","?","$","?","?","R","M","$","T","M","M","M","R","?","R","BOSS"],"build_version":"2018-08-09","purchased_purges":3,"victory":false,"max_hp_per_floor":[80,80,80,80,80,80,80,80,80,80,80,85,85,85,85,85,85,85,85,85,85,85,85,85,85,85,85,85,85,85,85,85,85],"card_choices":[{"not_picked":["Armaments","Iron Wave"],"picked":"Havoc","floor":0},{"not_picked":["Shrug It Off","Pommel Strike"],"picked":"Thunderclap","floor":1},{"not_picked":["Metallicize","Pommel Strike"],"picked":"Thunderclap","floor":4},{"not_picked":["Armaments","Wild Strike","Blood for Blood"],"picked":"SKIP","floor":5},{"not_picked":["Body Slam","Brutality","Sword Boomerang"],"picked":"SKIP","floor":7},{"not_picked":["Clash","Metallicize"],"picked":"Rupture","floor":11},{"not_picked":["Perfected Strike","Clothesline","Sever Soul"],"picked":"SKIP","floor":13},{"not_picked":["Dark Embrace","Berserk"],"picked":"Brutality","floor":16},{"not_picked":["Warcry","Twin Strike"],"picked":"Infernal Blade","floor":18},{"not_picked":["Corruption","Entrench"],"picked":"Cleave","floor":22},{"not_picked":["Corruption","Headbutt"],"picked":"Infernal Blade+1","floor":24},{"not_picked":["Thunderclap","Heavy Blade+1"],"picked":"Cleave","floor":27},{"not_picked":["Metallicize","Feel No Pain"],"picked":"Bloodletting","floor":28},{"not_picked":["Pummel+1","Perfected Strike+1"],"picked":"Impervious","floor":29}],"player_experience":387680,"relics_obtained":[{"floor":9,"key":"Meat on the Bone"},{"floor":26,"key":"Bronze Scales"}],"event_choices":[{"event_name":"World of Goop","player_choice":"Gather Gold","floor":2,"damage_taken":0},{"event_name":"Big Fish","player_choice":"Donut","floor":12,"damage_taken":0},{"event_name":"Nest","player_choice":"Joined the Cult","floor":19,"damage_taken":0},{"event_name":"FaceTrader","player_choice":"Trade","floor":21,"damage_taken":0},{"event_name":"The Library","player_choice":"Heal","floor":31,"damage_taken":0}],"is_beta":false,"boss_relics":[{"not_picked":["Runic Dome","Eternal Feather"],"picked":"Sozu"}],"items_purged_floors":[3,14,20],"is_endless":false,"potions_floor_spawned":[5,7,11,18,27],"killed_by":"Automaton","ascension_level":0}