{"path_per_floor":["M","?","M","M","M","R","$","R","T","R","?","?","R","M","R","B",null,"M","?","$","?","$","R","M","R","T","T","R","M","M","$","R","B",null,"M","M","?","?","M"],"character_chosen":"THE_SILENT","items_purchased":["Noxious Fumes","Dexterity Potion"],"gold_per_floor":[110,110,122,138,151,151,76,76,76,76,76,76,76,94,94,197,197,184,184,84,84,13,13,25,25,55,55,55,74,88,39,39,137,137,150,160,160,160,180],"floor_reached":40,"campfire_rested":3,"playtime":1959,"current_hp_per_floor":[61,70,70,67,64,64,64,64,64,64,64,50,50,47,47,12,56,47,31,31,31,31,52,41,62,62,62,62,61,45,45,66,52,66,41,41,41,41,25],"items_purged":["Defend_G","Blade Dance"],"gold":180,"score":421,"play_id":"70fccc7d-0118-4023-9662-5f8c5f67cfb9","is_prod":false,"is_daily":false,"is_ascension_mode":true,"campfire_upgraded":4,"path_taken":["M","?","?","M","M","R","$","R","T","R","?","?","R","M","R","BOSS","M","?","$","?","?","R","M","R","T","?","R","M","M","?","R","BOSS","M","M","?","?","M","E"],"build_version":"2018-02-22-PROD1","purchased_purges":2,"victory":false,"master_deck":["Survivor+1","Neutralize+1","Noxious Fumes+1","Adrenaline","Noxious Fumes+1","Footwork","Choke","Underhanded Strike","Flying Knee","Bouncing Flask","Backflip+1"],"max_hp_per_floor":[70,70,70,70,70,70,70,70,70,70,70,70,70,70,70,70,70,70,70,70,70,70,70,70,70,70,70,70,70,70,70,70,70,70,70,70,70,70,70],"relics":["Ring of the Snake","Vajra","Velvet Choker","Nilry\u0027s Codex","Nloth\u0027s Gift","Tiny Chest","Du-Vu Doll","Pandora\u0027s Box"],"card_choices":[{"not_picked":["Dash","Well Laid Plans"],"picked":"Noxious Fumes"},{"not_picked":["Night Terror","Bullet Time"],"picked":"Adrenaline"},{"not_picked":["Cloak And Dagger","Dagger Spray"],"picked":"Backflip"}],"player_experience":168051,"potions_floor_usage":[16,16,33,33,39],"damage_taken":[{"damage":2,"enemies":"Small Slimes","floor":1,"turns":3},{"damage":0,"enemies":"Cultist","floor":3,"turns":3},{"damage":3,"enemies":"2 Louse","floor":4,"turns":3},{"damage":3,"enemies":"Looter","floor":5,"turns":4},{"damage":3,"enemies":"Large Slime","floor":14,"turns":6},{"damage":35,"enemies":"Hexaghost","floor":16,"turns":10},{"damage":9,"enemies":"2 Thieves","floor":18,"turns":4},{"damage":11,"enemies":"Spheric Guardian","floor":24,"turns":5},{"damage":1,"enemies":"3 Cultists","floor":29,"turns":5},{"damage":16,"enemies":"Snake Plant","floor":30,"turns":5},{"damage":14,"enemies":"Automaton","floor":33,"turns":10},{"damage":25,"enemies":"3 Darklings","floor":35,"turns":4},{"damage":0,"enemies":"3 Shapes","floor":36,"turns":5},{"damage":25,"enemies":"3 Darklings","floor":39,"turns":5},{"damage":41,"enemies":"Giant Head","floor":40,"turns":7}],"event_choices":[{"event_name":"Wheel of Change","player_choice":"Full Heal","floor":2,"damage_taken":0},{"event_name":"Transmorgrifier","player_choice":"Transform","floor":11,"damage_taken":0},{"event_name":"Shining Light","player_choice":"Entered Light","floor":12,"damage_taken":0},{"event_name":"Cursed Tome","player_choice":"Obtained Book","floor":19,"damage_taken":0},{"event_name":"N\u0027loth","player_choice":"Traded a Peace Pipe","floor":21,"damage_taken":0},{"event_name":"Tomb of Lord Red Mask","player_choice":"Ignored","floor":37,"damage_taken":0}],"boss_relics":[{"not_picked":["Runic Dome","Astrolabe"],"picked":"Velvet Choker"},{"not_picked":["Snecko Eye","Black Star"],"picked":"Pandora\u0027s Box"}],"potions_floor_spawned":[4,14,16,30,33,36],"seed_played":"-40847601396078441","killed_by":"Giant Head","ascension_level":6,"is_trial":false}