{"gold_per_floor":[115,125,50,50,50,81,95,20,20,20,20,65,65,78,78,156,156,176,194,223,239,257,257,289,339,339,339,358,393,410,410,410,410],"floor_reached":33,"playtime":1229,"items_purged":["Defend_R"],"score":603,"play_id":"adbfa63e-0655-44ff-aacb-f2eaf9810bc1","local_time":"20181227231957","is_ascension_mode":true,"campfire_choices":[{"data":"Immolate","floor":11,"key":"SMITH"},{"data":"Rampage","floor":13,"key":"SMITH"},{"data":"Shrug It Off","floor":15,"key":"SMITH"},{"data":"Demon Form","floor":23,"key":"SMITH"},{"floor":27,"key":"REST"},{"floor":32,"key":"REST"}],"neow_cost":"NONE","seed_source_timestamp":537987724484207,"circlet_count":0,"master_deck":["AscendersBane","Strike_R","Strike_R","Strike_R","Strike_R+1","Defend_R","Defend_R","Defend_R","Bash+1","Rampage+1","Shrug It Off+1","Immolate+1","Inflame","Twin Strike","Demon Form+1","Heavy Blade+1","Rampage","Fire Breathing+1","True Grit+1","Sword Boomerang","Sword Boomerang","Headbutt+1","Ghostly Armor"],"relics":["Burning Blood","NeowsBlessing","Paper Frog","Red Skull","Question Card","Boot","Velvet Choker","Red Mask","Juzu Bracelet","Dodecahedron","Du-Vu Doll","Happy Flower"],"potions_floor_usage":[19,22,33],"damage_taken":[{"damage":0,"enemies":"2 Louse","floor":1,"turns":1},{"damage":0,"enemies":"Jaw Worm","floor":2,"turns":1},{"damage":0,"enemies":"Gremlin Nob","floor":6,"turns":1},{"damage":0,"enemies":"Cultist","floor":7,"turns":2},{"damage":13,"enemies":"Looter","floor":14,"turns":4},{"damage":12,"enemies":"Slime Boss","floor":16,"turns":8},{"damage":17,"enemies":"2 Thieves","floor":18,"turns":3},{"damage":12,"enemies":"3 Byrds","floor":19,"turns":4},{"damage":4,"enemies":"Masked Bandits","floor":20,"turns":3},{"damage":6,"enemies":"3 Cultists","floor":21,"turns":4},{"damage":17,"enemies":"Centurion and Healer","floor":22,"turns":3},{"damage":32,"enemies":"Slavers","floor":24,"turns":5},{"damage":7,"enemies":"Cultist and Chosen","floor":28,"turns":4},{"damage":45,"enemies":"Book of Stabbing","floor":29,"turns":4},{"damage":18,"enemies":"Snake Plant","floor":30,"turns":3},{"damage":60,"enemies":"Collector","floor":33,"turns":6}],"seed_played":"-8875799990115035883","potions_obtained":[{"floor":6,"key":"Weak Potion"},{"floor":7,"key":"FairyPotion"},{"floor":20,"key":"Fire Potion"},{"floor":22,"key":"FearPotion"},{"floor":24,"key":"FairyPotion"},{"floor":30,"key":"BloodPotion"}],"is_trial":false,"path_per_floor":["M","M","?","$","?","E","M","$","T","?","R","T","R","M","R","B",null,"M","M","?","M","M","R","E","?","T","R","M","E","M","?","R","B"],"character_chosen":"IRONCLAD","items_purchased":[],"campfire_rested":2,"item_purchase_floors":[],"current_hp_per_floor":[74,75,75,75,52,58,64,64,64,46,46,46,46,39,39,33,65,54,48,50,50,39,39,13,13,13,35,34,13,13,13,35,0],"gold":410,"neow_bonus":"THREE_ENEMY_KILL","is_prod":false,"is_daily":false,"chose_seed":false,"campfire_upgraded":4,"win_rate":0,"timestamp":1545923997,"path_taken":["M","M","?","$","?","E","M","$","T","?","R","?","R","?","R","BOSS","M","M","?","M","M","R","E","?","T","R","M","E","M","?","R","BOSS"],"build_version":"2018-12-20","purchased_purges":1,"victory":false,"max_hp_per_floor":[75,75,75,75,75,75,75,75,75,75,75,75,75,75,75,75,75,75,75,75,75,75,75,75,75,75,75,75,75,75,75,75,75],"card_choices":[{"not_picked":["Cleave","Twin Strike"],"picked":"Rampage","floor":1},{"not_picked":["Blood for Blood","Heavy Blade"],"picked":"Shrug It Off","floor":2},{"not_picked":["True Grit","Headbutt"],"picked":"Immolate","floor":6},{"not_picked":["Fire Breathing","Searing Blow"],"picked":"Inflame","floor":7},{"not_picked":["Thunderclap","Anger","Carnage"],"picked":"Twin Strike","floor":14},{"not_picked":["Immolate","Brutality","Barricade"],"picked":"Demon Form","floor":16},{"not_picked":["Reckless Charge","Havoc","Thunderclap+1"],"picked":"Heavy Blade+1","floor":18},{"not_picked":["Perfected Strike","Reaper","Havoc"],"picked":"Rampage","floor":19},{"not_picked":["True Grit","Whirlwind","Clash"],"picked":"Fire Breathing+1","floor":20},{"not_picked":["Battle Trance","Headbutt+1","Clothesline"],"picked":"True Grit+1","floor":21},{"not_picked":["Battle Trance","Clash","Searing Blow","Warcry"],"picked":"SKIP","floor":22},{"not_picked":["Thunderclap","Rage","Flame Barrier"],"picked":"Sword Boomerang","floor":24},{"not_picked":["Uppercut","Havoc","Searing Blow"],"picked":"Sword Boomerang","floor":28},{"not_picked":["Burning Pact","Intimidate","Dual Wield"],"picked":"Headbutt+1","floor":29},{"not_picked":["Havoc","Spot Weakness","Sentinel"],"picked":"Ghostly Armor","floor":30}],"player_experience":623806,"relics_obtained":[{"floor":6,"key":"Paper Frog"},{"floor":9,"key":"Red Skull"},{"floor":12,"key":"Boot"},{"floor":20,"key":"Red Mask"},{"floor":24,"key":"Juzu Bracelet"},{"floor":26,"key":"Dodecahedron"},{"floor":29,"key":"Du-Vu Doll"},{"floor":31,"key":"Happy Flower"}],"event_choices":[{"cards_removed":["Strike_R"],"damage_healed":0,"gold_gain":0,"player_choice":"Card Removal","damage_taken":0,"max_hp_gain":0,"max_hp_loss":0,"event_name":"The Cleric","floor":3,"gold_loss":75},{"damage_healed":0,"gold_gain":0,"player_choice":"Entered Light","damage_taken":23,"max_hp_gain":0,"max_hp_loss":0,"event_name":"Shining Light","floor":5,"gold_loss":0,"cards_upgraded":["Bash","Strike_R"]},{"damage_healed":0,"gold_gain":0,"player_choice":"Success","damage_taken":18,"relics_obtained":["Question Card"],"max_hp_gain":0,"max_hp_loss":0,"event_name":"Scrap Ooze","floor":10,"gold_loss":0},{"damage_healed":0,"gold_gain":0,"player_choice":"Fought Bandits","damage_taken":0,"max_hp_gain":0,"max_hp_loss":0,"event_name":"Masked Bandits","floor":20,"gold_loss":0},{"damage_healed":0,"gold_gain":50,"player_choice":"Stole From Cult","damage_taken":0,"max_hp_gain":0,"max_hp_loss":0,"event_name":"Nest","floor":25,"gold_loss":0},{"damage_healed":0,"gold_gain":0,"player_choice":"Relic","damage_taken":0,"max_hp_gain":0,"max_hp_loss":0,"event_name":"Wheel of Change","floor":31,"gold_loss":0}],"is_beta":false,"boss_relics":[{"not_picked":["Coffee Dripper","Pandora\u0027s Box"],"picked":"Velvet Choker"}],"items_purged_floors":[8],"is_endless":false,"potions_floor_spawned":[6,7,20,21,22,24,30],"killed_by":"Collector","ascension_level":16}