{"gold_per_floor":[114,129,144,159,174,204,219,219,219,249,93,108,138,168,168,268,318,333,33,33,33,132,132,162,199,211,253,280,307,349,376,388,500,512,539,551,563,229,0,0,30,30,30,130,130,160,175,190,190,190],"floor_reached":51,"playtime":2920,"items_purged":["Strike_R","Strike_R","Strike_R"],"score":943,"play_id":"fb0d8cb5-aa50-43b7-957d-4f3a62cf69a9","local_time":"20190613111444","daily_mods":["Heirloom","Time Dilation","Night Terrors"],"is_ascension_mode":false,"campfire_choices":[{"floor":8,"key":"REST"},{"floor":15,"key":"REST"},{"data":"Armaments","floor":23,"key":"SMITH"},{"floor":32,"key":"REST"},{"data":"Barricade","floor":40,"key":"SMITH"},{"data":"Apotheosis","floor":42,"key":"SMITH"},{"data":"Power Through","floor":45,"key":"SMITH"},{"data":"Offering","floor":49,"key":"SMITH"}],"neow_cost":"","seed_source_timestamp":0,"circlet_count":0,"master_deck":["Defend_R+1","Defend_R","Defend_R","Defend_R+1","Bash","Pommel Strike","Second Wind","Body Slam","Spot Weakness+1","Seeing Red","Warcry","Power Through+1","Body Slam","Offering+1","Armaments+1","Barricade+1","Evolve","Seeing Red","Juggernaut","Madness","Madness","Warcry","Apotheosis+1","Power Through"],"special_seed":18060,"relics":["Burning Blood","Calipers","WingedGreaves","Mercury Hourglass","Blood Vial","Gremlin Horn","War Paint","Tiny House","Lee\u0027s Waffle","MawBank","Vajra","Ice Cream","Pantograph","Regal Pillow","Sozu","Red Mask","Orichalcum","Meat on the Bone","FossilizedHelix","Nunchaku"],"potions_floor_usage":[6,14,16,24,24,24,27,30,30,50,50],"damage_taken":[{"damage":5,"enemies":"Cultist","floor":1,"turns":4},{"damage":0,"enemies":"Small Slimes","floor":2,"turns":3},{"damage":6,"enemies":"Jaw Worm","floor":3,"turns":3},{"damage":7,"enemies":"3 Louse","floor":4,"turns":4},{"damage":12,"enemies":"Looter","floor":5,"turns":4},{"damage":30,"enemies":"3 Sentries","floor":6,"turns":9},{"damage":26,"enemies":"Exordium Thugs","floor":7,"turns":6},{"damage":6,"enemies":"Gremlin Nob","floor":10,"turns":4},{"damage":0,"enemies":"3 Louse","floor":12,"turns":3},{"damage":22,"enemies":"Lagavulin","floor":13,"turns":7},{"damage":22,"enemies":"Gremlin Nob","floor":14,"turns":5},{"damage":36,"enemies":"The Guardian","floor":16,"turns":8},{"damage":12,"enemies":"Spheric Guardian","floor":18,"turns":4},{"damage":22,"enemies":"Gremlin Leader","floor":24,"turns":2},{"damage":32,"enemies":"Book of Stabbing","floor":27,"turns":5},{"damage":2,"enemies":"Chosen","floor":28,"turns":4},{"damage":12,"enemies":"Centurion and Healer","floor":29,"turns":5},{"damage":6,"enemies":"Slavers","floor":30,"turns":3},{"damage":21,"enemies":"Snecko","floor":31,"turns":6},{"damage":10,"enemies":"Collector","floor":33,"turns":10},{"damage":6,"enemies":"3 Darklings","floor":35,"turns":4},{"damage":6,"enemies":"Giant Head","floor":41,"turns":6},{"damage":6,"enemies":"Mind Bloom Boss Battle","floor":44,"turns":4},{"damage":6,"enemies":"Nemesis","floor":46,"turns":3},{"damage":6,"enemies":"Orb Walker","floor":47,"turns":4},{"damage":6,"enemies":"Maw","floor":48,"turns":4},{"damage":6,"enemies":"Awakened One","floor":50,"turns":5}],"seed_played":"2929705001745865417","potions_obtained":[{"floor":3,"key":"SteroidPotion"},{"floor":5,"key":"LiquidBronze"},{"floor":12,"key":"Block Potion"},{"floor":13,"key":"AttackPotion"},{"floor":14,"key":"AttackPotion"},{"floor":16,"key":"FearPotion"},{"floor":17,"key":"EntropicBrew"},{"floor":28,"key":"Dexterity Potion"},{"floor":30,"key":"PowerPotion"},{"floor":31,"key":"Fire Potion"}],"is_trial":false,"path_per_floor":["M","M","M","M","M","E","M","R","T","E","$","M","E","E","R","B",null,"M","$","?","?","?","R","E","T","T","E","M","M","E","M","R","B",null,"M","?","?","$","?","R","E","R","T","?","R","E","M","M","R","B",null],"character_chosen":"IRONCLAD","items_purchased":["Power Through","Lee\u0027s Waffle","Warcry","Apotheosis"],"campfire_rested":3,"item_purchase_floors":[11,19,38,38],"current_hp_per_floor":[80,80,80,79,73,49,29,75,75,75,75,75,59,45,70,40,75,69,82,82,82,82,82,66,66,66,42,48,44,46,33,77,73,77,77,67,67,67,67,67,69,69,69,77,77,77,77,77,77,77],"gold":190,"neow_bonus":"","is_prod":false,"is_daily":true,"chose_seed":false,"campfire_upgraded":5,"win_rate":0,"timestamp":1560392084,"path_taken":["M","?","M","M","M","E","M","R","T","E","?","M","E","E","R","BOSS","M","$","?","?","?","R","E","?","T","E","M","?","E","M","R","BOSS","M","?","?","$","?","R","E","R","T","?","R","E","M","M","R","BOSS"],"build_version":"2019-01-23","purchased_purges":3,"victory":true,"max_hp_per_floor":[80,80,80,80,80,80,80,75,75,75,75,75,75,75,70,70,75,75,82,82,82,82,82,82,82,82,82,82,82,82,82,77,77,77,77,77,77,77,77,77,77,77,77,77,77,77,77,77,77,77],"card_choices":[{"not_picked":["Flex","Uppercut"],"picked":"Pommel Strike","floor":1},{"not_picked":["Pommel Strike","Sword Boomerang"],"picked":"Second Wind","floor":2},{"not_picked":["Anger","True Grit"],"picked":"Body Slam","floor":3},{"not_picked":["Whirlwind","Sword Boomerang","Flex"],"picked":"SKIP","floor":4},{"not_picked":["Rupture","Havoc"],"picked":"Spot Weakness","floor":5},{"not_picked":["Searing Blow","True Grit"],"picked":"Seeing Red","floor":6},{"not_picked":["Flame Barrier","Rage"],"picked":"Warcry","floor":7},{"not_picked":["Wild Strike","Heavy Blade","Flex"],"picked":"SKIP","floor":10},{"not_picked":["Corruption","Clash","Perfected Strike"],"picked":"SKIP","floor":12},{"not_picked":["Exhume","Feed"],"picked":"Body Slam","floor":13},{"not_picked":["Perfected Strike","Cleave","Flex"],"picked":"SKIP","floor":14},{"not_picked":["Double Tap","Limit Break"],"picked":"Offering","floor":16},{"not_picked":["Wild Strike","Cleave"],"picked":"Armaments","floor":17},{"not_picked":["Clothesline","Flame Barrier","Iron Wave+1"],"picked":"SKIP","floor":18},{"not_picked":["Corruption","Flame Barrier+1"],"picked":"Barricade","floor":24},{"not_picked":["Armaments+1","Fire Breathing"],"picked":"Evolve","floor":27},{"not_picked":["Armaments","Pommel Strike","Iron Wave"],"picked":"SKIP","floor":28},{"not_picked":["Sever Soul","Evolve+1","Bloodletting"],"picked":"SKIP","floor":29},{"not_picked":["Shrug It Off","Twin Strike"],"picked":"Seeing Red","floor":30},{"not_picked":["Armaments+1","Iron Wave","Rage"],"picked":"SKIP","floor":31},{"not_picked":["Barricade","Impervious"],"picked":"Juggernaut","floor":33},{"not_picked":["True Grit","Infernal Blade","Wild Strike"],"picked":"SKIP","floor":35},{"not_picked":["Ghostly Armor","Juggernaut","Havoc+1"],"picked":"SKIP","floor":41},{"not_picked":["Flame Barrier","Dual Wield+1"],"picked":"Power Through","floor":46},{"not_picked":["Heavy Blade+1","Reckless Charge+1","Pommel Strike"],"picked":"SKIP","floor":47},{"not_picked":["True Grit+1","Bloodletting+1","Body Slam+1"],"picked":"SKIP","floor":48}],"player_experience":415072,"relics_obtained":[{"floor":6,"key":"WingedGreaves"},{"floor":9,"key":"Mercury Hourglass"},{"floor":10,"key":"Blood Vial"},{"floor":13,"key":"Gremlin Horn"},{"floor":14,"key":"War Paint"},{"floor":24,"key":"MawBank"},{"floor":25,"key":"Vajra"},{"floor":26,"key":"Ice Cream"},{"floor":27,"key":"Pantograph"},{"floor":30,"key":"Regal Pillow"},{"floor":41,"key":"Orichalcum"},{"floor":43,"key":"Meat on the Bone"},{"floor":44,"key":"FossilizedHelix"},{"floor":46,"key":"Nunchaku"}],"event_choices":[{"cards_removed":["Strike_R"],"damage_healed":0,"gold_gain":0,"player_choice":"Elegance","damage_taken":0,"max_hp_gain":0,"max_hp_loss":0,"event_name":"Back to Basics","floor":20,"gold_loss":0},{"damage_healed":0,"gold_gain":0,"player_choice":"Ignored","damage_taken":0,"max_hp_gain":0,"max_hp_loss":0,"event_name":"Ghosts","floor":21,"gold_loss":0},{"damage_healed":0,"gold_gain":99,"player_choice":"Stole From Cult","damage_taken":0,"max_hp_gain":0,"max_hp_loss":0,"event_name":"Nest","floor":22,"gold_loss":0},{"damage_healed":0,"gold_gain":0,"player_choice":"Embrace Madness","damage_taken":10,"max_hp_gain":0,"max_hp_loss":0,"event_name":"Winding Halls","floor":36,"gold_loss":0,"cards_obtained":["Madness","Madness"]},{"cards_removed":["Strike_R"],"damage_healed":0,"gold_gain":0,"player_choice":"Removed Attack","damage_taken":0,"max_hp_gain":0,"max_hp_loss":0,"event_name":"Falling","floor":37,"gold_loss":0},{"damage_healed":0,"gold_gain":0,"player_choice":"Paid","damage_taken":0,"relics_obtained":["Red Mask"],"max_hp_gain":0,"max_hp_loss":0,"event_name":"Tomb of Lord Red Mask","floor":39,"gold_loss":229},{"damage_healed":0,"gold_gain":0,"player_choice":"Fight","damage_taken":0,"max_hp_gain":0,"max_hp_loss":0,"event_name":"MindBloom","floor":44,"gold_loss":0}],"is_beta":false,"boss_relics":[{"not_picked":["Lizard Tail","Black Star"],"picked":"Tiny House"},{"not_picked":["Black Blood","Runic Cube"],"picked":"Sozu"}],"items_purged_floors":[11,19,38],"is_endless":false,"potions_floor_spawned":[3,5,12,13,14,16,28,30,31,41,47,48],"ascension_level":0}