{"gold_per_floor":[116,135,8,21,21,21,31,61,135,135,135,147,25,25,25,104,104,121,135,135],"floor_reached":20,"playtime":761,"items_purged":["Force Field"],"score":348,"play_id":"f1225861-4c34-4202-b114-dc26f25ab837","local_time":"20181105134455","is_ascension_mode":true,"campfire_choices":[{"data":"Zap","floor":6,"key":"SMITH"},{"floor":10,"key":"REST"},{"data":"Ball Lightning","floor":15,"key":"SMITH"}],"neow_cost":"TEN_PERCENT_HP_LOSS","seed_source_timestamp":279820873991111,"circlet_count":0,"master_deck":["AscendersBane","Strike_B","Defend_B","Defend_B","Defend_B","Defend_B","Zap+1","Dualcast","Ball Lightning+1","Cold Snap","Compile Driver","Gash","White Noise","Genetic Algorithm","Conserve Battery","Defragment","Echo Form","Reinforced Body+1"],"relics":["Cracked Core","Dead Branch","Ancient Tea Set","Bottled Flame","Sozu"],"potions_floor_usage":[8,16,16],"damage_taken":[{"damage":0,"enemies":"Cultist","floor":1,"turns":3},{"damage":0,"enemies":"2 Louse","floor":2,"turns":2},{"damage":5,"enemies":"Small Slimes","floor":4,"turns":2},{"damage":2,"enemies":"Blue Slaver","floor":7,"turns":5},{"damage":43,"enemies":"Gremlin Nob","floor":8,"turns":4},{"damage":4,"enemies":"Looter","floor":12,"turns":2},{"damage":1,"enemies":"The Guardian","floor":16,"turns":8},{"damage":28,"enemies":"3 Byrds","floor":18,"turns":5},{"damage":15,"enemies":"Chosen","floor":19,"turns":5},{"damage":16,"enemies":"Sentry and Sphere","floor":20,"turns":3}],"seed_played":"-4806290258254015242","potions_obtained":[{"floor":1,"key":"Dexterity Potion"},{"floor":4,"key":"Strength Potion"},{"floor":12,"key":"Energy Potion"}],"is_trial":false,"path_per_floor":["M","M","$","M","?","R","M","E","T","R","?","M","$","?","R","B",null,"M","M","M"],"character_chosen":"DEFECT","items_purchased":["Gash","Defragment","Regen Potion"],"campfire_rested":1,"item_purchase_floors":[3,13,13],"current_hp_per_floor":[64,64,64,59,48,48,46,3,3,22,22,18,18,18,18,32,56,28,13,0],"gold":135,"neow_bonus":"TRANSFORM_TWO_CARDS","is_prod":false,"is_daily":false,"chose_seed":false,"campfire_upgraded":2,"win_rate":0,"timestamp":1541447095,"path_taken":["M","M","$","M","?","R","M","E","T","R","?","M","$","?","R","BOSS","M","M","M"],"build_version":"2018-11-01","purchased_purges":1,"victory":false,"max_hp_per_floor":[64,64,64,64,64,64,64,64,64,64,64,64,64,64,64,64,64,64,64,64],"card_choices":[{"not_picked":["Hello World","Sweeping Beam"],"picked":"Cold Snap","floor":1},{"not_picked":["Skim","Chaos"],"picked":"Compile Driver","floor":2},{"not_picked":["Undo","Leap"],"picked":"White Noise","floor":4},{"not_picked":["Coolheaded","Leap"],"picked":"Genetic Algorithm","floor":7},{"not_picked":["Streamline","Hyperbeam","Conserve Battery"],"picked":"SKIP","floor":8},{"not_picked":["Stack","Streamline"],"picked":"Conserve Battery","floor":12},{"not_picked":["Buffer","Thunder Strike"],"picked":"Echo Form","floor":16},{"not_picked":["Scrape","Redo"],"picked":"Reinforced Body+1","floor":18},{"not_picked":["Coolheaded","Ball Lightning","Rebound"],"picked":"SKIP","floor":19}],"player_experience":932448,"relics_obtained":[{"floor":8,"key":"Ancient Tea Set"},{"floor":9,"key":"Bottled Flame"}],"event_choices":[{"damage_healed":0,"gold_gain":0,"player_choice":"Success","damage_taken":11,"relics_obtained":["Dead Branch"],"max_hp_gain":0,"max_hp_loss":0,"event_name":"Scrap Ooze","floor":5,"gold_loss":0},{"damage_healed":0,"gold_gain":0,"player_choice":"Ignored","damage_taken":0,"max_hp_gain":0,"max_hp_loss":0,"event_name":"Golden Idol","floor":11,"gold_loss":0},{"cards_removed":["Strike_B"],"damage_healed":0,"gold_gain":0,"player_choice":"Forget","damage_taken":0,"max_hp_gain":0,"max_hp_loss":0,"event_name":"Living Wall","floor":14,"gold_loss":0}],"is_beta":false,"boss_relics":[{"not_picked":["Fusion Hammer","Eternal Feather"],"picked":"Sozu"}],"items_purged_floors":[3],"is_endless":false,"potions_floor_spawned":[1,4,12,19],"killed_by":"Sentry and Sphere","ascension_level":20}