{"path_per_floor":["M","M","$","?","M","R","?","M","T","M","R","M","?","M","R","B",null,"M","M","?","M","M","R","E","R","T","?","T","$","R","M","R","B",null,"M","M","$","?","M","R","M","R","T","?","M","R","?","M","R"],"character_chosen":"THE_SILENT","items_purchased":["Backflip","Whetstone","Vajra"],"gold_per_floor":[113,129,1,1,16,16,16,30,30,49,49,59,24,44,44,149,149,166,177,177,193,213,213,244,244,544,544,544,300,300,314,314,413,413,427,441,168,168,186,186,204,204,228,228,246,246,246,264,264],"floor_reached":50,"campfire_rested":2,"playtime":6007,"current_hp_per_floor":[64,63,63,38,38,38,24,24,24,20,41,35,52,49,49,20,70,70,53,40,31,27,49,43,43,43,68,68,68,68,63,63,36,75,67,63,63,63,63,63,57,57,57,57,67,67,67,59,59],"items_purged":["Strike_G","Defend_G","Bane"],"gold":264,"score":487,"play_id":"abfeff61-51b7-410e-8203-39c7f9af3868","is_prod":false,"is_daily":false,"is_ascension_mode":true,"campfire_upgraded":9,"path_taken":["M","M","$","?","M","R","?","?","T","M","R","M","?","M","R","BOSS","M","M","?","M","M","R","E","R","T","?","?","?","R","?","R","BOSS","M","M","$","?","M","R","M","R","T","?","?","R","?","M","R","BOSS"],"build_version":"2018-02-15-PROD1","purchased_purges":3,"victory":false,"master_deck":["Survivor","Neutralize","Calculated Gamble","Well Laid Plans","Backflip+1","Finisher+1","Noxious Fumes+1","Cloak And Dagger+1","Adrenaline+1","Accuracy+1","Malaise+1","Cloak And Dagger+1","Footwork+1","Dagger Throw+1","Cloak And Dagger+1","Catalyst","Adrenaline","Noxious Fumes+1","Noxious Fumes+1","Underhanded Strike","Calculated Gamble","Footwork+1"],"max_hp_per_floor":[70,70,70,70,70,70,70,70,70,70,70,70,70,70,70,70,70,70,70,75,75,75,75,75,75,75,75,75,75,75,75,75,75,75,75,75,75,75,75,75,75,75,75,75,75,75,75,75,75],"relics":["Ring of the Snake","Ice Cream","Gambling Chip","Astrolabe","Dream Catcher","Old Coin","Tingsha","Whetstone","Pandora\u0027s Box","Vajra","Art of War"],"card_choices":[{"not_picked":["Underhanded Strike","Cloak And Dagger"],"picked":"Well Laid Plans"},{"not_picked":["Outmaneuver","Sucker Punch"],"picked":"Finisher"},{"not_picked":["Calculated Gamble","Deadly Poison"],"picked":"Noxious Fumes"},{"not_picked":["Dagger Throw","Underhanded Strike"],"picked":"Cloak And Dagger"},{"not_picked":["A Thousand Cuts","Venomology"],"picked":"Adrenaline"},{"not_picked":["Underhanded Strike","Dagger Spray"],"picked":"Cloak And Dagger"},{"not_picked":["Prepared","Slice"],"picked":"Footwork"},{"not_picked":["Dodge and Roll","Quick Slash"],"picked":"Dagger Throw"},{"not_picked":["Footwork","Slice"],"picked":"Cloak And Dagger"},{"not_picked":["Die Die Die","PiercingWail"],"picked":"Catalyst"},{"not_picked":["Corpse Explosion","Burst"],"picked":"Adrenaline"},{"not_picked":["Outmaneuver","Dagger Spray"],"picked":"Calculated Gamble"},{"not_picked":["Malaise","Outmaneuver"],"picked":"Footwork"}],"player_experience":142966,"potions_floor_usage":[16,16,16,33,41,45,50],"damage_taken":[{"damage":6,"enemies":"Jaw Worm","floor":1,"turns":9},{"damage":1,"enemies":"Small Slimes","floor":2,"turns":4},{"damage":0,"enemies":"2 Louse","floor":5,"turns":3},{"damage":0,"enemies":"Exordium Wildlife","floor":8,"turns":5},{"damage":4,"enemies":"2 Fungi Beasts","floor":10,"turns":4},{"damage":6,"enemies":"Exordium Thugs","floor":12,"turns":6},{"damage":3,"enemies":"Looter","floor":14,"turns":4},{"damage":29,"enemies":"Slime Boss","floor":16,"turns":10},{"damage":0,"enemies":"Spheric Guardian","floor":18,"turns":6},{"damage":17,"enemies":"2 Thieves","floor":19,"turns":5},{"damage":9,"enemies":"Centurion and Healer","floor":21,"turns":8},{"damage":4,"enemies":"Snecko","floor":22,"turns":7},{"damage":6,"enemies":"Book of Stabbing","floor":24,"turns":7},{"damage":5,"enemies":"Snake Plant","floor":31,"turns":4},{"damage":27,"enemies":"Champ","floor":33,"turns":12},{"damage":8,"enemies":"3 Shapes","floor":35,"turns":5},{"damage":4,"enemies":"Orb Walker","floor":36,"turns":3},{"damage":0,"enemies":"Maw","floor":39,"turns":6},{"damage":6,"enemies":"3 Darklings","floor":41,"turns":4},{"damage":2,"enemies":"Sphere and 2 Shapes","floor":45,"turns":4},{"damage":8,"enemies":"Maw","floor":48,"turns":5},{"damage":63,"enemies":"Awakened One","floor":50,"turns":3}],"event_choices":[{"event_name":"Scrap Ooze","player_choice":"success","floor":4,"damage_taken":25},{"event_name":"Shining Light","player_choice":"Entered Light","floor":7,"damage_taken":0},{"event_name":"The Cleric","player_choice":"Healed","floor":13,"damage_taken":0},{"event_name":"Forgotten Altar","player_choice":"Shed Blood","floor":20,"damage_taken":0},{"event_name":"The Library","player_choice":"Heal","floor":27,"damage_taken":0},{"event_name":"Mysterious Sphere","player_choice":"Ignore","floor":38,"damage_taken":0},{"event_name":"Accursed Blacksmith","player_choice":"Ignore","floor":47,"damage_taken":0}],"boss_relics":[{"not_picked":["Black Star","Tiny House"],"picked":"Astrolabe"},{"not_picked":["Calling Bell","Velvet Choker"],"picked":"Pandora\u0027s Box"}],"potions_floor_spawned":[8,10,12,18,21,31,36,39,41],"seed_played":"-4192550758952330670","killed_by":"Awakened One","ascension_level":4,"is_trial":false}