{"path_per_floor":["M","M","M","?","M","R","T","$","T","$","M","$","R","M","R","B",null,"M","$","M","$","?","R","E","?","T","M","R","M","?","M","R"],"character_chosen":"THE_SILENT","items_purchased":["Flying Knee"],"gold_per_floor":[111,130,142,142,162,162,189,88,111,11,25,25,25,40,40,141,141,156,31,43,43,43,43,68,68,68,83,83,99,99,111,111],"floor_reached":33,"campfire_rested":3,"playtime":1371,"current_hp_per_floor":[69,69,58,58,52,52,52,52,52,52,47,47,68,54,54,32,70,60,60,59,59,59,65,36,36,36,25,52,43,43,28,55],"items_purged":["Strike_G","Defend_G","Defend_G"],"gold":111,"score":257,"play_id":"5b2c34fe-e904-4887-b6c8-19bdf281ff1f","is_prod":false,"is_daily":false,"is_ascension_mode":false,"campfire_upgraded":3,"path_taken":["M","M","M","?","M","R","?","$","T","$","M","?","R","?","R","BOSS","M","$","M","$","?","R","E","?","T","M","R","?","?","M","R","BOSS"],"build_version":"2018-02-15-PROD1","purchased_purges":3,"victory":false,"master_deck":["Defend_G","Defend_G","Strike_G","Strike_G","Strike_G","Strike_G+1","Survivor","Neutralize+1","Endless Agony+1","Bane","Flying Knee+1","Flying Knee","Flying Knee+1","Quick Slash","Die Die Die","Quick Slash","Predator+1","Escape Plan+1"],"max_hp_per_floor":[70,70,70,70,70,70,70,70,70,70,70,70,70,70,70,70,70,70,70,70,70,70,70,70,70,70,70,70,70,70,70,70],"relics":["Ring of the Snake","Oddly Smooth Stone","Lantern","Pen Nib","Eternal Feather","Whetstone","Toxic Egg 2"],"card_choices":[{"not_picked":["PiercingWail","Well Laid Plans"],"picked":"Endless Agony"},{"not_picked":["Quick Slash","Well Laid Plans"],"picked":"Bane"},{"not_picked":["Quick Slash","Dagger Throw"],"picked":"Flying Knee"},{"not_picked":["Dodge and Roll","Eviscerate"],"picked":"Flying Knee"},{"not_picked":["A Thousand Cuts","Acrobatics"],"picked":"Quick Slash"},{"not_picked":["Corpse Explosion","A Thousand Cuts"],"picked":"Die Die Die"},{"not_picked":["Bane","Deflect"],"picked":"Quick Slash"},{"not_picked":["Dash","Deflect"],"picked":"Predator"},{"not_picked":["Flechettes","Catalyst"],"picked":"Escape Plan"}],"player_experience":64856,"potions_floor_usage":[24,33,33,33],"damage_taken":[{"damage":1,"enemies":"Small Slimes","floor":1,"turns":4},{"damage":0,"enemies":"Cultist","floor":2,"turns":4},{"damage":11,"enemies":"Jaw Worm","floor":3,"turns":4},{"damage":6,"enemies":"Blue Slaver","floor":5,"turns":3},{"damage":5,"enemies":"Gremlin Gang","floor":11,"turns":3},{"damage":14,"enemies":"Exordium Thugs","floor":14,"turns":4},{"damage":22,"enemies":"Slime Boss","floor":16,"turns":8},{"damage":10,"enemies":"Spheric Guardian","floor":18,"turns":3},{"damage":1,"enemies":"Chosen","floor":20,"turns":4},{"damage":29,"enemies":"Slavers","floor":24,"turns":4},{"damage":11,"enemies":"Snecko","floor":27,"turns":3},{"damage":9,"enemies":"Cultist and Chosen","floor":29,"turns":4},{"damage":15,"enemies":"Snake Plant","floor":31,"turns":3},{"damage":60,"enemies":"Collector","floor":33,"turns":8}],"event_choices":[{"event_name":"Wheel of Change","player_choice":"Card Removal","floor":4,"damage_taken":0},{"event_name":"Vampires","player_choice":"Ignored","floor":22,"damage_taken":0},{"event_name":"Addict","player_choice":"Ignored","floor":25,"damage_taken":0},{"event_name":"Cursed Tome","player_choice":"Ignored","floor":30,"damage_taken":0}],"boss_relics":[{"not_picked":["Tiny House","Snecko Eye"],"picked":"Eternal Feather"}],"potions_floor_spawned":[1,2,24,29,31],"seed_played":"538773747907028294","killed_by":"Collector","ascension_level":0,"is_trial":false}