{"gold_per_floor":[19,19,19,19,44,44,60,60,114,114,155,155,80,94,94,217,217,242,242,142,155,155,155,155],"floor_reached":24,"playtime":1176,"items_purged":["Strike_R","Bash"],"score":240,"play_id":"ae05efde-feaf-4086-879b-3e1ab2065355","local_time":"20180814154403","is_ascension_mode":true,"campfire_choices":[{"data":"Uppercut","floor":6,"key":"SMITH"},{"data":"Defend_R","floor":12,"key":"SMITH"},{"data":"Defend_R","floor":15,"key":"SMITH"},{"data":"Headbutt","floor":23,"key":"SMITH"}],"neow_cost":"NO_GOLD","seed_source_timestamp":30655077359632,"circlet_count":0,"master_deck":["Strike_R","Strike_R","Defend_R+1","Defend_R+1","Burning Pact+1","Uppercut+1","Reaper","Armaments","Headbutt+1"],"relics":["Burning Blood","Golden Idol","Juzu Bracelet","Anchor","Bottled Lightning","Empty Cage"],"potions_floor_usage":[18],"damage_taken":[{"damage":4,"enemies":"2 Louse","floor":1,"turns":4},{"damage":13,"enemies":"Jaw Worm","floor":5,"turns":6},{"damage":7,"enemies":"Small Slimes","floor":7,"turns":3},{"damage":20,"enemies":"3 Sentries","floor":11,"turns":8},{"damage":0,"enemies":"2 Fungi Beasts","floor":14,"turns":4},{"damage":19,"enemies":"The Guardian","floor":16,"turns":17},{"damage":35,"enemies":"Shell Parasite","floor":18,"turns":10},{"damage":34,"enemies":"Chosen","floor":21,"turns":7},{"damage":37,"enemies":"Gremlin Leader","floor":24,"turns":3}],"seed_played":"4624218037840650726","potions_obtained":[{"floor":1,"key":"GamblersBrew"},{"floor":11,"key":"LiquidBronze"}],"is_trial":false,"path_per_floor":["M","?","?","?","M","R","M","?","T","?","E","R","$","M","R","B",null,"M","?","$","M","?","R"],"character_chosen":"IRONCLAD","items_purchased":[],"campfire_rested":0,"item_purchase_floors":[],"current_hp_per_floor":[80,60,53,79,72,72,71,71,71,55,41,41,41,47,47,34,69,40,40,40,18,18,18,0],"gold":155,"neow_bonus":"REMOVE_TWO","is_prod":false,"is_daily":false,"chose_seed":false,"campfire_upgraded":4,"win_rate":0,"timestamp":1534232643,"path_taken":["M","?","?","?","M","R","M","?","T","?","E","R","?","M","R","BOSS","M","?","$","M","?","R","E"],"build_version":"2018-08-09","purchased_purges":2,"victory":false,"max_hp_per_floor":[80,80,80,80,80,80,80,80,80,80,80,80,80,80,80,80,80,80,80,80,80,80,80,80],"card_choices":[{"not_picked":["Clothesline","Pummel"],"picked":"Burning Pact","floor":1},{"not_picked":["Thunderclap","Armaments"],"picked":"Uppercut","floor":5},{"not_picked":["Combust","Inflame","Armaments"],"picked":"SKIP","floor":7},{"not_picked":["Disarm","Rupture","Combust"],"picked":"SKIP","floor":11},{"not_picked":["Sword Boomerang","Rupture","Shockwave"],"picked":"SKIP","floor":14},{"not_picked":["Offering","Fiend Fire"],"picked":"Reaper","floor":16},{"not_picked":["Warcry","Armaments","Combust"],"picked":"SKIP","floor":18},{"not_picked":["Fire Breathing","Armaments+1"],"picked":"Headbutt","floor":21}],"player_experience":424732,"relics_obtained":[{"floor":9,"key":"Anchor"},{"floor":11,"key":"Bottled Lightning"}],"event_choices":[{"event_name":"Golden Idol","player_choice":"Take Damage","floor":2,"damage_taken":0},{"event_name":"Scrap Ooze","player_choice":"success","floor":3,"damage_taken":7},{"event_name":"Big Fish","player_choice":"Banana","floor":4,"damage_taken":0},{"event_name":"Liars Game","player_choice":"disagreed","floor":8,"damage_taken":0},{"event_name":"Shining Light","player_choice":"Entered Light","floor":10,"damage_taken":0},{"event_name":"Match and Keep!","player_choice":"2 cards matched","floor":19,"damage_taken":0},{"event_name":"Back to Basics","player_choice":"Elegance","floor":22,"damage_taken":0}],"is_beta":false,"boss_relics":[{"not_picked":["Calling Bell","Lizard Tail"],"picked":"Empty Cage"}],"items_purged_floors":[13,20],"is_endless":false,"potions_floor_spawned":[1,11],"killed_by":"Gremlin Leader","ascension_level":5}