{"gold_per_floor":[115,115,13,13,28,28,28,28,28,46,59,78,78,94,94,194,194,210,229,154,154,174,174,201,221,274,294,294,328,328,328,328,328],"floor_reached":33,"playtime":1729,"items_purged":["Strike_B"],"score":302,"play_id":"36bbc5b0-fa52-4e52-9201-99f32d238358","local_time":"20180812203610","is_ascension_mode":false,"campfire_choices":[{"data":"Dualcast","floor":6,"key":"SMITH"},{"data":"Zap","floor":8,"key":"SMITH"},{"data":"Gash","floor":13,"key":"SMITH"},{"data":"Gash","floor":15,"key":"SMITH"},{"data":"Defend_B","floor":23,"key":"SMITH"},{"floor":28,"key":"REST"},{"floor":30,"key":"REST"},{"floor":32,"key":"REST"}],"neow_cost":"TEN_PERCENT_HP_LOSS","seed_source_timestamp":37485246342517,"circlet_count":0,"master_deck":["Strike_B+1","Strike_B","Defend_B+1","Defend_B","Defend_B","Zap+1","Dualcast+1","Flash of Steel+1","Conserve Battery+1","Gash+1","Gash+1","Coolheaded+1","Streamline+1","Compile Driver+1","Ghostly+1","Ghostly+1","Ghostly+1","Ghostly+1","Ghostly+1"],"relics":["Cracked Core","Toxic Egg 2","Black Star","Peace Pipe","Bird Faced Urn","DataDisk","Sundial","Unceasing Top"],"potions_floor_usage":[11,12,19,25],"damage_taken":[{"damage":6,"enemies":"Jaw Worm","floor":1,"turns":4},{"damage":0,"enemies":"2 Louse","floor":5,"turns":1},{"damage":2,"enemies":"Small Slimes","floor":10,"turns":2},{"damage":0,"enemies":"2 Fungi Beasts","floor":11,"turns":3},{"damage":2,"enemies":"Large Slime","floor":12,"turns":5},{"damage":1,"enemies":"Lots of Slimes","floor":14,"turns":3},{"damage":31,"enemies":"Slime Boss","floor":16,"turns":10},{"damage":20,"enemies":"2 Thieves","floor":18,"turns":4},{"damage":5,"enemies":"3 Byrds","floor":19,"turns":5},{"damage":10,"enemies":"3 Cultists","floor":22,"turns":5},{"damage":21,"enemies":"Gremlin Leader","floor":24,"turns":9},{"damage":5,"enemies":"Snake Plant","floor":25,"turns":5},{"damage":4,"enemies":"Snecko","floor":27,"turns":5},{"damage":28,"enemies":"Slavers","floor":29,"turns":6},{"damage":43,"enemies":"Collector","floor":33,"turns":7}],"seed_played":"-6404792998235916580","potions_obtained":[{"floor":5,"key":"SkillPotion"},{"floor":10,"key":"Swift Potion"},{"floor":14,"key":"SpeedPotion"},{"floor":18,"key":"SkillPotion"},{"floor":24,"key":"SkillPotion"},{"floor":29,"key":"GamblersBrew"}],"is_trial":false,"path_per_floor":["M","?","$","?","M","R","$","R","T","M","M","M","R","M","R","B",null,"M","M","$","?","M","R","E","M","T","M","R","E","R","?","R"],"character_chosen":"DEFECT","items_purchased":["Flash of Steel"],"campfire_rested":3,"item_purchase_floors":[3],"current_hp_per_floor":[62,67,67,52,52,52,52,52,52,50,50,48,48,47,47,16,73,53,48,48,48,38,38,17,12,12,8,29,1,22,22,32,0],"gold":328,"neow_bonus":"REMOVE_TWO","is_prod":false,"is_daily":false,"chose_seed":false,"campfire_upgraded":5,"win_rate":0,"timestamp":1534077370,"path_taken":["M","?","$","?","M","R","$","R","T","M","M","M","R","M","R","BOSS","M","M","$","?","M","R","E","M","T","M","R","E","R","?","R","BOSS"],"build_version":"2018-08-09","purchased_purges":1,"victory":false,"max_hp_per_floor":[68,73,73,73,73,73,73,73,73,73,73,73,73,73,73,73,73,73,73,73,73,73,73,73,73,73,73,73,73,73,36,36,36],"card_choices":[{"not_picked":["Coolheaded","Barrage","Redo"],"picked":"SKIP","floor":1},{"not_picked":["Coolheaded","Fusion","Redo"],"picked":"SKIP","floor":5},{"not_picked":["Go for the Eyes","Recycle+1"],"picked":"Conserve Battery+1","floor":10},{"not_picked":["Scrape","Heatsinks"],"picked":"Gash","floor":11},{"not_picked":["Tempest+1","Heatsinks","Coolheaded+1"],"picked":"SKIP","floor":12},{"not_picked":["Glacier+1","Steam+1"],"picked":"Gash","floor":14},{"not_picked":["Skim+1","Go for the Eyes","Conserve Battery+1"],"picked":"SKIP","floor":18},{"not_picked":["Go for the Eyes","Sweeping Beam"],"picked":"Coolheaded+1","floor":19},{"not_picked":["Compile Driver","Steam+1","Leap+1"],"picked":"SKIP","floor":22},{"not_picked":["Compile Driver","Hello World","Stack+1"],"picked":"SKIP","floor":24},{"not_picked":["Defragment+1","Stack+1"],"picked":"Streamline+1","floor":25},{"not_picked":["Leap+1","Conserve Battery+1"],"picked":"Compile Driver+1","floor":27},{"not_picked":["BootSequence+1","Stack+1","Reboot+1"],"picked":"SKIP","floor":29}],"player_experience":380624,"relics_obtained":[{"floor":9,"key":"Toxic Egg 2"},{"floor":24,"key":"Peace Pipe"},{"floor":24,"key":"Bird Faced Urn"},{"floor":26,"key":"DataDisk"},{"floor":29,"key":"Sundial"},{"floor":29,"key":"Unceasing Top"}],"event_choices":[{"event_name":"Big Fish","player_choice":"Donut","floor":2,"damage_taken":0},{"event_name":"Shining Light","player_choice":"Entered Light","floor":4,"damage_taken":0},{"event_name":"Transmorgrifier","player_choice":"Skipped","floor":21,"damage_taken":0},{"event_name":"Ghosts","player_choice":"Became a Ghost","floor":31,"damage_taken":0}],"is_beta":false,"boss_relics":[{"not_picked":["Eternal Feather","White Beast Statue"],"picked":"Black Star"}],"items_purged_floors":[20],"is_endless":false,"potions_floor_spawned":[5,10,14,18,24,29],"killed_by":"Collector","ascension_level":0}