{"gold_per_floor":[113,131,131,146,146,146,6,37,37,2,77,77,89,108,108,108],"floor_reached":16,"playtime":507,"items_purged":[],"score":185,"play_id":"ef08184c-6915-419f-b07b-fb5811c996b7","local_time":"20190609083052","is_ascension_mode":true,"campfire_choices":[{"data":"Hologram","floor":6,"key":"SMITH"},{"data":"Go for the Eyes","floor":12,"key":"SMITH"},{"floor":15,"key":"REST"}],"neow_cost":"NONE","seed_source_timestamp":1871219661793957,"circlet_count":0,"master_deck":["AscendersBane","Strike_B","Strike_B","Strike_B","Defend_B+1","Defend_B","Defend_B","Defend_B","Zap+1","Dualcast+1","Gash","Hologram+1","Reinforced Body","Go for the Eyes+1","Steam","Auto Shields"],"relics":["Cracked Core","Mummified Hand","Frozen Egg 2"],"potions_floor_usage":[8,16,16],"damage_taken":[{"damage":7,"enemies":"Jaw Worm","floor":1,"turns":4},{"damage":7,"enemies":"Small Slimes","floor":2,"turns":3},{"damage":1,"enemies":"2 Louse","floor":4,"turns":3},{"damage":8,"enemies":"Gremlin Nob","floor":8,"turns":4},{"damage":0,"enemies":"Blue Slaver","floor":13,"turns":3},{"damage":7,"enemies":"3 Louse","floor":14,"turns":4},{"damage":41,"enemies":"Slime Boss","floor":16,"turns":11}],"seed_played":"-9186840605975063334","potions_obtained":[{"floor":1,"key":"Weak Potion"},{"floor":2,"key":"Poison Potion"},{"floor":14,"key":"SpeedPotion"}],"is_trial":false,"path_per_floor":["M","M","?","M","?","R","$","E","T","?","?","R","M","M","R","B"],"character_chosen":"DEFECT","items_purchased":["Reinforced Body","Go for the Eyes"],"campfire_rested":1,"item_purchase_floors":[7,7],"current_hp_per_floor":[57,50,50,49,28,28,28,20,20,37,26,26,26,19,40,0],"gold":108,"neow_bonus":"UPGRADE_CARD","is_prod":false,"is_daily":false,"chose_seed":false,"campfire_upgraded":2,"win_rate":0,"timestamp":1560083452,"path_taken":["M","M","?","M","?","R","$","E","T","?","?","R","?","M","R","BOSS"],"build_version":"2019-01-23","purchased_purges":0,"victory":false,"max_hp_per_floor":[71,71,71,71,71,71,71,71,71,71,71,71,71,71,71,71],"card_choices":[{"not_picked":["Chill","Rebound"],"picked":"Gash","floor":1},{"not_picked":["Stack","Go for the Eyes"],"picked":"Hologram","floor":2},{"not_picked":["Static Discharge","Leap","Doom and Gloom"],"picked":"SKIP","floor":4},{"not_picked":["Darkness","Fusion"],"picked":"Steam","floor":8},{"not_picked":["Redo","Storm+1","Hologram"],"picked":"SKIP","floor":13},{"not_picked":["Force Field","Go for the Eyes"],"picked":"Auto Shields","floor":14}],"player_experience":771687,"relics_obtained":[{"floor":8,"key":"Mummified Hand"},{"floor":9,"key":"Frozen Egg 2"}],"event_choices":[{"cards_removed":["Strike_B"],"damage_healed":0,"gold_gain":0,"player_choice":"Forget","damage_taken":0,"max_hp_gain":0,"max_hp_loss":0,"event_name":"Living Wall","floor":3,"gold_loss":0},{"damage_healed":0,"gold_gain":0,"player_choice":"Entered Light","damage_taken":21,"max_hp_gain":0,"max_hp_loss":0,"event_name":"Shining Light","floor":5,"gold_loss":0,"cards_upgraded":["Dualcast","Defend_B"]},{"damage_healed":17,"gold_gain":0,"player_choice":"Healed","damage_taken":0,"max_hp_gain":0,"max_hp_loss":0,"event_name":"The Cleric","floor":10,"gold_loss":35},{"damage_healed":0,"gold_gain":75,"player_choice":"Gather Gold","damage_taken":11,"max_hp_gain":0,"max_hp_loss":0,"event_name":"World of Goop","floor":11,"gold_loss":0}],"is_beta":false,"boss_relics":[],"items_purged_floors":[],"is_endless":false,"potions_floor_spawned":[1,2,4,14],"killed_by":"Slime Boss","ascension_level":17}