{"gold_per_floor":[113,129,129,47,47,47,73,73,149,149,205,19,48,48,48,162,162,177,210,239,90,90,137,137,168,168,201,201,43,62,92,92,199,199,215,233,173,223,0,0,0,0,76,122,122,156,184,197,197,211],"floor_reached":51,"playtime":2907,"items_purged":["Writhe"],"score":738,"play_id":"a426882a-edb0-448f-808d-1da226673e58","local_time":"20190613122646","is_ascension_mode":false,"campfire_choices":[{"data":"ChargingUp","floor":6,"key":"SMITH"},{"data":"DC","floor":8,"key":"SMITH"},{"data":"MasterSpark","floor":10,"key":"SMITH"},{"data":"AlicesGift","floor":15,"key":"SMITH"},{"data":"ManaRampage","floor":24,"key":"SMITH"},{"floor":28,"key":"REST"},{"floor":32,"key":"REST"},{"data":"CollectingQuirk","floor":40,"key":"SMITH"},{"data":"OortCloud","floor":42,"key":"SMITH"},{"floor":45,"key":"REST"},{"data":"PropBag","floor":49,"key":"SMITH"}],"neow_cost":"NONE","seed_source_timestamp":61304598516749,"circlet_count":0,"master_deck":["Strike_MRS+1","Strike_MRS","Strike_MRS","Strike_MRS+1","Defend_MRS+1","Defend_MRS","Defend_MRS","Defend_MRS","MasterSpark+1","UpSweep","DC+1","MysteriousBeam","ChargingUp+1","Orbital","GravityBeat+1","Robbery","AlicesGift+1","CollectingQuirk+1","StarBarrage","DoubleSpark","ManaRampage+1","Parasite","Parasite","OortCloud+1","Orbital","IllusionStar","MysteriousBeam+1","BinaryStars","PropBag+1","PulseMagic+1","CollectingQuirk","Parasite","PropBag"],"relics":["MiniHakkero","NeowsBlessing","Bronze Scales","Mercury Hourglass","Letter Opener","Whetstone","Pantograph","Runic Dome","ShroomBag","The Courier","Thread and Needle","Matryoshka","Oddly Smooth Stone","Bag of Preparation","HandDrill","ExperimentalFamiliar","Peace Pipe","Red Mask","Frozen Egg 2","Boot","Meat on the Bone"],"potions_floor_usage":[11,13,35],"damage_taken":[{"damage":0,"enemies":"2 Louse","floor":1,"turns":1},{"damage":0,"enemies":"Jaw Worm","floor":2,"turns":1},{"damage":0,"enemies":"Lagavulin","floor":7,"turns":1},{"damage":0,"enemies":"Gremlin Nob","floor":11,"turns":2},{"damage":0,"enemies":"Small Slimes","floor":13,"turns":2},{"damage":50,"enemies":"The Guardian","floor":16,"turns":7},{"damage":3,"enemies":"Shell Parasite","floor":18,"turns":2},{"damage":6,"enemies":"Chosen","floor":19,"turns":3},{"damage":10,"enemies":"Sentry and Sphere","floor":20,"turns":3},{"damage":7,"enemies":"Gremlin Leader","floor":23,"turns":2},{"damage":20,"enemies":"Slavers","floor":25,"turns":2},{"damage":6,"enemies":"Cultist and Chosen","floor":27,"turns":3},{"damage":14,"enemies":"Shelled Parasite and Fungi","floor":30,"turns":2},{"damage":2,"enemies":"3 Cultists","floor":31,"turns":3},{"damage":75,"enemies":"Collector","floor":33,"turns":8},{"damage":0,"enemies":"3 Shapes","floor":35,"turns":2},{"damage":0,"enemies":"3 Darklings","floor":36,"turns":2},{"damage":29,"enemies":"2 Orb Walkers","floor":38,"turns":4},{"damage":22,"enemies":"Giant Head","floor":44,"turns":6},{"damage":0,"enemies":"Writhing Mass","floor":46,"turns":2},{"damage":0,"enemies":"Maw","floor":47,"turns":4},{"damage":0,"enemies":"Transient","floor":48,"turns":5},{"damage":51,"enemies":"Awakened One","floor":50,"turns":7}],"seed_played":"-8746439228387824225","potions_obtained":[{"floor":7,"key":"Fire Potion"},{"floor":11,"key":"Fruit Juice"},{"floor":19,"key":"SteroidPotion"},{"floor":20,"key":"FearPotion"},{"floor":30,"key":"Energy Potion"},{"floor":35,"key":"ShroomBrew"},{"floor":38,"key":"Energy Potion"}],"is_trial":false,"path_per_floor":["M","M","?","$","?","R","E","R","T","R","?","$","M","?","R","B",null,"M","M","M","$","?","E","R","E","T","M","R","$","M","M","R","B",null,"M","M","$","?","?","R","$","R","T","E","R","M","M","M","R","B",null],"character_chosen":"MARISA","items_purchased":["ChargingUp","Robbery","Whetstone","ShroomBag","HandDrill"],"campfire_rested":3,"item_purchase_floors":[4,12,12,21,29],"current_hp_per_floor":[75,75,60,60,60,60,60,60,60,60,60,60,65,53,53,28,80,77,71,61,61,61,54,54,34,34,32,56,56,44,44,68,13,80,80,80,80,51,51,51,51,51,51,33,57,59,65,67,67,47],"gold":211,"neow_bonus":"THREE_ENEMY_KILL","is_prod":false,"is_daily":false,"chose_seed":false,"campfire_upgraded":8,"win_rate":0.0,"timestamp":1560396406,"path_taken":["M","M","?","$","?","R","E","R","T","R","?","$","M","?","R","BOSS","M","M","M","$","?","E","R","E","T","M","R","$","M","M","R","BOSS","M","M","$","?","?","R","?","R","T","E","R","M","M","M","R","BOSS"],"build_version":"2019-01-23","purchased_purges":1,"victory":true,"max_hp_per_floor":[75,75,75,75,75,75,75,75,75,75,75,75,80,80,80,80,80,80,80,80,80,80,80,80,80,80,80,80,80,80,80,80,80,80,80,80,80,80,80,80,80,80,80,80,80,80,80,80,80,80],"card_choices":[{"not_picked":["PowerUp","EnergyRecoil"],"picked":"DC","floor":1},{"not_picked":["LuminesStrike","OortCloud"],"picked":"MysteriousBeam","floor":2},{"not_picked":["GrandCross","ChargingUp"],"picked":"Orbital","floor":7},{"not_picked":["PowerUp","EventHorizon"],"picked":"GravityBeat","floor":11},{"not_picked":["LuminesStrike","IllusionStar"],"picked":"AlicesGift","floor":13},{"not_picked":["SatelliteIllusion","TreasureHunter"],"picked":"CollectingQuirk","floor":16},{"not_picked":["ManaConvection","6A"],"picked":"StarBarrage","floor":18},{"not_picked":["6A+1","PowerUp"],"picked":"DoubleSpark","floor":19},{"not_picked":["UnstableBomb","ManaConvection"],"picked":"ManaRampage","floor":20},{"not_picked":["GrandCross","SporeBomb+1"],"picked":"OortCloud","floor":23},{"not_picked":["6A+1","MysteriousBeam"],"picked":"Orbital","floor":25},{"not_picked":["AlicesGift","WitchLeyline"],"picked":"IllusionStar","floor":27},{"not_picked":["OpenUniverse","GasGiant"],"picked":"MysteriousBeam+1","floor":30},{"not_picked":["WitchLeyline","DC","ManaConvection+1"],"picked":"SKIP","floor":31},{"not_picked":["MaximisePower","AbsoluteMagnitude"],"picked":"BinaryStars","floor":33},{"not_picked":["SporeBomb+1","DarkMatter+1"],"picked":"PropBag","floor":35},{"not_picked":["AsteroidBelt+1","WitchOfGreed","MeteoricShower+1"],"picked":"SKIP","floor":36},{"not_picked":["ChargingUp+1","DC"],"picked":"PulseMagic+1","floor":38},{"not_picked":["DragonMeteor","WitchLeyline+1"],"picked":"CollectingQuirk","floor":44},{"not_picked":["Occultation","DC","EarthLightRay+1"],"picked":"SKIP","floor":46},{"not_picked":["PowerUp+1","WitchLeyline+1"],"picked":"PropBag","floor":47},{"not_picked":["AsteroidBelt+1","LuminesStrike+1","FairyDestructionRay+1"],"picked":"SKIP","floor":48}],"player_experience":417992,"relics_obtained":[{"floor":7,"key":"Bronze Scales"},{"floor":9,"key":"Mercury Hourglass"},{"floor":23,"key":"Thread and Needle"},{"floor":25,"key":"Matryoshka"},{"floor":26,"key":"Oddly Smooth Stone"},{"floor":26,"key":"Bag of Preparation"},{"floor":38,"key":"Peace Pipe"},{"floor":43,"key":"Frozen Egg 2"},{"floor":43,"key":"Boot"},{"floor":44,"key":"Meat on the Bone"}],"event_choices":[{"damage_healed":0,"gold_gain":0,"player_choice":"Entered Light","damage_taken":15,"max_hp_gain":0,"max_hp_loss":0,"event_name":"Shining Light","floor":3,"gold_loss":0,"cards_upgraded":["Strike_MRS","Defend_MRS"]},{"damage_healed":0,"gold_gain":0,"player_choice":"Ignored","damage_taken":0,"max_hp_gain":0,"max_hp_loss":0,"event_name":"Liars Game","floor":5,"gold_loss":0},{"damage_healed":0,"gold_gain":0,"player_choice":"Searched \u00273\u0027 times","damage_taken":0,"relics_obtained":["Letter Opener"],"max_hp_gain":0,"max_hp_loss":0,"event_name":"Dead Adventurer","floor":11,"gold_loss":0},{"damage_healed":0,"gold_gain":0,"player_choice":"Success","damage_taken":12,"relics_obtained":["Pantograph"],"max_hp_gain":0,"max_hp_loss":0,"event_name":"Scrap Ooze","floor":14,"gold_loss":0},{"damage_healed":0,"gold_gain":0,"player_choice":"Opened","damage_taken":0,"relics_obtained":["The Courier"],"max_hp_gain":0,"max_hp_loss":0,"event_name":"The Mausoleum","floor":22,"gold_loss":0,"cards_obtained":["Writhe"]},{"damage_healed":0,"gold_gain":0,"player_choice":"Fight","damage_taken":0,"max_hp_gain":0,"max_hp_loss":0,"event_name":"Mysterious Sphere","floor":38,"gold_loss":0},{"damage_healed":0,"gold_gain":0,"player_choice":"Paid","damage_taken":0,"relics_obtained":["Red Mask"],"max_hp_gain":0,"max_hp_loss":0,"event_name":"Tomb of Lord Red Mask","floor":39,"gold_loss":223}],"is_beta":false,"boss_relics":[{"not_picked":["Snecko Eye","Pandora\u0027s Box"],"picked":"Runic Dome"},{"not_picked":["Fusion Hammer","Black Star"],"picked":"ExperimentalFamiliar"}],"items_purged_floors":[37],"is_endless":false,"potions_floor_spawned":[7,11,19,20,30,33,35,38,46,48],"ascension_level":0}