{"path_per_floor":["M","M","M","?","?","R","E","R","T","R","E","R","M","M","R","B",null,"M","M","M","M","?","R","T","R","T","M","R","M","$","M","R","B",null,"M","M","?","?","$","R","E","?","T","?","R","M","M","M","R","B"],"character_chosen":"DEFECT","items_purchased":["Frozen Egg 2"],"gold_per_floor":[116,129,144,144,144,144,171,171,171,171,227,227,247,259,259,356,356,368,378,395,413,328,328,408,408,408,420,420,432,105,125,125,230,230,241,259,259,259,159,159,189,189,189,189,189,203,223,237,237,237],"floor_reached":51,"campfire_rested":5,"playtime":4613,"current_hp_per_floor":[74,71,69,62,67,67,39,63,63,63,27,51,38,23,47,46,80,62,66,60,49,49,49,49,49,49,51,51,58,58,54,78,62,80,77,61,61,61,61,80,59,59,59,79,79,70,64,71,71,42],"items_purged":["Strike_B","Strike_B"],"gold":237,"score":639,"play_id":"229fe1e0-8b6f-4a3c-99e8-af6263a3b690","local_time":"20180426205149","is_prod":false,"is_daily":false,"chose_seed":false,"is_ascension_mode":false,"campfire_upgraded":6,"timestamp":1524793909,"path_taken":["M","?","M","?","?","R","E","R","T","R","E","R","M","M","R","BOSS","M","M","M","M","?","R","?","R","T","M","R","?","$","M","R","BOSS","M","?","?","?","$","R","E","?","T","?","R","M","M","M","R","BOSS"],"build_version":"2018-04-26","seed_source_timestamp":1325959025930656,"purchased_purges":2,"victory":true,"master_deck":["Defend_B+1","Defend_B","Defend_B+1","Defend_B","Zap+1","Dualcast+1","Impulse+1","Capacitor+1","Coolheaded","Self Repair","Biased Cognition","Chill+1","Allocate+1","Reinforced Body+1","Leap+1","Capacitor+1","Capacitor+1","Coolheaded+1","Tempest+1","Impulse+1","Ball Lightning","Defragment+1"],"max_hp_per_floor":[75,75,75,75,80,80,80,80,80,80,80,80,80,80,80,80,80,80,80,80,80,80,80,80,80,80,80,80,80,80,80,80,80,80,80,80,80,80,80,80,80,80,80,80,80,80,80,80,80,80],"relics":["Cracked Core","Mercury Hourglass","Vajra","Tiny Chest","Velvet Choker","War Paint","Bottled Tornado","Toxic Egg 2","Frozen Egg 2","Sozu","Happy Flower","Peace Pipe"],"card_choices":[{"not_picked":["Leap","Stack"],"picked":"Impulse","floor":3},{"not_picked":["Ball Lightning","Tempest"],"picked":"Capacitor","floor":7},{"not_picked":["FTL","Reboot"],"picked":"Coolheaded","floor":11},{"not_picked":["Tempest","Melter"],"picked":"Self Repair","floor":14},{"not_picked":["All For One","Fusion"],"picked":"Biased Cognition","floor":16},{"not_picked":["Leap","Cold Snap"],"picked":"Chill","floor":18},{"not_picked":["Auto Shields","Coolheaded"],"picked":"Allocate","floor":19},{"not_picked":["Reboot","Hello World"],"picked":"Reinforced Body","floor":20},{"not_picked":["Gash","Streamline"],"picked":"Leap","floor":27},{"not_picked":["Aggregate","Sweeping Beam"],"picked":"Capacitor","floor":29},{"not_picked":["Sweeping Beam","Force Field"],"picked":"Capacitor","floor":31},{"not_picked":["Cold Snap","Chaos"],"picked":"Coolheaded","floor":35},{"not_picked":["Cold Snap","Beam Cell"],"picked":"Ball Lightning","floor":36},{"not_picked":["Echo Form","Beam Cell"],"picked":"Tempest","floor":41},{"not_picked":["Leap","Coolheaded"],"picked":"Impulse","floor":46},{"not_picked":["Go for the Eyes","Streamline"],"picked":"Ball Lightning","floor":47},{"not_picked":["Storm","Force Field"],"picked":"Defragment","floor":48}],"player_experience":32407,"potions_floor_usage":[11,16,16,21,33,33,35],"damage_taken":[{"damage":1,"enemies":"Cultist","floor":1,"turns":4},{"damage":3,"enemies":"Small Slimes","floor":2,"turns":3},{"damage":2,"enemies":"Jaw Worm","floor":3,"turns":5},{"damage":28,"enemies":"3 Sentries","floor":7,"turns":9},{"damage":36,"enemies":"Gremlin Nob","floor":11,"turns":5},{"damage":13,"enemies":"Lots of Slimes","floor":13,"turns":3},{"damage":15,"enemies":"3 Louse","floor":14,"turns":4},{"damage":23,"enemies":"The Guardian","floor":16,"turns":16},{"damage":25,"enemies":"Spheric Guardian","floor":18,"turns":6},{"damage":3,"enemies":"Shell Parasite","floor":19,"turns":8},{"damage":13,"enemies":"3 Cultists","floor":20,"turns":7},{"damage":18,"enemies":"Chosen and Byrds","floor":21,"turns":9},{"damage":5,"enemies":"Snake Plant","floor":27,"turns":5},{"damage":0,"enemies":"Sentry and Sphere","floor":29,"turns":6},{"damage":11,"enemies":"Cultist and Chosen","floor":31,"turns":9},{"damage":23,"enemies":"Automaton","floor":33,"turns":14},{"damage":10,"enemies":"Orb Walker","floor":35,"turns":6},{"damage":23,"enemies":"3 Darklings","floor":36,"turns":8},{"damage":28,"enemies":"Nemesis","floor":41,"turns":9},{"damage":16,"enemies":"Flame Bruiser 2 Orb","floor":46,"turns":6},{"damage":13,"enemies":"Maw","floor":47,"turns":6},{"damage":0,"enemies":"Sphere and 2 Shapes","floor":48,"turns":6},{"damage":36,"enemies":"Awakened One","floor":50,"turns":11}],"event_choices":[{"event_name":"Golden Wing","player_choice":"Card Removal","floor":4,"damage_taken":0},{"event_name":"Big Fish","player_choice":"Donut","floor":5,"damage_taken":0},{"event_name":"Addict","player_choice":"Obtained Relic","floor":22,"damage_taken":0},{"event_name":"Mysterious Sphere","player_choice":"Ignore","floor":37,"damage_taken":0},{"event_name":"SensoryStone","player_choice":"Memory 1","floor":42,"damage_taken":0},{"event_name":"Winding Halls","player_choice":"Writhe","floor":44,"damage_taken":0}],"boss_relics":[{"not_picked":["Tiny House","Cursed Key"],"picked":"Velvet Choker"},{"not_picked":["Snecko Eye","Nuclear Battery"],"picked":"Sozu"}],"potions_floor_spawned":[2,3,11,13,14,16,18,27,35,47,48],"seed_played":"32813652842313498","ascension_level":0,"is_trial":false}