{"gold_per_floor":[219,144,144,44,44,44,59,59,113,213,238,250,250,261,261,358,358,376,251,265,81,81,116,128,140],"floor_reached":25,"playtime":877,"items_purged":["Strike_R","Defend_R","Strike_R","Strike_R"],"score":271,"play_id":"d95be56b-c0b3-41e5-8c8f-76908ce9bf04","local_time":"20180814121459","is_ascension_mode":true,"campfire_choices":[{"data":"Bash","floor":6,"key":"SMITH"},{"data":"Cleave","floor":8,"key":"SMITH"},{"data":"Clash","floor":15,"key":"SMITH"},{"data":"Flame Barrier","floor":24,"key":"SMITH"}],"neow_cost":"NONE","seed_source_timestamp":18409851519228,"circlet_count":0,"master_deck":["Strike_R","Strike_R","Defend_R","Defend_R","Defend_R","Bash+1","Cleave+1","Clash+1","Headbutt","Berserk+1","Cleave","Evolve+1","Flame Barrier+1"],"relics":["Black Blood","Lantern","Pen Nib","Frozen Egg 2","Vajra","MawBank"],"potions_floor_usage":[23,23],"damage_taken":[{"damage":1,"enemies":"Cultist","floor":1,"turns":4},{"damage":0,"enemies":"Small Slimes","floor":7,"turns":3},{"damage":40,"enemies":"Lagavulin","floor":11,"turns":4},{"damage":0,"enemies":"2 Louse","floor":12,"turns":1},{"damage":0,"enemies":"Lots of Slimes","floor":14,"turns":1},{"damage":17,"enemies":"Slime Boss","floor":16,"turns":7},{"damage":21,"enemies":"Shell Parasite","floor":18,"turns":4},{"damage":3,"enemies":"3 Byrds","floor":20,"turns":3},{"damage":36,"enemies":"Slavers","floor":23,"turns":3},{"damage":35,"enemies":"Gremlin Leader","floor":25,"turns":3}],"seed_played":"-7453602349200183657","potions_obtained":[{"floor":11,"key":"Poison Potion"},{"floor":12,"key":"Dexterity Potion"},{"floor":14,"key":"Ancient Potion"}],"is_trial":false,"path_per_floor":["M","$","?","$","?","R","M","R","T","?","E","M","T","M","R","B",null,"M","$","M","$","?","E","R"],"character_chosen":"IRONCLAD","items_purchased":["Evolve+1"],"campfire_rested":0,"item_purchase_floors":[21],"current_hp_per_floor":[80,80,80,80,80,80,80,80,80,80,46,52,52,58,58,47,72,61,61,68,68,53,27,27,0],"gold":140,"neow_bonus":"HUNDRED_GOLD","is_prod":false,"is_daily":false,"chose_seed":false,"campfire_upgraded":4,"win_rate":0,"timestamp":1534220099,"path_taken":["M","$","?","?","?","R","M","R","T","?","E","?","?","M","R","BOSS","M","$","M","$","?","E","R","E"],"build_version":"2018-08-09","purchased_purges":4,"victory":false,"max_hp_per_floor":[80,80,80,80,80,80,80,80,80,80,80,80,80,80,80,80,80,80,80,80,80,85,85,85,85],"card_choices":[{"not_picked":["Sword Boomerang","Twin Strike"],"picked":"Carnage","floor":1},{"not_picked":["Ghostly Armor","Headbutt"],"picked":"Cleave","floor":7},{"not_picked":["Body Slam","Spot Weakness"],"picked":"Clash","floor":11},{"not_picked":["Clothesline","Sever Soul"],"picked":"Headbutt","floor":12},{"not_picked":["Heavy Blade","Infernal Blade"],"picked":"Berserk+1","floor":14},{"not_picked":["Thunderclap","Flex"],"picked":"Cleave","floor":18},{"not_picked":["Clash","Sword Boomerang","Headbutt"],"picked":"SKIP","floor":20},{"not_picked":["Impervious","Fiend Fire"],"picked":"Flame Barrier","floor":23}],"player_experience":412681,"relics_obtained":[{"floor":9,"key":"Pen Nib"},{"floor":11,"key":"Frozen Egg 2"},{"floor":13,"key":"Vajra"},{"floor":23,"key":"MawBank"}],"event_choices":[{"event_name":"WeMeetAgain","player_choice":"Card","floor":3,"damage_taken":0},{"event_name":"The Cleric","player_choice":"Leave","floor":5,"damage_taken":0},{"event_name":"Golden Shrine","player_choice":"Pray","floor":10,"damage_taken":0},{"event_name":"Forgotten Altar","player_choice":"Shed Blood","floor":22,"damage_taken":0}],"is_beta":false,"boss_relics":[{"not_picked":["Astrolabe","Eternal Feather"],"picked":"Black Blood"}],"items_purged_floors":[2,4,19,21],"is_endless":false,"potions_floor_spawned":[11,12,14],"killed_by":"Gremlin Leader","ascension_level":5}