{"gold_per_floor":[109,122,135,155,57,57,90,107,134,149,149,149,149,149],"floor_reached":14,"playtime":1107,"items_purged":["Strike_R"],"score":110,"play_id":"b08e6a2f-6a55-448f-a0b1-46d5a5fc2bbd","local_time":"20190615003159","is_ascension_mode":true,"campfire_choices":[{"data":"Pommel Strike","floor":6,"key":"SMITH"},{"data":"Combust","floor":13,"key":"SMITH"}],"neow_cost":"TEN_PERCENT_HP_LOSS","seed_source_timestamp":368946967043600,"circlet_count":0,"master_deck":["Strike_R","Strike_R","Strike_R","Strike_R","Defend_R","Defend_R","Defend_R","Defend_R","Bash","Reaper","Pommel Strike+1","Metallicize","Heavy Blade","Combust+1","Shrug It Off","Feed","Intimidate","Warcry"],"relics":["Burning Blood","Mummified Hand","Smiling Mask","Golden Idol","FaceOfCleric"],"potions_floor_usage":[4,7],"damage_taken":[{"damage":9,"enemies":"2 Louse","floor":1,"turns":3},{"damage":6,"enemies":"Cultist","floor":2,"turns":3},{"damage":10,"enemies":"Small Slimes","floor":3,"turns":4},{"damage":9,"enemies":"Exordium Wildlife","floor":4,"turns":4},{"damage":39,"enemies":"Lagavulin","floor":7,"turns":7},{"damage":7,"enemies":"3 Louse","floor":8,"turns":3},{"damage":9,"enemies":"2 Fungi Beasts","floor":10,"turns":3},{"damage":50,"enemies":"3 Sentries","floor":14,"turns":4}],"seed_played":"8492593855495705027","potions_obtained":[{"floor":3,"key":"Fire Potion"},{"floor":4,"key":"SkillPotion"},{"floor":7,"key":"SteroidPotion"},{"floor":10,"key":"Ancient Potion"}],"is_trial":false,"path_per_floor":["M","M","M","M","$","R","E","M","T","M","?","?","R","E"],"character_chosen":"IRONCLAD","items_purchased":["Shrug It Off"],"campfire_rested":0,"item_purchase_floors":[5],"current_hp_per_floor":[71,71,68,65,65,65,32,46,46,50,50,50,50,0],"gold":149,"neow_bonus":"THREE_RARE_CARDS","is_prod":false,"is_daily":false,"chose_seed":false,"campfire_upgraded":2,"win_rate":0,"timestamp":1560551519,"path_taken":["M","M","M","M","$","R","E","M","T","M","?","?","R","E"],"build_version":"2019-01-23","purchased_purges":1,"victory":false,"max_hp_per_floor":[72,72,72,72,72,72,72,75,75,78,72,72,72,72],"card_choices":[{"not_picked":["Barricade","Brutality"],"picked":"Reaper","floor":0},{"not_picked":["Clothesline","Thunderclap"],"picked":"Pommel Strike","floor":1},{"not_picked":["Sentinel","Disarm"],"picked":"Metallicize","floor":2},{"not_picked":["Searing Blow","Anger"],"picked":"Heavy Blade","floor":3},{"not_picked":["Havoc","Reckless Charge"],"picked":"Combust","floor":4},{"not_picked":["Fiend Fire","Evolve"],"picked":"Feed","floor":7},{"not_picked":["Anger","Headbutt"],"picked":"Intimidate","floor":8},{"not_picked":["Disarm","Dropkick"],"picked":"Warcry","floor":10}],"player_experience":229702,"relics_obtained":[{"floor":7,"key":"Mummified Hand"},{"floor":9,"key":"Smiling Mask"}],"event_choices":[{"damage_healed":0,"gold_gain":0,"player_choice":"Lose Max HP","damage_taken":0,"relics_obtained":["Golden Idol"],"max_hp_gain":0,"max_hp_loss":6,"event_name":"Golden Idol","floor":11,"gold_loss":0},{"damage_healed":0,"gold_gain":0,"player_choice":"Trade","damage_taken":0,"relics_obtained":["FaceOfCleric"],"max_hp_gain":0,"max_hp_loss":0,"event_name":"FaceTrader","floor":12,"gold_loss":0}],"is_beta":false,"boss_relics":[],"items_purged_floors":[5],"is_endless":false,"potions_floor_spawned":[3,4,7,10],"killed_by":"3 Sentries","ascension_level":4}