{"gold_per_floor":[113,113,14,29,29,55,75,93,93,15,15,35,53,66,66,138,138,158,158,174,174,174],"floor_reached":22,"playtime":1151,"items_purged":["Strike_B"],"score":348,"play_id":"f3d91bf5-b32b-4919-825b-ef0b4269b6d1","local_time":"20190607155053","is_ascension_mode":true,"campfire_choices":[{"floor":11,"key":"REST"},{"data":"Loop","floor":15,"key":"SMITH"}],"neow_cost":"NONE","seed_source_timestamp":1724175393846704,"circlet_count":0,"master_deck":["AscendersBane","Strike_B+1","Strike_B+1","Strike_B","Defend_B","Defend_B","Defend_B","Defend_B","Zap","Dualcast","Sweeping Beam","Glacier","Loop+1","Self Repair","Leap","Core Surge","Leap","White Noise","Echo Form","Undo","Leap","Decay"],"relics":["Cracked Core","Pen Nib","Oddly Smooth Stone","Dodecahedron","Art of War","Philosopher\u0027s Stone","Emotion Chip"],"potions_floor_usage":[18,18],"damage_taken":[{"damage":0,"enemies":"Small Slimes","floor":1,"turns":2},{"damage":2,"enemies":"Jaw Worm","floor":4,"turns":3},{"damage":15,"enemies":"Lagavulin","floor":6,"turns":11},{"damage":0,"enemies":"Cultist","floor":7,"turns":3},{"damage":8,"enemies":"Red Slaver","floor":8,"turns":3},{"damage":10,"enemies":"Large Slime","floor":12,"turns":5},{"damage":1,"enemies":"Blue Slaver","floor":13,"turns":4},{"damage":0,"enemies":"Red Slaver","floor":14,"turns":4},{"damage":43,"enemies":"Hexaghost","floor":16,"turns":16},{"damage":26,"enemies":"3 Byrds","floor":18,"turns":7},{"damage":22,"enemies":"Shell Parasite","floor":20,"turns":6},{"damage":10,"enemies":"Cultist and Chosen","floor":22,"turns":3}],"seed_played":"-8504031994982686770","potions_obtained":[{"floor":6,"key":"Swift Potion"},{"floor":7,"key":"FearPotion"}],"is_trial":false,"path_per_floor":["M","?","$","M","?","E","M","M","T","$","R","M","M","M","R","B",null,"M","T","M","?","M"],"character_chosen":"DEFECT","items_purchased":["Hologram","Core Surge"],"campfire_rested":1,"item_purchase_floors":[3,10],"current_hp_per_floor":[64,43,43,41,41,26,26,18,18,18,39,36,42,49,49,13,57,38,38,23,23,13],"gold":174,"neow_bonus":"RANDOM_COMMON_RELIC","is_prod":false,"is_daily":false,"chose_seed":false,"campfire_upgraded":1,"win_rate":0,"timestamp":1559937053,"path_taken":["M","?","$","M","?","E","M","M","T","$","R","M","?","M","R","BOSS","M","?","M","?","M"],"build_version":"2019-01-23","purchased_purges":1,"victory":false,"max_hp_per_floor":[71,71,71,71,71,71,71,71,71,71,71,71,71,71,71,71,71,71,71,71,71,71],"card_choices":[{"not_picked":["Force Field","Stack"],"picked":"Sweeping Beam","floor":1},{"not_picked":["Coolheaded","FTL"],"picked":"Glacier","floor":4},{"not_picked":["Hologram","Turbo"],"picked":"Loop","floor":6},{"not_picked":["Sweeping Beam","Compile Driver"],"picked":"Self Repair","floor":7},{"not_picked":["Go for the Eyes","Redo"],"picked":"Leap","floor":8},{"not_picked":["Stack","Turbo","Hello World"],"picked":"SKIP","floor":12},{"not_picked":["Compile Driver","Turbo"],"picked":"Leap","floor":13},{"not_picked":["Hologram","Ball Lightning"],"picked":"White Noise","floor":14},{"not_picked":["All For One","Machine Learning"],"picked":"Echo Form","floor":16},{"not_picked":["Coolheaded","Redo"],"picked":"Undo","floor":18},{"not_picked":["Ball Lightning","Cold Snap"],"picked":"Leap","floor":20}],"player_experience":766272,"relics_obtained":[{"floor":6,"key":"Dodecahedron"},{"floor":9,"key":"Art of War"},{"floor":19,"key":"Emotion Chip"}],"event_choices":[{"damage_healed":0,"gold_gain":0,"player_choice":"Entered Light","damage_taken":21,"max_hp_gain":0,"max_hp_loss":0,"event_name":"Shining Light","floor":2,"gold_loss":0,"cards_upgraded":["Strike_B","Strike_B"]},{"cards_removed":["Hologram"],"damage_healed":0,"gold_gain":0,"player_choice":"Gave Card","damage_taken":0,"relics_obtained":["Oddly Smooth Stone"],"max_hp_gain":0,"max_hp_loss":0,"event_name":"WeMeetAgain","floor":5,"gold_loss":0},{"damage_healed":0,"gold_gain":0,"player_choice":"Smashed Altar","damage_taken":0,"max_hp_gain":0,"max_hp_loss":0,"event_name":"Forgotten Altar","floor":21,"gold_loss":0,"cards_obtained":["Decay"]}],"is_beta":false,"boss_relics":[{"not_picked":["Astrolabe","Lizard Tail"],"picked":"Philosopher\u0027s Stone"}],"items_purged_floors":[3],"is_endless":false,"potions_floor_spawned":[6,7,8,16],"killed_by":"Cultist and Chosen","ascension_level":17}