{"gold_per_floor":[111,126,51,71,90,90,121,21,46,62,62,62,62],"floor_reached":13,"playtime":436,"items_purged":["Strike_R","Strike_R"],"score":136,"play_id":"71033cbf-4231-4c85-9f4c-49910948a1f6","local_time":"20181215144506","is_ascension_mode":true,"campfire_choices":[{"data":"Bloodletting","floor":6,"key":"SMITH"},{"floor":11,"key":"REST"}],"neow_cost":"NONE","seed_source_timestamp":246300052350840,"circlet_count":0,"master_deck":["AscendersBane","Strike_R","Strike_R","Strike_R","Defend_R","Defend_R","Defend_R","Defend_R","Bash","Twin Strike","Bloodletting+1"],"relics":["Burning Blood","NeowsBlessing","PreservedInsect","Regal Pillow"],"potions_floor_usage":[7,7,13],"damage_taken":[{"damage":0,"enemies":"Small Slimes","floor":1,"turns":1},{"damage":0,"enemies":"Jaw Worm","floor":2,"turns":1},{"damage":0,"enemies":"Cultist","floor":4,"turns":1},{"damage":10,"enemies":"3 Louse","floor":5,"turns":5},{"damage":69,"enemies":"Lagavulin","floor":7,"turns":9},{"damage":5,"enemies":"2 Fungi Beasts","floor":10,"turns":4},{"damage":53,"enemies":"Gremlin Gang","floor":13,"turns":7}],"seed_played":"-379849058080115289","potions_obtained":[{"floor":1,"key":"Dexterity Potion"},{"floor":5,"key":"LiquidBronze"},{"floor":10,"key":"SkillPotion"}],"is_trial":false,"path_per_floor":["M","M","$","M","M","R","E","$","T","M","R","$","M"],"character_chosen":"IRONCLAD","items_purchased":[],"campfire_rested":1,"item_purchase_floors":[],"current_hp_per_floor":[78,80,80,80,76,76,13,13,13,14,53,53,0],"gold":62,"neow_bonus":"THREE_ENEMY_KILL","is_prod":false,"is_daily":false,"chose_seed":false,"campfire_upgraded":1,"win_rate":0,"timestamp":1544856306,"path_taken":["M","M","$","M","M","R","E","$","T","M","R","$","M"],"build_version":"2018-12-13","purchased_purges":2,"victory":false,"max_hp_per_floor":[80,80,80,80,80,80,80,80,80,80,80,80,80],"card_choices":[{"not_picked":["Shrug It Off","Flex","True Grit"],"picked":"SKIP","floor":1},{"not_picked":["Wild Strike","Sentinel","Thunderclap"],"picked":"SKIP","floor":2},{"not_picked":["Wild Strike","Hemokinesis"],"picked":"Twin Strike","floor":4},{"not_picked":["Entrench","Dark Embrace"],"picked":"Bloodletting","floor":5},{"not_picked":["Combust","Heavy Blade","Perfected Strike"],"picked":"SKIP","floor":7},{"not_picked":["Armaments","Havoc","Warcry"],"picked":"SKIP","floor":10}],"player_experience":575349,"relics_obtained":[{"floor":7,"key":"PreservedInsect"},{"floor":9,"key":"Regal Pillow"}],"event_choices":[],"is_beta":false,"boss_relics":[],"items_purged_floors":[3,8],"is_endless":false,"potions_floor_spawned":[1,5,10],"killed_by":"Gremlin Gang","ascension_level":12}