{"path_per_floor":["M","?","M","?","M","R","?","R","T","R","M","$","?","M","R","B",null,"M","?","M","?","M","R","M","R","T","M","R","M","T","?","R","B",null,"M","M","$","M","?","R","M","?","T","M","$","M","R","M","R","B"],"character_chosen":"THE_SILENT","items_purchased":[],"gold_per_floor":[113,113,133,83,97,97,127,127,127,127,143,68,68,87,87,190,190,190,190,115,115,115,115,115,115,115,115,115,115,115,115,115,115,115,115,115,15,15,15,15,15,15,15,15,15,15,15,15,15,15],"floor_reached":51,"campfire_rested":5,"playtime":3176,"current_hp_per_floor":[63,63,63,63,63,63,63,63,77,77,70,70,63,53,53,36,70,69,53,44,44,29,29,17,41,41,41,65,62,62,62,81,66,77,74,45,45,45,45,69,69,69,69,66,66,66,66,66,81,75],"items_purged":["Strike_G","Strike_G"],"gold":15,"score":912,"play_id":"cc5454af-1609-4d5d-b5be-5a263e234dfa","local_time":"20180314230254","is_prod":false,"is_daily":false,"is_ascension_mode":true,"campfire_upgraded":6,"timestamp":1521086574,"path_taken":["M","?","M","?","M","R","?","R","T","R","M","$","?","?","R","BOSS","M","?","M","?","?","R","M","R","T","M","R","M","?","?","R","BOSS","M","?","$","M","?","R","M","?","T","?","$","M","R","M","R","BOSS"],"build_version":"2018-03-09","purchased_purges":2,"victory":true,"master_deck":["Defend_G","Defend_G","Defend_G","Defend_G+1","Strike_G","Survivor","Neutralize","Bouncing Flask+1","Blur+1","Noxious Fumes+1","Blur+1","Tools of the Trade","Backflip+1","Malaise","Dodge and Roll+1","Calculated Gamble+1","Acrobatics"],"max_hp_per_floor":[70,67,67,67,67,67,67,67,81,81,81,81,81,81,81,81,81,81,81,81,81,81,81,81,81,81,81,81,81,81,81,81,81,81,81,81,81,81,81,81,81,81,81,81,81,81,81,81,81,81],"relics":["Ring of the Snake","Mango","Ectoplasm","Enchiridion","Snake Skull","Bronze Scales","Sozu","Unceasing Top"],"card_choices":[{"not_picked":["Dash","Predator"],"picked":"Blur"},{"not_picked":["Poisoned Stab","Well Laid Plans"],"picked":"Noxious Fumes"},{"not_picked":["Quick Slash","Flying Knee"],"picked":"Blur"},{"not_picked":["Storm of Steel","Envenom"],"picked":"Tools of the Trade"},{"not_picked":["Dodge and Roll","Glass Knife"],"picked":"Backflip"},{"not_picked":["Cloak And Dagger","Dodge and Roll"],"picked":"Malaise"},{"not_picked":["Dagger Throw","Sucker Punch"],"picked":"Dodge and Roll"},{"not_picked":["Catalyst","Poisoned Stab"],"picked":"Calculated Gamble"},{"not_picked":["Bouncing Flask","Outmaneuver"],"picked":"Acrobatics"}],"player_experience":266792,"potions_floor_usage":[33,33,50],"damage_taken":[{"damage":0,"enemies":"2 Louse","floor":1,"turns":4},{"damage":0,"enemies":"Small Slimes","floor":3,"turns":2},{"damage":0,"enemies":"Jaw Worm","floor":5,"turns":4},{"damage":7,"enemies":"3 Louse","floor":11,"turns":4},{"damage":10,"enemies":"Large Slime","floor":14,"turns":6},{"damage":17,"enemies":"The Guardian","floor":16,"turns":8},{"damage":1,"enemies":"Shell Parasite","floor":18,"turns":4},{"damage":9,"enemies":"2 Thieves","floor":20,"turns":4},{"damage":15,"enemies":"Sentry and Sphere","floor":22,"turns":6},{"damage":12,"enemies":"Slaver and Parasite","floor":24,"turns":6},{"damage":0,"enemies":"3 Cultists","floor":27,"turns":6},{"damage":3,"enemies":"Snake Plant","floor":29,"turns":5},{"damage":15,"enemies":"Automaton","floor":33,"turns":13},{"damage":3,"enemies":"Orb Walker","floor":35,"turns":4},{"damage":29,"enemies":"3 Darklings","floor":36,"turns":4},{"damage":0,"enemies":"4 Shapes","floor":38,"turns":6},{"damage":0,"enemies":"Maw","floor":41,"turns":8},{"damage":3,"enemies":"Sphere and 2 Shapes","floor":44,"turns":5},{"damage":0,"enemies":"3 Darklings","floor":46,"turns":5},{"damage":0,"enemies":"Maw","floor":48,"turns":8},{"damage":6,"enemies":"Time Eater","floor":50,"turns":14}],"event_choices":[{"event_name":"Living Wall","player_choice":"Forget","floor":2,"damage_taken":0},{"event_name":"The Cleric","player_choice":"Card Removal","floor":4,"damage_taken":0},{"event_name":"Dead Adventurer","player_choice":"Searched \u00271\u0027 times","floor":7,"damage_taken":0},{"event_name":"Golden Wing","player_choice":"Card Removal","floor":13,"damage_taken":0},{"event_name":"Cursed Tome","player_choice":"Obtained Book","floor":19,"damage_taken":0},{"event_name":"Vampires","player_choice":"Ignored","floor":21,"damage_taken":0},{"event_name":"Addict","player_choice":"Ignored","floor":31,"damage_taken":0},{"event_name":"Golden Shrine","player_choice":"Pray","floor":39,"damage_taken":0},{"event_name":"Mysterious Sphere","player_choice":"Ignore","floor":42,"damage_taken":0}],"boss_relics":[{"not_picked":["Astrolabe","White Beast Statue"],"picked":"Ectoplasm"},{"not_picked":["Runic Pyramid","Pandora\u0027s Box"],"picked":"Sozu"}],"potions_floor_spawned":[1,3,11,16,18,22,36,38,41,46],"seed_played":"2620172646884499431","ascension_level":10,"is_trial":false}