{"gold_per_floor":[112,112,122,139,155,155,182,56,56,56,90,90,103,122,122,122],"floor_reached":16,"playtime":571,"items_purged":["Strike_R"],"score":157,"play_id":"756e4087-807b-40bf-a2cf-6e6da7a45f5d","local_time":"20180815122210","is_ascension_mode":true,"campfire_choices":[{"data":"Whirlwind","floor":6,"key":"SMITH"},{"data":"Bash","floor":12,"key":"SMITH"},{"data":"Inflame","floor":15,"key":"SMITH"}],"neow_cost":"","seed_source_timestamp":105546127886952,"circlet_count":0,"master_deck":["Strike_R","Strike_R","Strike_R","Defend_R","Defend_R","Defend_R","Defend_R","Bash+1","Whirlwind+1","Inflame+1","True Grit"],"relics":["Burning Blood","Paper Frog","Singing Bowl","Smiling Mask"],"potions_floor_usage":[5,16,16],"damage_taken":[{"damage":11,"enemies":"Small Slimes","floor":1,"turns":5},{"damage":6,"enemies":"Cultist","floor":3,"turns":4},{"damage":6,"enemies":"2 Louse","floor":4,"turns":3},{"damage":5,"enemies":"Red Slaver","floor":5,"turns":5},{"damage":15,"enemies":"3 Sentries","floor":7,"turns":3},{"damage":16,"enemies":"Gremlin Nob","floor":11,"turns":3},{"damage":22,"enemies":"Exordium Wildlife","floor":13,"turns":3},{"damage":8,"enemies":"3 Louse","floor":14,"turns":2},{"damage":61,"enemies":"Hexaghost","floor":16,"turns":9}],"seed_played":"4975576539619896007","potions_obtained":[{"floor":3,"key":"Swift Potion"},{"floor":4,"key":"PowerPotion"},{"floor":7,"key":"GamblersBrew"},{"floor":13,"key":"Weak Potion"}],"is_trial":false,"path_per_floor":["M","?","M","M","M","R","E","$","T","?","E","R","M","M","R"],"character_chosen":"IRONCLAD","items_purchased":["True Grit"],"campfire_rested":0,"item_purchase_floors":[8],"current_hp_per_floor":[67,67,67,67,68,68,59,59,59,80,72,72,58,58,58,0],"gold":122,"neow_bonus":"","is_prod":false,"is_daily":false,"chose_seed":false,"campfire_upgraded":3,"win_rate":0,"timestamp":1534306930,"path_taken":["M","?","?","M","M","R","E","$","T","?","E","R","M","M","R","BOSS"],"build_version":"2018-08-09","purchased_purges":1,"victory":false,"max_hp_per_floor":[80,80,80,80,80,80,80,80,80,80,82,82,84,86,86,86],"card_choices":[{"not_picked":["Body Slam","Inflame"],"picked":"Whirlwind","floor":1},{"not_picked":["Twin Strike","Flex","Armaments"],"picked":"SKIP","floor":3},{"not_picked":["Pummel","Cleave","Havoc"],"picked":"SKIP","floor":4},{"not_picked":["Combust","Juggernaut","Wild Strike"],"picked":"SKIP","floor":5},{"not_picked":["Corruption","Burning Pact","Evolve"],"picked":"SKIP","floor":7},{"not_picked":["Headbutt","Thunderclap","Cleave"],"picked":"Singing Bowl","floor":11},{"not_picked":["Clash","Infernal Blade","Anger"],"picked":"Singing Bowl","floor":13},{"not_picked":["Clothesline","Power Through","Iron Wave"],"picked":"Singing Bowl","floor":14}],"player_experience":452073,"relics_obtained":[{"floor":7,"key":"Paper Frog"},{"floor":9,"key":"Singing Bowl"},{"floor":11,"key":"Smiling Mask"}],"event_choices":[{"event_name":"Transmorgrifier","player_choice":"Transform","floor":2,"damage_taken":0},{"event_name":"Big Fish","player_choice":"Banana","floor":10,"damage_taken":0}],"is_beta":false,"boss_relics":[],"items_purged_floors":[8],"is_endless":false,"potions_floor_spawned":[3,4,7,13],"killed_by":"Hexaghost","ascension_level":8}