{"gold_per_floor":[117,117,117,134,29,29,48,48,48,48,77,93,18,29,29,130,130,142,156,168,179,194,227,227,227,227,227,227,227,238,138,138,138],"floor_reached":33,"playtime":1622,"items_purged":["Strike_G","Strike_G"],"score":320,"play_id":"d91abebe-84ed-4cba-a034-5ee688855e0a","local_time":"20180811135226","is_ascension_mode":true,"campfire_choices":[{"data":"Neutralize","floor":6,"key":"SMITH"},{"data":"Neutralize","floor":8,"key":"SMITH"},{"data":"Caltrops","floor":10,"key":"SMITH"},{"data":"Caltrops","floor":15,"key":"SMITH"},{"floor":24,"key":"REST"},{"data":"Adrenaline","floor":27,"key":"SMITH"},{"data":"Survivor","floor":29,"key":"SMITH"},{"floor":32,"key":"REST"}],"neow_cost":"","seed_source_timestamp":50727189489630,"circlet_count":0,"master_deck":["Defend_G","Defend_G","Defend_G","Defend_G","Defend_G","Strike_G","Survivor+1","Neutralize+1","Flying Knee","Unload","Neutralize+1","Deflect","Flash of Steel","Caltrops+1","Caltrops+1","Backstab","Adrenaline+1","Outmaneuver","Deflect+1","Flying Knee+1","Quick Slash","Footwork","Finisher+1"],"relics":["Ring of the Snake","Art of War","Pen Nib","WristBlade","Orichalcum","Nilry\u0027s Codex","Vajra"],"potions_floor_usage":[11,19,21,23,23,30,30],"damage_taken":[{"damage":0,"enemies":"2 Louse","floor":1,"turns":2},{"damage":1,"enemies":"Cultist","floor":4,"turns":3},{"damage":0,"enemies":"Small Slimes","floor":7,"turns":2},{"damage":15,"enemies":"Lagavulin","floor":11,"turns":8},{"damage":1,"enemies":"Looter","floor":12,"turns":3},{"damage":1,"enemies":"Red Slaver","floor":14,"turns":3},{"damage":13,"enemies":"Hexaghost","floor":16,"turns":8},{"damage":5,"enemies":"2 Thieves","floor":18,"turns":4},{"damage":7,"enemies":"Chosen","floor":19,"turns":5},{"damage":16,"enemies":"Sentry and Sphere","floor":20,"turns":5},{"damage":3,"enemies":"Centurion and Healer","floor":21,"turns":4},{"damage":13,"enemies":"Cultist and Chosen","floor":22,"turns":7},{"damage":15,"enemies":"Book of Stabbing","floor":23,"turns":4},{"damage":4,"enemies":"Snake Plant","floor":30,"turns":3},{"damage":37,"enemies":"Champ","floor":33,"turns":7}],"seed_played":"4664912275074406910","potions_obtained":[{"floor":4,"key":"LiquidBronze"},{"floor":7,"key":"Weak Potion"},{"floor":11,"key":"FearPotion"},{"floor":18,"key":"SpeedPotion"},{"floor":20,"key":"Fire Potion"},{"floor":21,"key":"SkillPotion"},{"floor":23,"key":"Swift Potion"}],"is_trial":false,"path_per_floor":["M","?","?","M","$","R","M","R","T","R","E","M","$","M","R","B",null,"M","M","M","M","M","E","R","?","T","R","?","R","M","$","R"],"character_chosen":"THE_SILENT","items_purchased":["Flash of Steel"],"campfire_rested":2,"item_purchase_floors":[5],"current_hp_per_floor":[70,70,70,69,69,69,69,69,69,69,54,53,53,52,52,39,70,65,58,42,39,26,11,32,16,16,16,16,16,12,12,33,0],"gold":138,"neow_bonus":"","is_prod":false,"is_daily":false,"chose_seed":false,"campfire_upgraded":6,"win_rate":0,"timestamp":1533966746,"path_taken":["M","?","?","M","$","R","M","R","T","R","E","?","$","M","R","BOSS","M","M","M","M","M","E","R","?","T","R","?","R","?","$","R","BOSS"],"build_version":"2018-08-09","purchased_purges":2,"victory":false,"max_hp_per_floor":[70,70,70,70,70,70,70,70,70,70,70,70,70,70,70,70,70,70,70,70,70,70,70,70,70,70,70,70,70,70,70,70,70],"card_choices":[{"not_picked":["Sucker Punch","Dagger Throw"],"picked":"Flying Knee","floor":1},{"not_picked":["Prepared","Terror"],"picked":"Deflect","floor":4},{"not_picked":["Accuracy","Well Laid Plans"],"picked":"Caltrops","floor":7},{"not_picked":["Deadly Poison","Skewer","Dodge and Roll"],"picked":"SKIP","floor":11},{"not_picked":["Bane","Accuracy"],"picked":"Caltrops","floor":12},{"not_picked":["Predator","Terror"],"picked":"Backstab","floor":14},{"not_picked":["Storm of Steel","Night Terror"],"picked":"Adrenaline","floor":16},{"not_picked":["Flying Knee","PiercingWail+1"],"picked":"Outmaneuver","floor":18},{"not_picked":["Dodge and Roll","Flying Knee"],"picked":"Deflect+1","floor":19},{"not_picked":["Dodge and Roll","Underhanded Strike"],"picked":"Flying Knee+1","floor":20},{"not_picked":["Predator","Bane+1"],"picked":"Quick Slash","floor":21},{"not_picked":["Outmaneuver","Dagger Throw"],"picked":"Footwork","floor":22},{"not_picked":["Accuracy+1","Deflect","Riddle With Holes"],"picked":"SKIP","floor":23},{"not_picked":["Flechettes","Distraction"],"picked":"Finisher+1","floor":30}],"player_experience":360364,"relics_obtained":[{"floor":9,"key":"Art of War"},{"floor":11,"key":"Pen Nib"},{"floor":23,"key":"Orichalcum"},{"floor":25,"key":"Nilry\u0027s Codex"},{"floor":26,"key":"Vajra"}],"event_choices":[{"event_name":"Match and Keep!","player_choice":"2 cards matched","floor":2,"damage_taken":0},{"event_name":"Wheel of Change","player_choice":"Card Removal","floor":3,"damage_taken":0},{"event_name":"Cursed Tome","player_choice":"Obtained Book","floor":25,"damage_taken":0},{"event_name":"Purifier","player_choice":"One Purge","floor":28,"damage_taken":0}],"is_beta":false,"boss_relics":[{"not_picked":["Busted Crown","Black Star"],"picked":"WristBlade"}],"items_purged_floors":[13,31],"is_endless":false,"potions_floor_spawned":[4,7,11,18,20,21,23],"killed_by":"Champ","ascension_level":4}