{"gold_per_floor":[111,186,186,203,203,203,233,248,248,248,261,286,286,236,236,332,332,344,344,359,139,238,238,208,222,249,280,296,296,328,344,344,446,446,461,461,478,498,498,498,508,188,242,242,257,287,85,104,104,104],"floor_reached":51,"playtime":2740,"items_purged":["Strike_B","Strike_B","Strike_B"],"score":895,"play_id":"d777ec4b-5456-47db-bcb6-ea10e3646c19","local_time":"20190531144724","is_ascension_mode":true,"campfire_choices":[{"data":"Ball Lightning","floor":6,"key":"SMITH"},{"data":"Zap","floor":10,"key":"SMITH"},{"data":"Sweeping Beam","floor":13,"key":"SMITH"},{"data":"Compile Driver","floor":15,"key":"SMITH"},{"data":"Sunder","floor":23,"key":"SMITH"},{"data":"Echo Form","floor":29,"key":"SMITH"},{"data":"Defend_B","floor":32,"key":"SMITH"},{"data":"Buffer","floor":40,"key":"SMITH"},{"data":"Defragment","floor":49,"key":"SMITH"}],"neow_cost":"NONE","seed_source_timestamp":1113953962030788,"circlet_count":0,"master_deck":["Strike_B+1","Defend_B+1","Defend_B","Defend_B","Defend_B","Zap+1","Ball Lightning+1","Sweeping Beam+1","Glacier+1","Leap+1","Compile Driver+1","Echo Form+1","Sunder+1","Leap+1","Reinforced Body+1","Undo+1","Buffer+1","Chaos+1","Defragment+1","Leap+1"],"relics":["Coffee Dripper","Toxic Egg 2","Bronze Scales","Ornamental Fan","Velvet Choker","Juzu Bracelet","Pen Nib","Boot","Blue Candle","Nuclear Battery","Pear","Oddly Smooth Stone","Smiling Mask","Anchor","Whetstone"],"potions_floor_usage":[7,18,50,50,50],"damage_taken":[{"damage":0,"enemies":"Small Slimes","floor":1,"turns":3},{"damage":1,"enemies":"Cultist","floor":4,"turns":4},{"damage":20,"enemies":"Gremlin Nob","floor":7,"turns":4},{"damage":4,"enemies":"Jaw Worm","floor":8,"turns":3},{"damage":0,"enemies":"Large Slime","floor":11,"turns":5},{"damage":6,"enemies":"Lagavulin","floor":12,"turns":6},{"damage":11,"enemies":"The Guardian","floor":16,"turns":12},{"damage":0,"enemies":"Shell Parasite","floor":18,"turns":4},{"damage":12,"enemies":"3 Byrds","floor":20,"turns":2},{"damage":0,"enemies":"3 Cultists","floor":25,"turns":4},{"damage":10,"enemies":"Book of Stabbing","floor":27,"turns":4},{"damage":9,"enemies":"Snake Plant","floor":28,"turns":4},{"damage":0,"enemies":"Gremlin Leader","floor":30,"turns":5},{"damage":0,"enemies":"Chosen and Byrds","floor":31,"turns":5},{"damage":6,"enemies":"Automaton","floor":33,"turns":8},{"damage":0,"enemies":"3 Shapes","floor":35,"turns":4},{"damage":0,"enemies":"3 Darklings","floor":37,"turns":6},{"damage":3,"enemies":"4 Shapes","floor":38,"turns":6},{"damage":0,"enemies":"Spire Growth","floor":41,"turns":6},{"damage":0,"enemies":"Writhing Mass","floor":45,"turns":5},{"damage":0,"enemies":"Giant Head","floor":46,"turns":11},{"damage":0,"enemies":"Jaw Worm Horde","floor":48,"turns":4},{"damage":5,"enemies":"Donu and Deca","floor":50,"turns":11}],"seed_played":"-7150780655984200827","potions_obtained":[{"floor":1,"key":"Weak Potion"},{"floor":7,"key":"GamblersBrew"},{"floor":8,"key":"Block Potion"},{"floor":24,"key":"Strength Potion"},{"floor":24,"key":"Regen Potion"},{"floor":39,"key":"EntropicBrew"},{"floor":45,"key":"FairyPotion"}],"is_trial":false,"path_per_floor":["M","?","?","M","?","R","E","M","T","R","M","E","R","?","R","B",null,"M","?","M","$","?","R","?","M","T","E","M","R","E","M","R","B",null,"M","T","M","M","?","R","M","$","T","?","M","E","$","M","R","B",null],"character_chosen":"DEFECT","items_purchased":["Juzu Bracelet","Defragment","Oddly Smooth Stone","Whetstone"],"campfire_rested":0,"item_purchase_floors":[21,42,42,47],"current_hp_per_floor":[75,64,64,63,75,75,55,51,51,51,51,45,45,45,45,34,75,75,75,63,63,63,63,63,63,63,53,44,44,44,44,44,38,75,75,85,85,82,82,82,82,82,82,81,81,81,81,81,81,76],"gold":104,"neow_bonus":"BOSS_RELIC","is_prod":false,"is_daily":false,"chose_seed":false,"campfire_upgraded":9,"win_rate":0,"timestamp":1559328444,"path_taken":["M","?","?","M","?","R","E","?","T","R","M","E","R","?","R","BOSS","M","?","M","$","?","R","?","M","T","E","M","R","E","M","R","BOSS","M","?","M","M","?","R","M","$","T","?","M","E","$","M","R","BOSS"],"build_version":"2019-01-23","purchased_purges":3,"victory":true,"max_hp_per_floor":[75,75,75,75,75,75,75,75,75,75,75,75,75,75,75,75,75,75,75,75,75,75,75,75,75,75,75,75,75,75,75,75,75,75,75,85,85,85,85,85,85,85,85,81,81,81,81,81,81,81],"card_choices":[{"not_picked":["Ball Lightning","Hello World"],"picked":"Double Energy","floor":1},{"not_picked":["Force Field","Doom and Gloom"],"picked":"Ball Lightning","floor":4},{"not_picked":["Compile Driver","Cold Snap"],"picked":"Sweeping Beam","floor":7},{"not_picked":["Ball Lightning","Hologram+1"],"picked":"Glacier+1","floor":8},{"not_picked":["Coolheaded+1","Gash"],"picked":"Leap+1","floor":11},{"not_picked":["All For One","Stack+1"],"picked":"Compile Driver","floor":12},{"not_picked":["Biased Cognition","Creative AI"],"picked":"Echo Form","floor":16},{"not_picked":["Ball Lightning","Capacitor","Beam Cell"],"picked":"SKIP","floor":18},{"not_picked":["Cold Snap","Coolheaded+1","Fusion+1"],"picked":"SKIP","floor":20},{"not_picked":["Cold Snap","Go for the Eyes"],"picked":"Leap+1","floor":25},{"not_picked":["Steam+1","Genetic Algorithm+1"],"picked":"Reinforced Body+1","floor":27},{"not_picked":["Electrodynamics","White Noise+1"],"picked":"Undo+1","floor":28},{"not_picked":["Chill+1","Beam Cell","Double Energy+1"],"picked":"SKIP","floor":30},{"not_picked":["Steam+1","Compile Driver","Streamline"],"picked":"SKIP","floor":31},{"not_picked":["Reboot+1","Meteor Strike"],"picked":"Buffer","floor":33},{"not_picked":["Chaos+1","Rebound","Compile Driver+1"],"picked":"SKIP","floor":35},{"not_picked":["Steam+1","Cold Snap+1","Rebound"],"picked":"SKIP","floor":37},{"not_picked":["BootSequence+1","Compile Driver"],"picked":"Chaos+1","floor":38},{"not_picked":["Reinforced Body+1","Reprogram+1","Turbo+1"],"picked":"SKIP","floor":41},{"not_picked":["Compile Driver","Storm","Fusion+1"],"picked":"SKIP","floor":45},{"not_picked":["Biased Cognition","Meteor Strike"],"picked":"Leap+1","floor":46},{"not_picked":["Fusion+1","Barrage","Chill+1"],"picked":"SKIP","floor":48}],"player_experience":668923,"relics_obtained":[{"floor":7,"key":"Toxic Egg 2"},{"floor":9,"key":"Bronze Scales"},{"floor":12,"key":"Ornamental Fan"},{"floor":26,"key":"Pen Nib"},{"floor":27,"key":"Boot"},{"floor":30,"key":"Blue Candle"},{"floor":36,"key":"Pear"},{"floor":43,"key":"Smiling Mask"},{"floor":46,"key":"Anchor"}],"event_choices":[{"damage_healed":0,"gold_gain":75,"player_choice":"Gather Gold","damage_taken":11,"max_hp_gain":0,"max_hp_loss":0,"event_name":"World of Goop","floor":2,"gold_loss":0},{"damage_healed":0,"gold_gain":0,"player_choice":"Ignored","damage_taken":0,"max_hp_gain":0,"max_hp_loss":0,"event_name":"Liars Game","floor":3,"gold_loss":0},{"cards_removed":["Double Energy"],"damage_healed":12,"gold_gain":0,"player_choice":"Offered Uncommon","damage_taken":0,"max_hp_gain":0,"max_hp_loss":0,"event_name":"Bonfire Elementals","floor":5,"gold_loss":0},{"cards_removed":["Dualcast"],"damage_healed":0,"gold_gain":0,"player_choice":"Card Removal","damage_taken":0,"max_hp_gain":0,"max_hp_loss":0,"event_name":"The Cleric","floor":14,"gold_loss":50},{"damage_healed":0,"gold_gain":0,"player_choice":"Read","damage_taken":0,"max_hp_gain":0,"max_hp_loss":0,"event_name":"The Library","floor":19,"gold_loss":0,"cards_obtained":["Sunder"]},{"damage_healed":0,"gold_gain":99,"player_choice":"Stole From Cult","damage_taken":0,"max_hp_gain":0,"max_hp_loss":0,"event_name":"Nest","floor":22,"gold_loss":0},{"damage_healed":0,"gold_gain":0,"player_choice":"Bought 2 Potions","damage_taken":0,"max_hp_gain":0,"max_hp_loss":0,"event_name":"The Woman in Blue","floor":24,"gold_loss":0},{"damage_healed":0,"gold_gain":0,"player_choice":"Got Potions","damage_taken":0,"max_hp_gain":0,"max_hp_loss":0,"event_name":"Lab","floor":39,"gold_loss":0},{"damage_healed":0,"gold_gain":0,"player_choice":"Max HP","damage_taken":0,"max_hp_gain":0,"max_hp_loss":4,"event_name":"Winding Halls","floor":44,"gold_loss":0}],"is_beta":false,"boss_relics":[{"not_picked":["Eternal Feather","Tiny House"],"picked":"Velvet Choker"},{"not_picked":["Busted Crown","Fusion Hammer"],"picked":"Nuclear Battery"}],"items_purged_floors":[21,42,47],"is_endless":false,"potions_floor_spawned":[1,7,8,25,28,35,38,45,48],"ascension_level":4}