{"gold_per_floor":[118,132,57,57,81,81,122,122,122,122,72,92,115,131,131,262,262,278,198,198,98,121,465,480,504,504,504,504,539,539,564,564,564],"floor_reached":33,"playtime":1289,"items_purged":["Blood for Blood","Strike_R","Strike_R"],"score":421,"play_id":"64fc9da4-74d7-46ca-8b58-bb70a038c109","local_time":"20180814160550","is_ascension_mode":true,"campfire_choices":[{"data":"Whirlwind","floor":6,"key":"SMITH"},{"data":"Bash","floor":10,"key":"SMITH"},{"data":"Immolate","floor":15,"key":"SMITH"},{"data":"Feed","floor":28,"key":"SMITH"},{"data":"Dropkick","floor":30,"key":"SMITH"},{"data":"Headbutt","floor":32,"key":"SMITH"}],"neow_cost":"NONE","seed_source_timestamp":31849545017696,"circlet_count":0,"master_deck":["Strike_R","Defend_R","Defend_R","Defend_R","Defend_R","Bash+1","Headbutt+1","Whirlwind+1","Immolate+1","Feed+1","Dropkick+1","Uppercut+1","Flex+1","Bloodletting+1"],"relics":["Burning Blood","Golden Idol","Dream Catcher","The Courier","Mark of Pain","Old Coin","Sundial","Singing Bowl"],"potions_floor_usage":[16,16,29,33,33],"damage_taken":[{"damage":8,"enemies":"2 Louse","floor":1,"turns":4},{"damage":0,"enemies":"Small Slimes","floor":2,"turns":3},{"damage":8,"enemies":"Jaw Worm","floor":5,"turns":5},{"damage":56,"enemies":"Lagavulin","floor":7,"turns":8},{"damage":7,"enemies":"Looter","floor":12,"turns":3},{"damage":7,"enemies":"2 Fungi Beasts","floor":13,"turns":2},{"damage":9,"enemies":"Red Slaver","floor":14,"turns":2},{"damage":0,"enemies":"Slime Boss","floor":16,"turns":7},{"damage":11,"enemies":"Shell Parasite","floor":18,"turns":3},{"damage":2,"enemies":"Chosen","floor":22,"turns":3},{"damage":20,"enemies":"Gremlin Leader","floor":23,"turns":5},{"damage":13,"enemies":"Centurion and Healer","floor":24,"turns":5},{"damage":0,"enemies":"3 Cultists","floor":25,"turns":2},{"damage":3,"enemies":"Slavers","floor":29,"turns":2},{"damage":15,"enemies":"Cultist and Chosen","floor":31,"turns":3},{"damage":77,"enemies":"Collector","floor":33,"turns":6}],"seed_played":"9061292277371707201","potions_obtained":[{"floor":2,"key":"Ancient Potion"},{"floor":12,"key":"SpeedPotion"},{"floor":13,"key":"Regen Potion"},{"floor":23,"key":"Energy Potion"},{"floor":24,"key":"Swift Potion"},{"floor":31,"key":"Dexterity Potion"}],"is_trial":false,"path_per_floor":["M","M","$","?","M","R","E","?","T","R","?","M","M","M","R","B",null,"M","$","?","$","M","E","M","M","T","?","R","E","R","M","R"],"character_chosen":"IRONCLAD","items_purchased":[],"campfire_rested":0,"item_purchase_floors":[],"current_hp_per_floor":[78,80,80,60,58,58,8,34,34,34,34,33,32,29,29,47,72,67,67,67,67,71,57,53,59,59,59,59,62,62,59,59,0],"gold":564,"neow_bonus":"TRANSFORM_CARD","is_prod":false,"is_daily":false,"chose_seed":false,"campfire_upgraded":6,"win_rate":0,"timestamp":1534233950,"path_taken":["M","M","$","?","M","R","E","?","T","R","?","M","M","?","R","BOSS","M","$","?","$","M","E","M","M","T","?","R","E","R","M","R","BOSS"],"build_version":"2018-08-09","purchased_purges":3,"victory":false,"max_hp_per_floor":[80,80,80,80,80,80,80,80,80,80,80,80,80,80,80,80,80,80,80,80,80,80,80,83,83,83,83,83,83,83,89,89,89],"card_choices":[{"not_picked":["Thunderclap","True Grit"],"picked":"Headbutt","floor":1},{"not_picked":["Twin Strike","Clothesline","Wild Strike"],"picked":"SKIP","floor":2},{"not_picked":["Metallicize","Battle Trance"],"picked":"Whirlwind","floor":5},{"not_picked":["Body Slam","Shrug It Off","True Grit"],"picked":"SKIP","floor":7},{"not_picked":["Flex","True Grit"],"picked":"Immolate","floor":12},{"not_picked":["Pummel","Rage","Twin Strike"],"picked":"SKIP","floor":13},{"not_picked":["Heavy Blade","True Grit","Rage"],"picked":"SKIP","floor":14},{"not_picked":["Berserk","Fiend Fire"],"picked":"Feed","floor":16},{"not_picked":["Power Through+1","Blood for Blood"],"picked":"Dropkick","floor":18},{"not_picked":["Hemokinesis","Shrug It Off","Clothesline"],"picked":"SKIP","floor":22},{"not_picked":["Rupture+1","Heavy Blade+1","Shrug It Off"],"picked":"SKIP","floor":23},{"not_picked":["Disarm","Anger"],"picked":"Uppercut+1","floor":24},{"not_picked":["Sword Boomerang","Clothesline"],"picked":"Flex+1","floor":25},{"not_picked":["Uppercut","Cleave+1"],"picked":"Bloodletting+1","floor":29},{"not_picked":["Intimidate","Dual Wield","Iron Wave"],"picked":"Singing Bowl","floor":31}],"player_experience":425908,"relics_obtained":[{"floor":7,"key":"Dream Catcher"},{"floor":9,"key":"The Courier"},{"floor":23,"key":"Old Coin"},{"floor":26,"key":"Sundial"},{"floor":29,"key":"Singing Bowl"}],"event_choices":[{"event_name":"Golden Idol","player_choice":"Take Damage","floor":4,"damage_taken":0},{"event_name":"Big Fish","player_choice":"Banana","floor":8,"damage_taken":0},{"event_name":"The Cleric","player_choice":"Card Removal","floor":11,"damage_taken":0},{"event_name":"The Mausoleum","player_choice":"No","floor":20,"damage_taken":0},{"event_name":"Drug Dealer","player_choice":"Ignored","floor":27,"damage_taken":0}],"is_beta":false,"boss_relics":[{"not_picked":["Black Blood","Runic Cube"],"picked":"Mark of Pain"}],"items_purged_floors":[3,19,21],"is_endless":false,"potions_floor_spawned":[2,12,13,23,24,31],"killed_by":"Collector","ascension_level":5}