{"gold_per_floor":[110,124,134,153,165,197,197,215,215,244,244,244,263,279,279,382,382,396,414,427,453,467,499,512,387,387,407,424,442,454,474,474,579,579,599,257,257,277,152,152],"floor_reached":40,"playtime":2593,"items_purged":["Strike_R","Writhe","Parasite"],"score":455,"play_id":"29be166a-3a37-4a14-a492-8edec36a3f1e","local_time":"20190610005325","is_ascension_mode":false,"campfire_choices":[{"floor":7,"key":"REST"},{"data":"Iron Wave","floor":12,"key":"SMITH"},{"data":"Flex","floor":15,"key":"SMITH"},{"data":"Armaments","floor":32,"key":"SMITH"}],"neow_cost":"NONE","seed_source_timestamp":710966269218600,"circlet_count":0,"master_deck":["Strike_R","Strike_R","Strike_R","Strike_R","Defend_R","Defend_R","Defend_R","Defend_R","Bash","Thunderclap","Flex+1","Wild Strike","Cleave","Headbutt","Iron Wave+1","Flex+1","Heavy Blade","Thunderclap+1","Pommel Strike+1","Sword Boomerang","Armaments+1","Twin Strike","Sword Boomerang+1","Iron Wave","Thunderclap+1","Clumsy"],"relics":["Burning Blood","Blood Vial","Bottled Lightning","Singing Bowl","Anchor","Velvet Choker","Red Mask","Pocketwatch","Letter Opener","Calling Bell","Dream Catcher","Gremlin Horn","FossilizedHelix","Molten Egg 2"],"potions_floor_usage":[5,6,10,40,40,40],"damage_taken":[{"damage":7,"enemies":"2 Louse","floor":1,"turns":3},{"damage":6,"enemies":"Cultist","floor":2,"turns":3},{"damage":0,"enemies":"Small Slimes","floor":3,"turns":3},{"damage":6,"enemies":"Red Slaver","floor":4,"turns":3},{"damage":10,"enemies":"Exordium Wildlife","floor":5,"turns":6},{"damage":55,"enemies":"Lagavulin","floor":6,"turns":7},{"damage":10,"enemies":"Looter","floor":8,"turns":2},{"damage":12,"enemies":"3 Sentries","floor":10,"turns":5},{"damage":0,"enemies":"Blue Slaver","floor":13,"turns":2},{"damage":0,"enemies":"Large Slime","floor":14,"turns":4},{"damage":67,"enemies":"The Guardian","floor":16,"turns":11},{"damage":13,"enemies":"3 Byrds","floor":18,"turns":4},{"damage":0,"enemies":"Chosen","floor":19,"turns":3},{"damage":22,"enemies":"Snecko","floor":20,"turns":4},{"damage":14,"enemies":"Masked Bandits","floor":21,"turns":3},{"damage":21,"enemies":"Centurion and Healer","floor":22,"turns":4},{"damage":10,"enemies":"Slavers","floor":23,"turns":3},{"damage":0,"enemies":"Snake Plant","floor":24,"turns":3},{"damage":2,"enemies":"3 Cultists","floor":27,"turns":4},{"damage":8,"enemies":"Centurion and Healer","floor":28,"turns":4},{"damage":5,"enemies":"Snake Plant","floor":29,"turns":2},{"damage":0,"enemies":"Cultist and Chosen","floor":30,"turns":3},{"damage":4,"enemies":"Centurion and Healer","floor":31,"turns":3},{"damage":46,"enemies":"Collector","floor":33,"turns":8},{"damage":27,"enemies":"3 Shapes","floor":35,"turns":2},{"damage":0,"enemies":"Orb Walker","floor":38,"turns":3},{"damage":156,"enemies":"Giant Head","floor":40,"turns":9}],"seed_played":"5151360004397110366","potions_obtained":[{"floor":3,"key":"Fruit Juice"},{"floor":5,"key":"Fruit Juice"},{"floor":8,"key":"Fire Potion"},{"floor":13,"key":"BloodPotion"},{"floor":14,"key":"Explosive Potion"},{"floor":16,"key":"AttackPotion"},{"floor":18,"key":"BloodPotion"},{"floor":37,"key":"BloodPotion"}],"is_trial":false,"path_per_floor":["M","M","M","M","M","E","R","M","T","E","?","R","M","M","R","B",null,"M","M","M","?","M","E","M","$","T","M","M","M","M","M","R","B",null,"M","$","?","M","$","E"],"character_chosen":"IRONCLAD","items_purchased":["Armaments","Molten Egg 2"],"campfire_rested":1,"item_purchase_floors":[25,36],"current_hp_per_floor":[79,80,80,80,81,39,66,64,64,60,60,60,68,76,76,19,92,85,92,76,72,61,61,71,71,71,77,77,80,88,94,94,58,104,85,85,85,95,95,0],"gold":152,"neow_bonus":"RANDOM_COMMON_RELIC","is_prod":false,"is_daily":false,"chose_seed":false,"campfire_upgraded":3,"win_rate":0,"timestamp":1560138805,"path_taken":["M","M","M","M","M","E","R","M","T","E","?","R","M","M","R","BOSS","M","M","?","?","M","E","M","$","T","M","M","M","M","M","R","BOSS","M","$","?","?","$","E"],"build_version":"2019-01-23","purchased_purges":3,"victory":false,"max_hp_per_floor":[80,80,80,80,85,90,90,90,90,90,90,90,90,90,90,92,92,92,92,92,94,96,98,100,100,100,100,100,100,100,102,102,104,104,106,106,106,108,105,105],"card_choices":[{"not_picked":["True Grit","Sword Boomerang","Anger"],"picked":"SKIP","floor":1},{"not_picked":["Warcry","Headbutt"],"picked":"Thunderclap","floor":2},{"not_picked":["Shockwave","Warcry"],"picked":"Flex","floor":3},{"not_picked":["Havoc","Warcry","Wild Strike"],"picked":"SKIP","floor":4},{"not_picked":["Sever Soul","Seeing Red"],"picked":"Wild Strike","floor":5},{"not_picked":["Brutality","Seeing Red"],"picked":"Cleave","floor":6},{"not_picked":["True Grit","Metallicize"],"picked":"Headbutt","floor":8},{"not_picked":["Evolve","Double Tap"],"picked":"Iron Wave","floor":10},{"not_picked":["Twin Strike","Entrench"],"picked":"Flex","floor":13},{"not_picked":["Intimidate","Clothesline"],"picked":"Heavy Blade","floor":14},{"not_picked":["Limit Break","Barricade","Exhume"],"picked":"Singing Bowl","floor":16},{"not_picked":["Flex","Body Slam"],"picked":"Thunderclap+1","floor":18},{"not_picked":["Entrench+1","Perfected Strike"],"picked":"Pommel Strike+1","floor":19},{"not_picked":["Rage+1","Heavy Blade"],"picked":"Sword Boomerang","floor":20},{"not_picked":["Flex","Clothesline","Warcry+1"],"picked":"Singing Bowl","floor":21},{"not_picked":["Fire Breathing+1","Sentinel+1","Whirlwind"],"picked":"Singing Bowl","floor":22},{"not_picked":["Spot Weakness+1","Reaper","Anger"],"picked":"Singing Bowl","floor":23},{"not_picked":["Anger","Pommel Strike","Whirlwind"],"picked":"Singing Bowl","floor":24},{"not_picked":["Fire Breathing","Battle Trance"],"picked":"Twin Strike","floor":27},{"not_picked":["Hemokinesis","Cleave"],"picked":"Sword Boomerang+1","floor":28},{"not_picked":["Flex","Shrug It Off"],"picked":"Iron Wave","floor":29},{"not_picked":["Sentinel","Clothesline"],"picked":"Thunderclap+1","floor":30},{"not_picked":["Wild Strike+1","Ghostly Armor+1","Anger"],"picked":"Singing Bowl","floor":31},{"not_picked":["Exhume","Offering","Demon Form"],"picked":"Singing Bowl","floor":33},{"not_picked":["Fire Breathing","Power Through","Perfected Strike"],"picked":"Singing Bowl","floor":35},{"not_picked":["Metallicize","Dual Wield","Anger+1"],"picked":"Singing Bowl","floor":38}],"player_experience":230855,"relics_obtained":[{"floor":6,"key":"Bottled Lightning"},{"floor":9,"key":"Singing Bowl"},{"floor":10,"key":"Anchor"},{"floor":21,"key":"Red Mask"},{"floor":23,"key":"Pocketwatch"},{"floor":26,"key":"Letter Opener"},{"floor":34,"key":"Dream Catcher"},{"floor":34,"key":"Gremlin Horn"},{"floor":34,"key":"FossilizedHelix"}],"event_choices":[{"damage_healed":0,"gold_gain":0,"player_choice":"Upgraded","damage_taken":0,"max_hp_gain":0,"max_hp_loss":0,"event_name":"Upgrade Shrine","floor":11,"gold_loss":0,"cards_upgraded":["Flex"]},{"damage_healed":0,"gold_gain":0,"player_choice":"Fought Bandits","damage_taken":0,"max_hp_gain":0,"max_hp_loss":0,"event_name":"Masked Bandits","floor":21,"gold_loss":0},{"damage_healed":0,"gold_gain":0,"player_choice":"Got Potions","damage_taken":0,"max_hp_gain":0,"max_hp_loss":0,"event_name":"Lab","floor":37,"gold_loss":0}],"is_beta":false,"boss_relics":[{"not_picked":["Empty Cage","Eternal Feather"],"picked":"Velvet Choker"},{"not_picked":["Coffee Dripper","Snecko Eye"],"picked":"Calling Bell"}],"items_purged_floors":[25,36,39],"is_endless":false,"potions_floor_spawned":[3,5,8,13,14,16,18,22,24,28,29,33],"killed_by":"Giant Head","ascension_level":0}