{"gold_per_floor":[119,139,139,151,26,56,67,67,92,105,105,130,80,97,97,200,200,218,236,236,251,1350,1350,1379,1379,1405,1434,751,769,798,826,826,930,930,947,1047,1098,79,89,144,95,150,224,259,731,731,778,1000,1000,1000],"floor_reached":51,"playtime":5189,"items_purged":["Regret","Doubt","Defend_G+1","Defend_G+1","Strike_G+1","Defend_G+1","Strike_G+1"],"score":1119,"play_id":"6434d02d-d82e-4995-a690-d926bfdd0ca9","local_time":"20190531222146","is_ascension_mode":true,"campfire_choices":[{"data":"Crippling Poison","floor":11,"key":"SMITH"},{"data":"Crippling Poison","floor":15,"key":"SMITH"},{"data":"Burst","floor":23,"key":"SMITH"},{"data":"Envenom","floor":25,"key":"SMITH"},{"data":"Choke","floor":32,"key":"SMITH"},{"data":"Poisoned Stab","floor":49,"key":"SMITH"}],"neow_cost":"CURSE","seed_source_timestamp":422308265023800,"circlet_count":0,"master_deck":["Defend_G+1","Defend_G+1","Strike_G+1","Strike_G+1","Strike_G+1","Survivor","Neutralize+1","Crippling Poison+1","Dodge and Roll","Backstab","Burst+1","Bane","Envenom+1","Crippling Poison+1","Prepared","Backflip","Wraith Form v2","Underhanded Strike+1","Bane+1","Poisoned Stab+1","Deadly Poison","Poisoned Stab","Choke+1","Well Laid Plans","Unload","Prepared+1","After Image","Noxious Fumes+1","Deadly Poison","Noxious Fumes+1","Venomology","Poisoned Stab","HandOfGreed","Catalyst+1","Bouncing Flask+1","Crippling Poison+1","Panache+1","Swift Strike","Deflect+1","Poisoned Stab","Night Terror","Footwork+1","Magnetism+1","Madness","Catalyst+1"],"relics":["Ring of the Snake","The Specimen","War Paint","Centennial Puzzle","Whetstone","Toolbox","Bag of Marbles","Orichalcum","Smiling Mask","Coffee Dripper","Tiny Chest","Du-Vu Doll","TheAbacus","Tingsha","Art of War","Happy Flower","Lee\u0027s Waffle","Vajra","StoneCalendar","Mercury Hourglass","Red Mask","WristBlade","WingedGreaves","Pocketwatch","Frozen Egg 2","Snake Skull","Toy Ornithopter","Juzu Bracelet","Boot","Bag of Preparation","Sling","Potion Belt","Mummified Hand","Omamori","Frozen Eye","Regal Pillow","Turnip"],"potions_floor_usage":[6,40],"damage_taken":[{"damage":15,"enemies":"Cultist","floor":1,"turns":6},{"damage":4,"enemies":"Small Slimes","floor":2,"turns":4},{"damage":11,"enemies":"Jaw Worm","floor":4,"turns":6},{"damage":20,"enemies":"Lagavulin","floor":6,"turns":13},{"damage":0,"enemies":"Exordium Wildlife","floor":7,"turns":3},{"damage":2,"enemies":"Large Slime","floor":10,"turns":4},{"damage":8,"enemies":"Gremlin Nob","floor":12,"turns":5},{"damage":0,"enemies":"Looter","floor":14,"turns":2},{"damage":12,"enemies":"The Guardian","floor":16,"turns":10},{"damage":0,"enemies":"Spheric Guardian","floor":18,"turns":6},{"damage":0,"enemies":"Chosen","floor":19,"turns":2},{"damage":0,"enemies":"Sentry and Sphere","floor":21,"turns":3},{"damage":0,"enemies":"Book of Stabbing","floor":24,"turns":4},{"damage":12,"enemies":"Slavers","floor":27,"turns":3},{"damage":0,"enemies":"3 Cultists","floor":29,"turns":2},{"damage":2,"enemies":"Book of Stabbing","floor":30,"turns":2},{"damage":0,"enemies":"Masked Bandits","floor":31,"turns":2},{"damage":4,"enemies":"Collector","floor":33,"turns":5},{"damage":0,"enemies":"Orb Walker","floor":35,"turns":2},{"damage":0,"enemies":"Mind Bloom Boss Battle","floor":36,"turns":4},{"damage":4,"enemies":"2 Orb Walkers","floor":37,"turns":2},{"damage":8,"enemies":"3 Darklings","floor":39,"turns":3},{"damage":0,"enemies":"Reptomancer","floor":40,"turns":3},{"damage":0,"enemies":"Nemesis","floor":42,"turns":1},{"damage":0,"enemies":"Reptomancer","floor":44,"turns":1},{"damage":26,"enemies":"Nemesis","floor":47,"turns":3},{"damage":10,"enemies":"Donu and Deca","floor":50,"turns":5}],"seed_played":"2073654518635861017","potions_obtained":[{"floor":2,"key":"Regen Potion"},{"floor":4,"key":"SpeedPotion"},{"floor":7,"key":"Poison Potion"},{"floor":14,"key":"Weak Potion"},{"floor":19,"key":"Swift Potion"},{"floor":44,"key":"Weak Potion"}],"is_trial":false,"path_per_floor":["M","M","?","M","$","E","M","?","T","M","R","E","$","M","R","B",null,"M","M","?","M","$","R","E","R","T","E","$","M","E","?","R","B",null,"M","?","?","$","M","E","$","E","T","E","$","?","E","?","R","B",null],"character_chosen":"THE_SILENT","items_purchased":["Centennial Puzzle","Whetstone","Toolbox","Backstab","Burst","Bane","Tiny Chest","Du-Vu Doll","TheAbacus","Deadly Poison","Lee\u0027s Waffle","Vajra","StoneCalendar","Frozen Egg 2","Snake Skull","Toy Ornithopter","Venomology","Poisoned Stab","HandOfGreed","Boot","Bag of Preparation","Sling","Crippling Poison","Panache+1","Swift Strike","Omamori","Frozen Eye","Regal Pillow","Poisoned Stab","Night Terror","Footwork+1","Magnetism+1","Madness"],"campfire_rested":0,"item_purchase_floors":[5,5,5,5,5,5,22,22,22,22,28,28,28,38,38,38,38,38,38,41,41,41,41,41,41,45,45,45,45,45,45,45,45],"current_hp_per_floor":[55,51,51,40,40,35,35,21,21,19,19,11,11,11,11,7,70,70,70,70,70,70,70,70,70,70,58,77,77,75,75,75,71,77,77,77,73,73,65,70,70,70,70,70,70,70,44,44,44,34],"gold":1000,"neow_bonus":"ONE_RARE_RELIC","is_prod":false,"is_daily":false,"chose_seed":false,"campfire_upgraded":6,"win_rate":0,"timestamp":1559334106,"path_taken":["M","?","?","M","$","E","M","?","T","M","R","E","?","?","R","BOSS","M","M","?","M","$","R","E","R","T","E","$","M","E","?","R","BOSS","M","?","?","$","M","E","$","E","T","E","$","?","E","?","R","BOSS"],"build_version":"2019-01-23","purchased_purges":7,"victory":true,"max_hp_per_floor":[70,70,70,70,70,70,70,70,70,70,70,70,70,70,70,70,70,70,70,70,70,70,70,70,70,70,70,77,77,77,77,77,77,77,77,77,77,77,77,77,77,77,77,77,77,77,77,77,77,77],"card_choices":[{"not_picked":["Catalyst","Terror"],"picked":"Crippling Poison","floor":1},{"not_picked":["Underhanded Strike","Masterful Stab","Blade Dance"],"picked":"SKIP","floor":2},{"not_picked":["Accuracy","Acrobatics"],"picked":"Dodge and Roll","floor":4},{"not_picked":["Quick Slash","Catalyst"],"picked":"Envenom","floor":6},{"not_picked":["Deadly Poison","Poisoned Stab"],"picked":"Crippling Poison","floor":7},{"not_picked":["Flechettes","Blade Dance"],"picked":"Prepared","floor":10},{"not_picked":["PiercingWail","Sucker Punch","Eviscerate"],"picked":"SKIP","floor":12},{"not_picked":["Deflect","Dagger Spray"],"picked":"Backflip","floor":14},{"not_picked":["Bullet Time","Die Die Die"],"picked":"Wraith Form v2","floor":16},{"not_picked":["Backflip","Prepared"],"picked":"Underhanded Strike+1","floor":18},{"not_picked":["Quick Slash","Finisher"],"picked":"Bane+1","floor":19},{"not_picked":["Dagger Spray","Acrobatics+1"],"picked":"Poisoned Stab","floor":21},{"not_picked":["Expertise","Acrobatics+1"],"picked":"Poisoned Stab","floor":24},{"not_picked":["Backflip","Expertise"],"picked":"Choke","floor":27},{"not_picked":["Slice","Flying Knee"],"picked":"Well Laid Plans","floor":29},{"not_picked":["Endless Agony","Predator"],"picked":"Unload","floor":30},{"not_picked":["Backflip","Escape Plan"],"picked":"Prepared+1","floor":31},{"not_picked":["Die Die Die","Malaise"],"picked":"After Image","floor":33},{"not_picked":["Quick Slash+1","Sucker Punch"],"picked":"Noxious Fumes+1","floor":35},{"not_picked":["All Out Attack","Masterful Stab"],"picked":"Deadly Poison","floor":36},{"not_picked":["Poisoned Stab+1","Endless Agony"],"picked":"Noxious Fumes+1","floor":37},{"not_picked":["Flying Knee","Wraith Form v2+1"],"picked":"Catalyst+1","floor":39},{"not_picked":["Prepared","Well Laid Plans+1"],"picked":"Bouncing Flask+1","floor":40},{"not_picked":["Skewer","PiercingWail+1"],"picked":"Deflect+1","floor":42},{"not_picked":["Dodge and Roll","Escape Plan","Distraction"],"picked":"SKIP","floor":44},{"not_picked":["Phantasmal Killer","Prepared"],"picked":"Catalyst+1","floor":47}],"player_experience":163144,"relics_obtained":[{"floor":6,"key":"Bag of Marbles"},{"floor":9,"key":"Orichalcum"},{"floor":12,"key":"Smiling Mask"},{"floor":24,"key":"Tingsha"},{"floor":26,"key":"Art of War"},{"floor":27,"key":"Happy Flower"},{"floor":30,"key":"Mercury Hourglass"},{"floor":31,"key":"Red Mask"},{"floor":36,"key":"WingedGreaves"},{"floor":37,"key":"Pocketwatch"},{"floor":40,"key":"Juzu Bracelet"},{"floor":42,"key":"Potion Belt"},{"floor":44,"key":"Mummified Hand"},{"floor":47,"key":"Turnip"}],"event_choices":[{"damage_healed":0,"gold_gain":0,"player_choice":"Box","damage_taken":0,"relics_obtained":["War Paint"],"max_hp_gain":0,"max_hp_loss":0,"event_name":"Big Fish","floor":3,"gold_loss":0,"cards_obtained":["Regret"]},{"damage_healed":0,"gold_gain":0,"player_choice":"Entered Light","damage_taken":14,"max_hp_gain":0,"max_hp_loss":0,"event_name":"Shining Light","floor":8,"gold_loss":0,"cards_upgraded":["Strike_G","Strike_G"]},{"damage_healed":0,"gold_gain":0,"player_choice":"Simplicity","damage_taken":0,"max_hp_gain":0,"max_hp_loss":0,"event_name":"Back to Basics","floor":20,"gold_loss":0,"cards_upgraded":["Defend_G","Defend_G","Defend_G","Strike_G","Strike_G"]},{"damage_healed":0,"gold_gain":0,"player_choice":"Fought Bandits","damage_taken":0,"max_hp_gain":0,"max_hp_loss":0,"event_name":"Masked Bandits","floor":31,"gold_loss":0},{"damage_healed":0,"gold_gain":0,"player_choice":"Fight","damage_taken":0,"max_hp_gain":0,"max_hp_loss":0,"event_name":"MindBloom","floor":36,"gold_loss":0},{"damage_healed":0,"gold_gain":0,"player_choice":"Fight","damage_taken":0,"max_hp_gain":0,"max_hp_loss":0,"event_name":"Mysterious Sphere","floor":37,"gold_loss":0},{"damage_healed":0,"gold_gain":0,"player_choice":"Forge","damage_taken":0,"max_hp_gain":0,"max_hp_loss":0,"event_name":"Accursed Blacksmith","floor":46,"gold_loss":0,"cards_upgraded":["Crippling Poison"]},{"damage_healed":0,"gold_gain":222,"player_choice":"Wore Mask","damage_taken":0,"max_hp_gain":0,"max_hp_loss":0,"event_name":"Tomb of Lord Red Mask","floor":48,"gold_loss":0}],"is_beta":false,"boss_relics":[{"not_picked":["White Beast Statue","Empty Cage"],"picked":"Coffee Dripper"},{"not_picked":["Snecko Eye","Runic Dome"],"picked":"WristBlade"}],"items_purged_floors":[5,13,22,28,38,41,45],"is_endless":false,"potions_floor_spawned":[2,4,7,14,19,24,29,33,37,39,44],"ascension_level":2}