{"gold_per_floor":[113,63,63,63,77,103,115,143,189,201,47,79,95,114,114,114],"floor_reached":16,"playtime":1008,"items_purged":["Defend_R"],"score":145,"play_id":"2cc379b5-48e9-4cc9-80a8-667793263109","local_time":"20190122063717","is_ascension_mode":false,"campfire_choices":[{"data":"Armaments","floor":10,"key":"SMITH"},{"floor":15,"key":"REST"}],"neow_cost":"NONE","seed_source_timestamp":39977290477900,"circlet_count":0,"master_deck":["Strike_R+1","Strike_R","Strike_R","Strike_R","Strike_R+1","Defend_R","Defend_R","Bash","Armaments+1","Regret","Burning Pact","Double Tap","Armaments","Juggernaut","Searing Blow","Warcry","Twin Strike","Metallicize","Headbutt"],"relics":["Burning Blood","NeowsBlessing","Mercury Hourglass","Potion Belt","Anchor","MawBank","Juzu Bracelet"],"potions_floor_usage":[12,16],"damage_taken":[{"damage":0,"enemies":"Small Slimes","floor":1,"turns":1},{"damage":0,"enemies":"2 Louse","floor":5,"turns":1},{"damage":0,"enemies":"3 Sentries","floor":6,"turns":1},{"damage":13,"enemies":"Jaw Worm","floor":7,"turns":3},{"damage":57,"enemies":"Lagavulin","floor":8,"turns":7},{"damage":20,"enemies":"3 Sentries","floor":12,"turns":5},{"damage":4,"enemies":"2 Fungi Beasts","floor":13,"turns":3},{"damage":4,"enemies":"Blue Slaver","floor":14,"turns":3},{"damage":46,"enemies":"Hexaghost","floor":16,"turns":10}],"seed_played":"-5120727344847318075","potions_obtained":[{"floor":7,"key":"Regen Potion"},{"floor":12,"key":"Weak Potion"},{"floor":14,"key":"PowerPotion"}],"is_trial":false,"path_per_floor":["M","?","?","?","M","E","M","E","T","R","$","E","M","M","R","B"],"character_chosen":"IRONCLAD","items_purchased":["Searing Blow","Warcry"],"campfire_rested":1,"item_purchase_floors":[11,11],"current_hp_per_floor":[80,80,80,64,70,76,69,18,18,18,18,16,18,20,44,0],"gold":114,"neow_bonus":"THREE_ENEMY_KILL","is_prod":false,"is_daily":false,"chose_seed":false,"campfire_upgraded":1,"win_rate":0.0,"timestamp":1548135437,"path_taken":["M","?","?","?","M","E","M","E","T","R","?","E","M","M","R","BOSS"],"build_version":"2019-01-17v2","purchased_purges":1,"victory":false,"max_hp_per_floor":[80,80,80,80,80,80,80,80,80,80,80,80,80,80,80,80],"card_choices":[{"not_picked":["Warcry","Perfected Strike"],"picked":"Armaments","floor":1},{"not_picked":["Spot Weakness","True Grit"],"picked":"Burning Pact","floor":5},{"not_picked":["Warcry","Shrug It Off"],"picked":"Double Tap","floor":6},{"not_picked":["Flex","Iron Wave"],"picked":"Armaments","floor":7},{"not_picked":["Thunderclap","Power Through"],"picked":"Juggernaut","floor":8},{"not_picked":["Bloodletting","Burning Pact"],"picked":"Twin Strike","floor":12},{"not_picked":["Armaments","Reckless Charge"],"picked":"Metallicize","floor":13},{"not_picked":["Armaments","Intimidate"],"picked":"Headbutt","floor":14}],"player_experience":52108,"relics_obtained":[{"floor":6,"key":"Potion Belt"},{"floor":8,"key":"Anchor"},{"floor":9,"key":"MawBank"},{"floor":12,"key":"Juzu Bracelet"}],"event_choices":[{"cards_removed":["Defend_R"],"damage_healed":0,"gold_gain":0,"player_choice":"Card Removal","damage_taken":0,"max_hp_gain":0,"max_hp_loss":0,"event_name":"The Cleric","floor":2,"gold_loss":50},{"damage_healed":0,"gold_gain":0,"player_choice":"Box","damage_taken":0,"relics_obtained":["Mercury Hourglass"],"max_hp_gain":0,"max_hp_loss":0,"event_name":"Big Fish","floor":3,"gold_loss":0,"cards_obtained":["Regret"]},{"damage_healed":0,"gold_gain":0,"player_choice":"Entered Light","damage_taken":16,"max_hp_gain":0,"max_hp_loss":0,"event_name":"Shining Light","floor":4,"gold_loss":0,"cards_upgraded":["Strike_R","Strike_R"]}],"is_beta":false,"boss_relics":[],"items_purged_floors":[11],"is_endless":false,"potions_floor_spawned":[7,12,14],"killed_by":"Hexaghost","ascension_level":0}