{"gold_per_floor":[109,126,143,143,163,163,195,195,195,245,215,215,228,228,228,299,299,316,332,332,332,343,343,375,387,387,387,419,419,442,225,225,298,298,311,311,311,85,102,135,135,135,135,135,169,56,56,56,56,56],"floor_reached":51,"playtime":2272,"items_purged":[],"score":1442,"play_id":"a47fe51c-3db8-4664-a3e2-5188c0f75844","local_time":"20190606043753","is_ascension_mode":true,"campfire_choices":[{"data":"Noxious Fumes","floor":6.0,"key":"SMITH"},{"floor":8.0,"key":"REST"},{"floor":12.0,"key":"REST"},{"data":"Neutralize","floor":15.0,"key":"SMITH"},{"floor":23.0,"key":"REST"},{"floor":27.0,"key":"REST"},{"data":"Malaise","floor":29.0,"key":"SMITH"},{"floor":32.0,"key":"REST"},{"data":"Calculated Gamble","floor":42,"key":"SMITH"},{"floor":44,"key":"REST"},{"data":"Glass Knife","floor":47,"key":"SMITH"},{"data":"Cloak And Dagger","floor":49,"key":"SMITH"}],"neow_cost":"NONE","seed_source_timestamp":366450562552923,"circlet_count":0,"master_deck":["AscendersBane","Defend_G","Defend_G","Defend_G","Defend_G","Defend_G","Strike_G","Strike_G","Strike_G","Strike_G","Survivor","Neutralize+1","Noxious Fumes+1","Escape Plan","Terror","Dodge and Roll","PiercingWail","Backflip","Malaise+1","Cloak And Dagger","Footwork+1","Escape Plan","Noxious Fumes+1","Cloak And Dagger+1","PiercingWail+1","Noxious Fumes+1","Calculated Gamble+1","Glass Knife+1","Escape Plan","Flying Knee+1","Adrenaline","Prepared","Predator+1","PiercingWail","Noxious Fumes+1"],"special_seed":0,"relics":["Ring of the Snake","Mummified Hand","Letter Opener","Lantern","Sozu","Shuriken","Frozen Egg 2","Mercury Hourglass","Blood Vial","Dream Catcher","Philosopher\u0027s Stone","Chemical X","WingedGreaves","Gremlin Horn","Du-Vu Doll","Anchor"],"potions_floor_usage":[50],"damage_taken":[{"damage":6.0,"enemies":"Cultist","floor":1.0,"turns":5.0},{"damage":2.0,"enemies":"2 Louse","floor":2.0,"turns":4.0},{"damage":1.0,"enemies":"Small Slimes","floor":3.0,"turns":4.0},{"damage":10.0,"enemies":"Exordium Thugs","floor":5.0,"turns":6.0},{"damage":43.0,"enemies":"3 Sentries","floor":7.0,"turns":7.0},{"damage":10.0,"enemies":"Gremlin Gang","floor":13.0,"turns":4.0},{"damage":2.0,"enemies":"The Guardian","floor":16.0,"turns":11.0},{"damage":4.0,"enemies":"Shell Parasite","floor":18.0,"turns":7.0},{"damage":18.0,"enemies":"Chosen","floor":19.0,"turns":7.0},{"damage":6.0,"enemies":"Colosseum Slavers","floor":21.0,"turns":5.0},{"damage":10.0,"enemies":"Sentry and Sphere","floor":22.0,"turns":8.0},{"damage":5.0,"enemies":"Book of Stabbing","floor":24.0,"turns":8.0},{"damage":19.0,"enemies":"Cultist and Chosen","floor":25.0,"turns":7.0},{"damage":0.0,"enemies":"Gremlin Leader","floor":28.0,"turns":7.0},{"damage":21,"enemies":"Champ","floor":33,"turns":11},{"damage":30,"enemies":"3 Darklings","floor":35,"turns":4},{"damage":2,"enemies":"3 Shapes","floor":39,"turns":6},{"damage":2,"enemies":"Reptomancer","floor":40,"turns":6},{"damage":6,"enemies":"Giant Head","floor":45,"turns":9},{"damage":26,"enemies":"Donu and Deca","floor":50,"turns":7}],"seed_played":"-8345280398271079290","potions_obtained":[{"floor":1.0,"key":"Fire Potion"},{"floor":5.0,"key":"Block Potion"},{"floor":13.0,"key":"EssenceOfSteel"},{"floor":16.0,"key":"AttackPotion"}],"is_trial":false,"path_per_floor":["M","M","M","?","M","R","E","R","T","?","$","R","M","?","R","B",null,"M","M","?","?","M","R","E","M","T","R","E","R","T","$","R","B",null,"M","?","$","$","M","E","?","R","T","R","E","$","R","T","R","B",null],"character_chosen":"THE_SILENT","items_purchased":["PiercingWail","Noxious Fumes+1","Dream Catcher","Chemical X","PiercingWail","Noxious Fumes+1"],"campfire_rested":6,"item_purchase_floors":[11,31,31,38,46,46],"current_hp_per_floor":[59,57,56,56,46,46,3,24,24,24,24,45,35,35,35,33,62,58,40,40,34,24,45,40,21,21,42,42,42,42,42,63,44,65,37,37,37,37,37,37,37,37,37,58,54,54,54,54,54,30],"gold":56,"neow_bonus":"TEN_PERCENT_HP_BONUS","is_prod":false,"is_daily":false,"chose_seed":false,"campfire_upgraded":6,"win_rate":0,"timestamp":1559767073,"path_taken":["M","?","M","?","?","R","E","R","T","?","?","R","?","?","R","BOSS","M","?","?","?","?","R","E","M","T","R","E","R","?","$","R","BOSS","M","?","?","$","M","E","?","R","T","R","E","?","R","?","R","BOSS"],"build_version":"2019-01-23","purchased_purges":0,"victory":true,"max_hp_per_floor":[72,72,72,72,72,72,72,72,72,72,72,72,72,72,72,72,72,72,72,72,72,72,72,72,72,72,72,72,72,72,72,72,72,72,72,72,72,72,72,72,72,72,72,72,72,72,72,72,72,72],"card_choices":[{"not_picked":["Bane","Underhanded Strike"],"picked":"Noxious Fumes","floor":1.0},{"not_picked":["Acrobatics","Finisher"],"picked":"Escape Plan","floor":2.0},{"not_picked":["Concentrate","Flying Knee"],"picked":"Dagger Spray","floor":3.0},{"not_picked":["Quick Slash","Poisoned Stab"],"picked":"Terror","floor":5.0},{"not_picked":["Prepared","Bullet Time"],"picked":"Dodge and Roll","floor":7.0},{"not_picked":["Deadly Poison","Flying Knee"],"picked":"Backflip","floor":13.0},{"not_picked":["A Thousand Cuts","Storm of Steel"],"picked":"Malaise","floor":16.0},{"not_picked":["Slice","Caltrops"],"picked":"Cloak And Dagger","floor":18.0},{"not_picked":["Sucker Punch+1","Flechettes"],"picked":"Footwork+1","floor":19.0},{"not_picked":["Expertise","Dodge and Roll"],"picked":"Escape Plan","floor":22.0},{"not_picked":["Dagger Throw+1","Skewer"],"picked":"Noxious Fumes","floor":24.0},{"not_picked":["Quick Slash","Underhanded Strike"],"picked":"Cloak And Dagger","floor":25.0},{"not_picked":["Flechettes","Predator"],"picked":"PiercingWail+1","floor":28.0},{"not_picked":["Poisoned Stab","Acrobatics"],"picked":"Calculated Gamble","floor":32.0},{"not_picked":["Wraith Form v2+1","Venomology"],"picked":"Glass Knife","floor":33},{"not_picked":["Choke","Expertise"],"picked":"Escape Plan","floor":35},{"not_picked":["Poisoned Stab","Slice"],"picked":"Flying Knee+1","floor":39},{"not_picked":["All Out Attack+1","Flying Knee"],"picked":"Adrenaline","floor":40},{"not_picked":["Dagger Throw+1","Backflip"],"picked":"Prepared","floor":44},{"not_picked":["Finisher","Dodge and Roll"],"picked":"Predator+1","floor":45}],"player_experience":632927,"relics_obtained":[{"floor":7.0,"key":"Mummified Hand"},{"floor":9.0,"key":"Letter Opener"},{"floor":24.0,"key":"Shuriken"},{"floor":26.0,"key":"Frozen Egg 2"},{"floor":28.0,"key":"Mercury Hourglass"},{"floor":30.0,"key":"Blood Vial"},{"floor":40,"key":"WingedGreaves"},{"floor":43,"key":"Gremlin Horn"},{"floor":45,"key":"Du-Vu Doll"},{"floor":48,"key":"Anchor"}],"event_choices":[{"cards_removed":["Strike_G"],"damage_healed":0.0,"max_hp_gain":0.0,"max_hp_loss":0.0,"gold_gain":0.0,"event_name":"Bonfire Elementals","player_choice":"Offered Basic","floor":4.0,"gold_loss":0.0,"damage_taken":0.0},{"damage_healed":0.0,"max_hp_gain":0.0,"max_hp_loss":0.0,"gold_gain":50.0,"event_name":"Golden Shrine","player_choice":"Pray","floor":10.0,"gold_loss":0.0,"damage_taken":0.0},{"damage_healed":0.0,"max_hp_gain":0.0,"max_hp_loss":0.0,"gold_gain":0.0,"event_name":"WeMeetAgain","player_choice":"Gave Potion","floor":14.0,"gold_loss":0.0,"damage_taken":0.0,"relics_obtained":["Lantern"]},{"damage_healed":0.0,"max_hp_gain":0.0,"max_hp_loss":0.0,"gold_gain":0.0,"event_name":"Cursed Tome","player_choice":"Ignored","floor":20.0,"gold_loss":0.0,"damage_taken":0.0},{"damage_healed":0.0,"max_hp_gain":0.0,"max_hp_loss":0.0,"gold_gain":0.0,"event_name":"Colosseum","player_choice":"Fight","floor":21.0,"gold_loss":0.0,"damage_taken":0.0},{"damage_healed":0.0,"max_hp_gain":0.0,"max_hp_loss":0.0,"gold_gain":0.0,"event_name":"Colosseum","player_choice":"Fled From Nobs","floor":21.0,"gold_loss":0.0,"damage_taken":0.0},{"damage_healed":0,"gold_gain":0,"player_choice":"Forge","damage_taken":0,"max_hp_gain":0,"max_hp_loss":0,"event_name":"Accursed Blacksmith","floor":36,"gold_loss":0,"cards_upgraded":["Noxious Fumes"]},{"cards_removed":["Dagger Spray"],"damage_healed":0,"gold_gain":0,"player_choice":"Removed Attack","damage_taken":0,"max_hp_gain":0,"max_hp_loss":0,"event_name":"Falling","floor":41,"gold_loss":0}],"is_beta":false,"boss_relics":[{"not_picked":["HoveringKite","Orrery"],"picked":"Sozu"},{"not_picked":["Coffee Dripper","Runic Dome"],"picked":"Philosopher\u0027s Stone"}],"items_purged_floors":[],"is_endless":false,"potions_floor_spawned":[1,5,13,16,18,19,22,24,33,39],"ascension_level":17}