{"path_per_floor":["M","?","M","?","$","R","E","?","T","R","M","$","R","M","R","B",null,"M","?","$","?","M","E","M","R","T","R","$","E","M","M","R","B",null,"M","M","?","M","?","R","?","M","T","M","M","M","M","?","R","B"],"character_chosen":"THE_SILENT","items_purchased":["Noxious Fumes","Footwork","Adrenaline"],"gold_per_floor":[111,111,122,122,51,51,85,85,85,85,105,30,30,41,41,142,142,142,142,70,70,70,70,70,70,70,70,3,3,3,3,3,3,3,3,3,3,3,3,3,3,3,3,3,3,3,3,3,3,3],"floor_reached":51,"campfire_rested":4,"playtime":3384,"current_hp_per_floor":[70,56,56,56,56,56,41,41,41,41,41,41,41,40,61,61,70,69,69,69,69,69,57,50,50,50,50,50,50,52,54,70,67,70,69,70,70,50,41,62,62,64,64,57,51,53,55,55,70,70],"items_purged":["Strike_G"],"gold":3,"score":589,"play_id":"228edfe0-9438-4a65-b8e0-e2d337ed7095","is_prod":false,"is_daily":false,"is_ascension_mode":false,"campfire_upgraded":5,"path_taken":["M","?","M","?","$","R","E","?","T","R","M","?","R","M","R","BOSS","M","?","?","?","M","E","?","R","T","R","$","E","M","M","R","BOSS","M","M","?","M","?","R","?","?","T","M","M","M","M","?","R","BOSS"],"build_version":"2018-02-15-PROD1","purchased_purges":1,"victory":true,"master_deck":["Defend_G","Defend_G","Defend_G","Defend_G","Strike_G+1","Survivor+1","Neutralize+1","Finisher","Dagger Spray+1","Cloak And Dagger","Noxious Fumes+1","Noxious Fumes+1","Well Laid Plans","Die Die Die","Catalyst","Footwork+1","Backflip+1","Dodge and Roll+1","After Image","Madness","Madness","Escape Plan+1"],"max_hp_per_floor":[70,70,70,70,70,70,70,70,70,70,70,70,70,70,70,70,70,70,70,70,70,70,70,70,70,70,70,70,70,70,70,70,70,70,70,70,70,70,70,70,70,70,70,70,70,70,70,70,70,70],"relics":["Ring of the Snake","Gambling Chip","Kunai","Ectoplasm","Paper Crane","Snake Skull","Blood Vial","Question Card","Thread and Needle"],"card_choices":[{"not_picked":["Acrobatics","Well Laid Plans"],"picked":"Dagger Spray"},{"not_picked":["Dodge and Roll","Expertise"],"picked":"Cloak And Dagger"},{"not_picked":["Backflip","Catalyst"],"picked":"Noxious Fumes"},{"not_picked":["Dagger Spray","Underhanded Strike"],"picked":"Well Laid Plans"},{"not_picked":["Bullet Time","Envenom"],"picked":"Die Die Die"},{"not_picked":["Predator","Caltrops"],"picked":"Catalyst"},{"not_picked":["Masterful Stab","Poisoned Stab"],"picked":"Backflip"},{"not_picked":["Bane","Blade Dance"],"picked":"Dodge and Roll"},{"not_picked":["Glass Knife","Night Terror"],"picked":"After Image"},{"not_picked":["Caltrops","Sucker Punch","Slice"],"picked":"Escape Plan"}],"player_experience":116860,"potions_floor_usage":[16,23,50,50,50],"damage_taken":[{"damage":0,"enemies":"2 Louse","floor":1,"turns":2},{"damage":0,"enemies":"Small Slimes","floor":3,"turns":1},{"damage":15,"enemies":"Lagavulin","floor":7,"turns":7},{"damage":0,"enemies":"Cultist","floor":11,"turns":3},{"damage":1,"enemies":"Looter","floor":14,"turns":3},{"damage":15,"enemies":"Hexaghost","floor":16,"turns":8},{"damage":1,"enemies":"Shell Parasite","floor":18,"turns":4},{"damage":0,"enemies":"3 Byrds","floor":22,"turns":3},{"damage":22,"enemies":"Slavers","floor":23,"turns":4},{"damage":7,"enemies":"Cultist and Chosen","floor":24,"turns":6},{"damage":0,"enemies":"Book of Stabbing","floor":29,"turns":5},{"damage":0,"enemies":"Snake Plant","floor":30,"turns":4},{"damage":0,"enemies":"Centurion and Healer","floor":31,"turns":4},{"damage":3,"enemies":"Automaton","floor":33,"turns":9},{"damage":1,"enemies":"3 Shapes","floor":35,"turns":3},{"damage":0,"enemies":"Orb Walker","floor":36,"turns":4},{"damage":20,"enemies":"4 Shapes","floor":38,"turns":4},{"damage":0,"enemies":"Maw","floor":42,"turns":8},{"damage":9,"enemies":"Sphere and 2 Shapes","floor":44,"turns":5},{"damage":8,"enemies":"4 Shapes","floor":45,"turns":4},{"damage":0,"enemies":"3 Darklings","floor":46,"turns":4},{"damage":0,"enemies":"Maw","floor":47,"turns":8},{"damage":0,"enemies":"Donu and Deca","floor":50,"turns":10}],"event_choices":[{"event_name":"Shining Light","player_choice":"Entered Light","floor":2,"damage_taken":0},{"event_name":"Liars Game","player_choice":"disagreed","floor":4,"damage_taken":0},{"event_name":"Purifier","player_choice":"One Purge","floor":8,"damage_taken":0},{"event_name":"Addict","player_choice":"Ignored","floor":19,"damage_taken":0},{"event_name":"Back to Basics","player_choice":"Elegance","floor":21,"damage_taken":0},{"event_name":"Mysterious Sphere","player_choice":"Ignore","floor":37,"damage_taken":0},{"event_name":"Winding Halls","player_choice":"Embrace Madness","floor":39,"damage_taken":0},{"event_name":"Purifier","player_choice":"One Purge","floor":41,"damage_taken":0}],"boss_relics":[{"not_picked":["Velvet Choker","Cursed Key"],"picked":"Ectoplasm"},{"not_picked":["Astrolabe","Runic Dome"],"picked":"Question Card"}],"potions_floor_spawned":[3,11,14,18,24,29,30,36,38,47],"seed_played":"1555579119423740438","ascension_level":0,"is_trial":false}