{"gold_per_floor":[119,134,59,76,76,106,106,106,106,106,154,154,178,26,26,150,150,173,192,12,45,45,45,45,58,82,82,121,135,160,40,40,161,161,177,197,197,212,237,271,51,87,87,126,150,176,176,196,196,196],"floor_reached":51,"playtime":4586,"items_purged":["Strike_G","Strike_G","Defend_G","Strike_G","Caltrops"],"score":1167,"play_id":"3f8759e1-1c53-4be6-be64-5b5f77dbb6aa","local_time":"20190612115739","is_ascension_mode":true,"campfire_choices":[{"data":"Dodge and Roll","floor":7,"key":"SMITH"},{"data":"Caltrops","floor":12,"key":"SMITH"},{"data":"Noxious Fumes","floor":15,"key":"SMITH"},{"data":"After Image","floor":23,"key":"SMITH"},{"data":"Catalyst","floor":27,"key":"SMITH"},{"floor":32,"key":"REST"},{"data":"After Image","floor":47,"key":"SMITH"},{"data":"Dodge and Roll","floor":49,"key":"SMITH"}],"neow_cost":"NONE","seed_source_timestamp":124107945482344,"circlet_count":0,"master_deck":["Defend_G","Defend_G","Survivor","Neutralize+1","Dodge and Roll+1","Caltrops+1","Quick Slash","Acrobatics","Noxious Fumes+1","After Image+1","Die Die Die+1","Catalyst+1","Well Laid Plans+1","Dodge and Roll+1","Catalyst+1","Backflip","Night Terror+1","Deflect+1","Burst+1","Deadly Poison+1","After Image+1","Deadly Poison+1"],"relics":["Ring of the Snake","The Courier","Golden Idol","Pantograph","Vajra","Astrolabe","Red Mask","Dodecahedron","Oddly Smooth Stone","Toxic Egg 2","Coffee Dripper","Omamori","Blood Vial","Shuriken","Mercury Hourglass","PreservedInsect"],"potions_floor_usage":[16,18,21,21,29,30,38,39,45,48,48,48,48,50],"damage_taken":[{"damage":0,"enemies":"Jaw Worm","floor":1,"turns":6},{"damage":0,"enemies":"2 Louse","floor":2,"turns":3},{"damage":9,"enemies":"Small Slimes","floor":4,"turns":8},{"damage":57,"enemies":"Lagavulin","floor":6,"turns":13},{"damage":0,"enemies":"Looter","floor":13,"turns":4},{"damage":36,"enemies":"Slime Boss","floor":16,"turns":13},{"damage":8,"enemies":"2 Thieves","floor":18,"turns":4},{"damage":5,"enemies":"Spheric Guardian","floor":19,"turns":7},{"damage":23,"enemies":"Masked Bandits","floor":21,"turns":4},{"damage":7,"enemies":"Snecko","floor":25,"turns":5},{"damage":10,"enemies":"Book of Stabbing","floor":28,"turns":6},{"damage":2,"enemies":"Snake Plant","floor":29,"turns":5},{"damage":7,"enemies":"Centurion and Healer","floor":30,"turns":8},{"damage":6,"enemies":"Collector","floor":33,"turns":6},{"damage":2,"enemies":"3 Shapes","floor":35,"turns":5},{"damage":0,"enemies":"Orb Walker","floor":36,"turns":3},{"damage":15,"enemies":"4 Shapes","floor":38,"turns":4},{"damage":0,"enemies":"Transient","floor":39,"turns":5},{"damage":0,"enemies":"Nemesis","floor":40,"turns":5},{"damage":0,"enemies":"Giant Head","floor":42,"turns":4},{"damage":0,"enemies":"Reptomancer","floor":44,"turns":2},{"damage":31,"enemies":"Spire Growth","floor":45,"turns":4},{"damage":0,"enemies":"Writhing Mass","floor":48,"turns":3},{"damage":23,"enemies":"Time Eater","floor":50,"turns":5}],"seed_played":"7353602699868240438","potions_obtained":[{"floor":16,"key":"Poison Potion"},{"floor":18,"key":"SteroidPotion"},{"floor":19,"key":"Poison Potion"},{"floor":21,"key":"Weak Potion"},{"floor":29,"key":"SpeedPotion"},{"floor":33,"key":"FearPotion"},{"floor":38,"key":"Poison Potion"},{"floor":40,"key":"Weak Potion"},{"floor":45,"key":"AttackPotion"}],"is_trial":false,"path_per_floor":["M","M","$","M","?","E","R","?","T","?","T","R","M","$","R","B",null,"M","M","$","?","?","R","T","M","T","R","E","M","M","$","R","B",null,"M","M","?","M","M","E","$","E","T","E","M","T","R","M","R","B",null],"character_chosen":"THE_SILENT","items_purchased":["Noxious Fumes","Fire Potion","Backflip","Regen Potion","EntropicBrew"],"campfire_rested":1,"item_purchase_floors":[14,14,20,20,41],"current_hp_per_floor":[63,63,63,54,70,13,13,13,13,13,13,13,13,13,13,2,49,41,36,36,27,27,27,27,20,20,20,10,8,1,1,20,39,59,57,57,51,36,36,36,36,36,36,38,9,9,9,11,11,15],"gold":196,"neow_bonus":"UPGRADE_CARD","is_prod":false,"is_daily":false,"chose_seed":false,"campfire_upgraded":7,"win_rate":0,"timestamp":1560311859,"path_taken":["M","M","$","M","?","E","R","?","T","?","?","R","M","?","R","BOSS","M","M","$","?","?","R","?","M","T","R","E","?","M","$","R","BOSS","M","M","?","M","M","E","$","E","T","E","?","?","R","M","R","BOSS"],"build_version":"2019-01-23","purchased_purges":5,"victory":true,"max_hp_per_floor":[70,70,70,70,70,70,70,65,65,65,65,65,65,65,65,65,65,65,65,65,65,65,65,65,65,65,65,65,65,65,65,65,65,65,65,65,65,65,65,65,65,65,65,65,65,65,65,65,65,65],"card_choices":[{"not_picked":["Acrobatics","Outmaneuver"],"picked":"Dodge and Roll","floor":1},{"not_picked":["Slice","Quick Slash","Outmaneuver"],"picked":"SKIP","floor":2},{"not_picked":["Escape Plan","Eviscerate"],"picked":"Caltrops","floor":4},{"not_picked":["Masterful Stab","Venomology"],"picked":"Quick Slash","floor":6},{"not_picked":["Choke","Concentrate"],"picked":"Acrobatics","floor":13},{"not_picked":["Tools of the Trade","Envenom"],"picked":"After Image","floor":16},{"not_picked":["Heel Hook","Setup"],"picked":"Dodge and Roll","floor":18},{"not_picked":["Blade Dance","Dagger Throw"],"picked":"Catalyst","floor":19},{"not_picked":["Terror+1","Deflect"],"picked":"Caltrops","floor":21},{"not_picked":["Riddle With Holes+1","Deflect","Prepared"],"picked":"SKIP","floor":25},{"not_picked":["Distraction","Flying Knee","Bane"],"picked":"SKIP","floor":28},{"not_picked":["Deadly Poison+1","Outmaneuver+1"],"picked":"Night Terror+1","floor":29},{"not_picked":["Crippling Poison+1","Infinite Blades"],"picked":"Deflect+1","floor":30},{"not_picked":["Phantasmal Killer+1","Malaise+1"],"picked":"Burst+1","floor":33},{"not_picked":["All Out Attack+1","Underhanded Strike","Quick Slash"],"picked":"SKIP","floor":35},{"not_picked":["Flying Knee","Outmaneuver+1","Dagger Throw"],"picked":"SKIP","floor":36},{"not_picked":["Cloak And Dagger+1","Flying Knee"],"picked":"Deadly Poison+1","floor":38},{"not_picked":["Dagger Spray+1","Quick Slash","Riddle With Holes+1"],"picked":"SKIP","floor":39},{"not_picked":["Quick Slash+1","Caltrops+1","PiercingWail+1"],"picked":"SKIP","floor":40},{"not_picked":["Poisoned Stab+1","Quick Slash"],"picked":"After Image","floor":42},{"not_picked":["Dash","Dagger Throw"],"picked":"Deadly Poison+1","floor":44},{"not_picked":["Caltrops","Dodge and Roll+1","Backflip+1"],"picked":"SKIP","floor":45},{"not_picked":["PiercingWail+1","Tactician+1","Acrobatics+1"],"picked":"SKIP","floor":48}],"player_experience":787960,"relics_obtained":[{"floor":6,"key":"The Courier"},{"floor":9,"key":"Pantograph"},{"floor":11,"key":"Vajra"},{"floor":21,"key":"Red Mask"},{"floor":24,"key":"Dodecahedron"},{"floor":26,"key":"Oddly Smooth Stone"},{"floor":28,"key":"Toxic Egg 2"},{"floor":40,"key":"Omamori"},{"floor":42,"key":"Blood Vial"},{"floor":43,"key":"Shuriken"},{"floor":44,"key":"Mercury Hourglass"},{"floor":46,"key":"PreservedInsect"}],"event_choices":[{"damage_healed":23,"gold_gain":0,"player_choice":"Banana","damage_taken":0,"max_hp_gain":0,"max_hp_loss":0,"event_name":"Big Fish","floor":5,"gold_loss":0},{"damage_healed":0,"gold_gain":0,"player_choice":"Lose Max HP","damage_taken":0,"relics_obtained":["Golden Idol"],"max_hp_gain":0,"max_hp_loss":5,"event_name":"Golden Idol","floor":8,"gold_loss":0},{"damage_healed":0,"gold_gain":0,"player_choice":"Ignored","damage_taken":0,"max_hp_gain":0,"max_hp_loss":0,"event_name":"Shining Light","floor":10,"gold_loss":0},{"damage_healed":0,"gold_gain":0,"player_choice":"Fought Bandits","damage_taken":0,"max_hp_gain":0,"max_hp_loss":0,"event_name":"Masked Bandits","floor":21,"gold_loss":0},{"cards_removed":["Strike_G"],"damage_healed":0,"gold_gain":0,"player_choice":"Elegance","damage_taken":0,"max_hp_gain":0,"max_hp_loss":0,"event_name":"Back to Basics","floor":22,"gold_loss":0},{"damage_healed":0,"gold_gain":0,"player_choice":"Damaged","damage_taken":6,"max_hp_gain":0,"max_hp_loss":0,"event_name":"Wheel of Change","floor":37,"gold_loss":0}],"is_beta":false,"boss_relics":[{"not_picked":["Philosopher\u0027s Stone","Black Star"],"picked":"Astrolabe"},{"not_picked":["Lizard Tail","Empty Cage"],"picked":"Coffee Dripper"}],"items_purged_floors":[3,14,20,31,41],"is_endless":false,"potions_floor_spawned":[16,18,19,21,29,33,38,40,42,45],"ascension_level":9}