{"gold_per_floor":[113,123,48,58,68,68,79,108,108,8,8,8,27,42,42,42],"floor_reached":16,"playtime":757,"items_purged":["Strike_R","Defend_R"],"score":187,"play_id":"f2deb03b-58ca-49a6-90dc-fef0fcbab5a8","local_time":"20181227225819","is_ascension_mode":true,"campfire_choices":[{"data":"Bash","floor":6,"key":"SMITH"},{"floor":11,"key":"REST"},{"floor":15,"key":"REST"}],"neow_cost":"NONE","seed_source_timestamp":537160893444764,"circlet_count":0,"master_deck":["AscendersBane","Strike_R","Strike_R","Strike_R","Defend_R","Defend_R","Defend_R","Bash+1","Spot Weakness","Sword Boomerang","Ghostly Armor","Clothesline","Battle Trance","Shame","Cleave"],"relics":["Burning Blood","Question Card","Shuriken"],"potions_floor_usage":[8,14,14],"damage_taken":[{"damage":20,"enemies":"Cultist","floor":1,"turns":5},{"damage":6,"enemies":"2 Louse","floor":2,"turns":2},{"damage":8,"enemies":"Jaw Worm","floor":4,"turns":4},{"damage":14,"enemies":"Exordium Thugs","floor":5,"turns":6},{"damage":14,"enemies":"2 Fungi Beasts","floor":7,"turns":4},{"damage":42,"enemies":"Lagavulin","floor":8,"turns":8},{"damage":27,"enemies":"Lots of Slimes","floor":13,"turns":6},{"damage":1,"enemies":"Looter","floor":14,"turns":2},{"damage":36,"enemies":"The Guardian","floor":16,"turns":2}],"seed_played":"-7202402644555589339","potions_obtained":[{"floor":7,"key":"BloodPotion"},{"floor":8,"key":"GamblersBrew"},{"floor":13,"key":"Strength Potion"}],"is_trial":false,"path_per_floor":["M","M","$","M","M","R","M","E","T","$","R","?","M","M","R","B"],"character_chosen":"IRONCLAD","items_purchased":[],"campfire_rested":2,"item_purchase_floors":[],"current_hp_per_floor":[54,54,54,52,44,44,36,7,7,7,29,29,8,13,35,0],"gold":42,"neow_bonus":"TRANSFORM_CARD","is_prod":false,"is_daily":false,"chose_seed":false,"campfire_upgraded":1,"win_rate":0,"timestamp":1545922699,"path_taken":["M","M","$","M","M","R","M","E","T","$","R","?","?","M","R","BOSS"],"build_version":"2018-12-20","purchased_purges":2,"victory":false,"max_hp_per_floor":[75,75,75,75,75,75,75,75,75,75,75,75,75,75,75,75],"card_choices":[{"not_picked":["Perfected Strike","Disarm"],"picked":"Sword Boomerang","floor":1},{"not_picked":["Combust","Corruption","Anger"],"picked":"SKIP","floor":2},{"not_picked":["Shrug It Off","Entrench"],"picked":"Ghostly Armor","floor":4},{"not_picked":["Flex","Shrug It Off"],"picked":"Clothesline","floor":5},{"not_picked":["Shockwave","True Grit"],"picked":"Battle Trance","floor":7},{"not_picked":["Thunderclap","Barricade","Clothesline"],"picked":"SKIP","floor":8},{"not_picked":["Entrench","Blood for Blood","Thunderclap","Flex"],"picked":"SKIP","floor":13},{"not_picked":["Sword Boomerang","Iron Wave","Heavy Blade"],"picked":"Cleave","floor":14}],"player_experience":623012,"relics_obtained":[{"floor":8,"key":"Question Card"},{"floor":9,"key":"Shuriken"}],"event_choices":[{"damage_healed":0,"gold_gain":0,"player_choice":"1 cards matched","damage_taken":0,"max_hp_gain":0,"max_hp_loss":0,"event_name":"Match and Keep!","floor":12,"gold_loss":0,"cards_obtained":["Shame"]}],"is_beta":false,"boss_relics":[],"items_purged_floors":[3,10],"is_endless":false,"potions_floor_spawned":[7,8,13],"killed_by":"The Guardian","ascension_level":16}