{"gold_per_floor":[16,16,116,133,149,162,162,189,189,114,125,125,25,25,25,127,127,138,138,13,13,26,45,45,60,85,85,102,102,119,119,119,119],"floor_reached":33,"playtime":3099,"items_purged":["Strike_G","Strike_G","Strike_G"],"score":286,"play_id":"1e777fa4-7bcb-4ebb-85d9-c2a55a0ccb24","local_time":"20180727144802","is_ascension_mode":true,"campfire_choices":[{"data":"Acrobatics","floor":7,"key":"SMITH"},{"floor":12,"key":"REST"},{"data":"Neutralize","floor":15,"key":"SMITH"},{"data":"Outmaneuver","floor":24,"key":"SMITH"},{"floor":27,"key":"REST"},{"floor":29,"key":"REST"},{"floor":32,"key":"REST"}],"neow_cost":"NO_GOLD","seed_source_timestamp":491319728349062,"circlet_count":0,"master_deck":["Defend_G","Defend_G","Defend_G","Defend_G","Defend_G","Strike_G","Survivor","Neutralize+1","Acrobatics+1","Heel Hook","Slice","Calculated Gamble+1","Underhanded Strike","PiercingWail","Burst","Flying Knee","Flying Knee","Underhanded Strike+1","Storm of Steel","Outmaneuver+1","Backflip","Outmaneuver","Heel Hook","Dash","After Image","Escape Plan+1","Accuracy"],"relics":["Ring of the Snake","Nunchaku","Odd Mushroom","Mango","Runic Pyramid","Prayer Wheel","Strawberry","Enchiridion"],"potions_floor_usage":[8,16,16,23,30],"damage_taken":[{"damage":1,"enemies":"Jaw Worm","floor":1,"turns":4},{"damage":0,"enemies":"2 Louse","floor":4,"turns":3},{"damage":1,"enemies":"Cultist","floor":5,"turns":4},{"damage":20,"enemies":"Gremlin Gang","floor":6,"turns":5},{"damage":31,"floor":8,"turns":4},{"damage":10,"enemies":"Large Slime","floor":11,"turns":7},{"damage":23,"enemies":"The Guardian","floor":16,"turns":19},{"damage":23,"enemies":"Spheric Guardian","floor":18,"turns":6},{"damage":11,"enemies":"2 Thieves","floor":22,"turns":3},{"damage":11,"enemies":"3 Cultists","floor":23,"turns":6},{"damage":23,"enemies":"Chosen and Byrds","floor":25,"turns":7},{"damage":45,"enemies":"Cultist and Chosen","floor":28,"turns":9},{"damage":4,"enemies":"Slaver and Parasite","floor":30,"turns":9},{"damage":39,"enemies":"Automaton","floor":33,"turns":6}],"seed_played":"3740385826305730721","potions_obtained":[{"floor":4,"key":"Weak Potion"},{"floor":6,"key":"Explosive Potion"},{"floor":8,"key":"Fire Potion"},{"floor":16,"key":"Block Potion"},{"floor":22,"key":"Ancient Potion"},{"floor":28,"key":"EssenceOfSteel"},{"floor":30,"key":"SteroidPotion"}],"is_trial":false,"path_per_floor":["M","?","?","M","M","M","R","?","T","$","M","R","$","?","R","B",null,"M","?","$","?","M","M","R","M","T","R","M","R","M","?","R"],"character_chosen":"THE_SILENT","items_purchased":[],"campfire_rested":4,"item_purchase_floors":[],"current_hp_per_floor":[69,62,62,62,61,41,41,10,24,24,14,39,39,39,39,16,84,61,61,61,61,50,39,39,16,23,50,5,32,28,12,39,0],"gold":119,"neow_bonus":"ONE_RARE_RELIC","is_prod":false,"is_daily":false,"chose_seed":false,"campfire_upgraded":3,"win_rate":0,"timestamp":1532674082,"path_taken":["M","?","?","?","M","M","R","?","T","$","M","R","?","?","R","BOSS","M","?","$","?","?","M","R","M","T","R","M","R","M","?","R","BOSS"],"build_version":"2018-07-26","purchased_purges":3,"victory":false,"max_hp_per_floor":[70,70,70,70,70,70,70,70,84,84,84,84,84,84,84,84,84,84,84,84,84,84,84,84,84,91,91,91,91,91,91,91,91],"card_choices":[{"not_picked":["Flechettes","Underhanded Strike"],"picked":"Acrobatics","floor":1},{"not_picked":["Well Laid Plans","Escape Plan"],"picked":"Heel Hook","floor":4},{"not_picked":["Dagger Throw","Quick Slash"],"picked":"Slice","floor":5},{"not_picked":["Eviscerate","PiercingWail"],"picked":"Calculated Gamble","floor":6},{"not_picked":["Dagger Spray","Deadly Poison"],"picked":"Underhanded Strike","floor":8},{"not_picked":["Deadly Poison","Backflip"],"picked":"PiercingWail","floor":11},{"not_picked":["Corpse Explosion","Night Terror"],"picked":"Burst","floor":16},{"not_picked":["Crippling Poison","Cloak And Dagger"],"picked":"Flying Knee","floor":18},{"not_picked":["Deadly Poison","Endless Agony"],"picked":"Underhanded Strike+1","floor":22},{"not_picked":["Riddle With Holes","Cloak And Dagger"],"picked":"Storm of Steel","floor":22},{"not_picked":["Endless Agony+1","Dagger Spray+1"],"picked":"Outmaneuver","floor":23},{"not_picked":["Deflect","Bullet Time"],"picked":"Backflip","floor":23},{"not_picked":["Eviscerate+1","Well Laid Plans"],"picked":"Outmaneuver","floor":25},{"not_picked":["Outmaneuver","Cloak And Dagger+1"],"picked":"Heel Hook","floor":25},{"not_picked":["Bane","Caltrops"],"picked":"Dash","floor":28},{"not_picked":["Prepared+1","Blade Dance"],"picked":"After Image","floor":28},{"not_picked":["Outmaneuver","Infinite Blades"],"picked":"Escape Plan+1","floor":30},{"not_picked":["Riddle With Holes","Eviscerate"],"picked":"Accuracy","floor":30}],"player_experience":284977,"relics_obtained":[{"floor":8,"key":"Odd Mushroom"},{"floor":9,"key":"Mango"},{"floor":26,"key":"Strawberry"},{"floor":31,"key":"Enchiridion"}],"event_choices":[{"event_name":"Golden Wing","player_choice":"Card Removal","floor":2,"damage_taken":0},{"event_name":"Golden Shrine","player_choice":"Pray","floor":3,"damage_taken":0},{"event_name":"Mushrooms","player_choice":"Fought Mushrooms","floor":8,"damage_taken":0},{"event_name":"Upgrade Shrine","player_choice":"Upgraded","floor":14,"damage_taken":0},{"event_name":"The Library","player_choice":"Read","floor":19,"damage_taken":0},{"event_name":"The Mausoleum","player_choice":"Yes","floor":21,"damage_taken":0},{"event_name":"Cursed Tome","player_choice":"Obtained Book","floor":31,"damage_taken":0}],"is_beta":false,"boss_relics":[{"not_picked":["Ring of the Serpent","Tiny House"],"picked":"Runic Pyramid"}],"items_purged_floors":[10,13,20],"is_endless":false,"potions_floor_spawned":[4,6,8,16,22,28,30],"killed_by":"Automaton","ascension_level":2}