{"path_per_floor":["M","?","M","?","M","R","E","R","T","M","M","R","M","M","R","B",null,"M","T","?","?","M","R","M","R","T","R","M","?","M","$","R","B",null,"M","?","M","$","?","E","R","M","T","$","R","M","M","M","R","B"],"character_chosen":"DEFECT","items_purchased":["Echo Form","Skim","Regen Potion","Reinforced Body"],"gold_per_floor":[114,114,124,124,134,134,168,168,168,183,195,195,212,222,222,325,325,345,370,285,285,304,304,318,318,342,342,362,362,376,51,51,148,148,166,166,183,16,16,44,44,58,81,81,81,96,106,121,121,121],"floor_reached":51,"campfire_rested":3,"playtime":3636,"current_hp_per_floor":[66,51,51,48,48,48,14,36,36,40,42,42,44,46,46,50,75,58,58,58,58,44,44,46,46,46,68,66,75,75,75,75,75,75,75,75,75,75,75,49,49,55,55,55,75,65,71,75,75,13],"items_purged":["Strike_B","Defend_B"],"gold":121,"score":757,"play_id":"8b2bf2a7-343b-4689-a9a2-4efcf75881e2","local_time":"20180428164330","is_prod":false,"is_daily":false,"chose_seed":false,"is_ascension_mode":true,"campfire_upgraded":8,"timestamp":1524951810,"path_taken":["M","?","M","?","M","R","E","R","T","M","M","R","M","M","R","BOSS","M","?","?","?","M","R","M","R","T","R","?","?","M","$","R","BOSS","M","?","?","$","?","E","R","?","T","?","R","M","M","M","R","BOSS"],"build_version":"2018-04-27v3","seed_source_timestamp":101338538562886,"purchased_purges":3,"victory":true,"master_deck":["Strike_B+1","Strike_B+1","Defend_B+1","Defend_B+1","Zap+1","Dualcast+1","Creative AI+1","Ball Lightning+1","Glacier+1","Redo+1","Sweeping Beam+1","Cold Snap+1","Force Field+1","Buffer+1","Echo Form+1","Skim","Capacitor","Reinforced Body+1","Reprogram","Sweeping Beam+1","Blaster+1","Turbo","Scrape+1"],"max_hp_per_floor":[75,75,75,75,75,75,75,75,75,75,75,75,75,75,75,75,75,75,75,75,75,75,75,75,75,75,75,75,75,75,75,75,75,75,75,75,75,75,75,75,75,75,75,75,75,75,75,75,75,75],"relics":["Cracked Core","Calipers","Matryoshka","Cables","Bird Faced Urn","Runic Pyramid","Meat on the Bone","Happy Flower","Anchor","Vajra","Snecko Eye","Shuriken","Bronze Scales"],"card_choices":[{"not_picked":["Static Discharge","Leap"],"picked":"Ball Lightning","floor":11},{"not_picked":["Buffer","Genetic Algorithm"],"picked":"Glacier","floor":14},{"not_picked":["Fusion","Meteor Strike"],"picked":"Redo","floor":16},{"not_picked":["Melter","Coolheaded"],"picked":"Sweeping Beam","floor":18},{"not_picked":["Flux Capacitor","Auto Shields"],"picked":"Cold Snap","floor":22},{"not_picked":["Self Repair","Fission"],"picked":"Force Field","floor":28},{"not_picked":["Self Repair","Cold Snap"],"picked":"Buffer","floor":30},{"not_picked":["Skim","Heatsinks"],"picked":"Capacitor","floor":35},{"not_picked":["Leap","Cold Snap"],"picked":"Sweeping Beam","floor":42},{"not_picked":["Axe Kick","Impulse"],"picked":"Blaster","floor":46},{"not_picked":["Seek","Darkness"],"picked":"Turbo","floor":47},{"not_picked":["Axe Kick","Turbo"],"picked":"Scrape","floor":48}],"player_experience":78781,"potions_floor_usage":[7,7,13,16,24,28,30,40,40,47,50,50,50],"damage_taken":[{"damage":9,"enemies":"Jaw Worm","floor":1,"turns":5},{"damage":0,"enemies":"Small Slimes","floor":3,"turns":3},{"damage":0,"enemies":"Cultist","floor":5,"turns":4},{"damage":34,"enemies":"Gremlin Nob","floor":7,"turns":4},{"damage":4,"enemies":"Large Slime","floor":10,"turns":5},{"damage":2,"enemies":"Looter","floor":11,"turns":4},{"damage":4,"enemies":"Red Slaver","floor":13,"turns":3},{"damage":0,"enemies":"3 Louse","floor":14,"turns":2},{"damage":14,"enemies":"Hexaghost","floor":16,"turns":10},{"damage":17,"enemies":"Spheric Guardian","floor":18,"turns":4},{"damage":18,"enemies":"2 Thieves","floor":22,"turns":4},{"damage":0,"enemies":"Snecko","floor":24,"turns":5},{"damage":2,"enemies":"3 Cultists","floor":28,"turns":4},{"damage":0,"enemies":"Snake Plant","floor":30,"turns":4},{"damage":6,"enemies":"Automaton","floor":33,"turns":10},{"damage":0,"enemies":"Flame Bruiser 1 Orb","floor":35,"turns":12},{"damage":0,"enemies":"3 Shapes","floor":37,"turns":5},{"damage":53,"enemies":"Nemesis","floor":40,"turns":15},{"damage":0,"enemies":"3 Darklings","floor":42,"turns":6},{"damage":16,"enemies":"4 Shapes","floor":46,"turns":6},{"damage":0,"enemies":"Maw","floor":47,"turns":12},{"damage":7,"enemies":"Sphere and 2 Shapes","floor":48,"turns":6},{"damage":98,"enemies":"Awakened One","floor":50,"turns":18}],"event_choices":[{"event_name":"Shining Light","player_choice":"Entered Light","floor":2,"damage_taken":0},{"event_name":"Scrap Ooze","player_choice":"success","floor":4,"damage_taken":3},{"event_name":"Addict","player_choice":"Obtained Relic","floor":20,"damage_taken":0},{"event_name":"Back to Basics","player_choice":"Simplicity","floor":21,"damage_taken":0},{"event_name":"The Library","player_choice":"Heal","floor":29,"damage_taken":0},{"event_name":"Mysterious Sphere","player_choice":"Ignore","floor":36,"damage_taken":0},{"event_name":"Transmorgrifier","player_choice":"Transform","floor":39,"damage_taken":0}],"boss_relics":[{"not_picked":["Tiny House","Runic Dome"],"picked":"Runic Pyramid"},{"not_picked":["Velvet Choker","Astrolabe"],"picked":"Snecko Eye"}],"potions_floor_spawned":[1,5,11,13,14,22,24,30,33,37,40,46,48],"seed_played":"-1387655070998391851","ascension_level":4,"is_trial":false}