{"gold_per_floor":[116,116,126,136,149,149,74,74,74,87,114,140,169,169,169,298,298,322,356,356,377,302,336,360,391,467,498,498,513,42,67,67,187,187,210,230,94,219,239,239,260,146,146,368,393,408,408,442,442,442],"floor_reached":51,"playtime":5560,"items_purged":["Strike_G","Strike_G","Defend_G","Defend_G"],"score":1006,"play_id":"51775d06-d985-4f20-a731-d19a00592290","local_time":"20190608204752","is_ascension_mode":true,"campfire_choices":[{"data":"Noxious Fumes","floor":6.0,"key":"SMITH"},{"data":"Crippling Poison","floor":8.0,"key":"SMITH"},{"floor":15.0,"key":"REST"},{"data":"Reflex","floor":28.0,"key":"SMITH"},{"floor":32.0,"key":"REST"},{"data":"Catalyst","floor":40.0,"key":"SMITH"},{"data":"Corpse Explosion","floor":49,"key":"SMITH"}],"neow_cost":"NONE","seed_source_timestamp":0,"circlet_count":0,"master_deck":["Defend_G","Defend_G","Strike_G+1","Strike_G+1","Survivor","Neutralize","Acrobatics","Noxious Fumes+1","Underhanded Strike","Crippling Poison+1","After Image","Terror","Catalyst+1","After Image","Venomology","Heel Hook+1","Ghostly","Ghostly","Ghostly","Ghostly","Ghostly","Expertise","Underhanded Strike","Reflex+1","Escape Plan","Heel Hook+1","Masterful Stab+1","Well Laid Plans","Corpse Explosion+1","Dagger Throw+1","PiercingWail+1","Noxious Fumes+1","Backstab+1"],"special_seed":0,"relics":["Ring of the Snake","Paper Crane","Dead Branch","Odd Mushroom","Matryoshka","Golden Idol","HoveringKite","Red Mask","Bottled Tornado","Orichalcum","Whetstone","Molten Egg 2","Mummified Hand","Membership Card","StoneCalendar","Busted Crown","Snake Skull","Gambling Chip","Happy Flower","Sundial","Kunai"],"potions_floor_usage":[48,50,50],"damage_taken":[{"damage":2.0,"enemies":"2 Louse","floor":1.0,"turns":4.0},{"damage":2.0,"enemies":"Jaw Worm","floor":3.0,"turns":6.0},{"damage":1.0,"enemies":"Small Slimes","floor":4.0,"turns":4.0},{"damage":6.0,"enemies":"3 Louse","floor":5.0,"turns":4.0},{"damage":0.0,"enemies":"Large Slime","floor":10.0,"turns":5.0},{"damage":5.0,"enemies":"Lagavulin","floor":11.0,"turns":7.0},{"damage":7.0,"enemies":"The Mushroom Lair","floor":12.0,"turns":2.0},{"damage":19.0,"enemies":"3 Sentries","floor":13.0,"turns":5.0},{"damage":8.0,"enemies":"The Guardian","floor":16.0,"turns":8.0},{"damage":2.0,"enemies":"Shell Parasite","floor":18.0,"turns":8.0},{"damage":28.0,"enemies":"Masked Bandits","floor":19.0,"turns":4.0},{"damage":0.0,"enemies":"2 Thieves","floor":21.0,"turns":5.0},{"damage":21.0,"enemies":"Book of Stabbing","floor":23.0,"turns":8.0},{"damage":0.0,"enemies":"3 Cultists","floor":24.0,"turns":5.0},{"damage":2.0,"enemies":"Gremlin Leader","floor":25.0,"turns":6.0},{"damage":0.0,"enemies":"Slavers","floor":27.0,"turns":4.0},{"damage":0.0,"enemies":"Cultist and Chosen","floor":29.0,"turns":5.0},{"damage":0.0,"enemies":"Sentry and Sphere","floor":31.0,"turns":4.0},{"damage":0.0,"enemies":"Automaton","floor":33.0,"turns":7.0},{"damage":12.0,"enemies":"3 Darklings","floor":35.0,"turns":2.0},{"damage":0.0,"enemies":"3 Shapes","floor":36.0,"turns":2.0},{"damage":0.0,"enemies":"Mind Bloom Boss Battle","floor":38.0,"turns":5.0},{"damage":0.0,"enemies":"Jaw Worm Horde","floor":39.0,"turns":2.0},{"damage":0.0,"enemies":"Maw","floor":41.0,"turns":5.0},{"damage":0.0,"enemies":"Spire Growth","floor":45.0,"turns":4.0},{"damage":0,"enemies":"Jaw Worm Horde","floor":46,"turns":4},{"damage":2,"enemies":"Giant Head","floor":48,"turns":4},{"damage":8,"enemies":"Awakened One","floor":50,"turns":8}],"seed_played":"-3863974269353466368","potions_obtained":[{"floor":4.0,"key":"Explosive Potion"},{"floor":13.0,"key":"Strength Potion"},{"floor":16.0,"key":"Ancient Potion"},{"floor":23.0,"key":"SkillPotion"},{"floor":25.0,"key":"PowerPotion"},{"floor":48,"key":"Fire Potion"}],"is_trial":false,"path_per_floor":["M","?","M","M","M","R","$","R","T","M","E","?","E","?","R","B",null,"M","?","?","M","?","E","M","E","T","E","R","M","$","M","R","B",null,"M","M","$","?","M","R","M","$","T","?","M","M","?","E","R","B",null],"character_chosen":"THE_SILENT","items_purchased":["Membership Card","StoneCalendar","Well Laid Plans","Snake Skull","Noxious Fumes"],"campfire_rested":2,"item_purchase_floors":[30,30,30,37,42],"current_hp_per_floor":[68,68,66,65,59,59,59,59,59,59,54,47,28,28,47,39,65,63,35,32,32,32,11,11,9,9,9,9,9,9,9,18,18,32,20,20,20,20,20,20,20,20,20,20,20,20,20,18,18,10],"gold":442,"neow_bonus":"REMOVE_CARD","is_prod":false,"is_daily":false,"chose_seed":false,"campfire_upgraded":5,"win_rate":0,"timestamp":1559998072,"path_taken":["M","?","M","M","M","R","$","R","T","M","E","?","E","?","R","BOSS","M","?","?","M","?","E","M","E","T","E","R","M","$","M","R","BOSS","M","M","$","?","M","R","M","$","T","?","M","M","?","E","R","BOSS"],"build_version":"2019-01-23","purchased_purges":4,"victory":true,"max_hp_per_floor":[70,70,70,70,70,70,70,70,70,70,70,70,70,65,65,65,65,65,65,32,32,32,32,32,32,32,32,32,32,32,32,32,32,32,32,32,32,32,32,32,32,32,32,32,32,32,32,32,32,32],"card_choices":[{"not_picked":["Backflip","Bane"],"picked":"Acrobatics","floor":1.0},{"not_picked":["Quick Slash","Sucker Punch"],"picked":"Noxious Fumes","floor":3.0},{"not_picked":["Eviscerate","Accuracy"],"picked":"Underhanded Strike","floor":4.0},{"not_picked":["Dodge and Roll","Masterful Stab"],"picked":"Crippling Poison","floor":5.0},{"not_picked":["Dodge and Roll","Dagger Spray"],"picked":"After Image","floor":10.0},{"not_picked":["Dodge and Roll","Malaise"],"picked":"Terror","floor":11.0},{"not_picked":["PiercingWail","Dagger Spray"],"picked":"Catalyst","floor":12.0},{"not_picked":["Deadly Poison","Crippling Poison"],"picked":"After Image","floor":13.0},{"not_picked":["Malaise","Storm of Steel"],"picked":"Venomology","floor":16.0},{"not_picked":["Slice","Backflip"],"picked":"Eviscerate","floor":18.0},{"not_picked":["Leg Sweep","Backstab+1"],"picked":"Heel Hook+1","floor":19.0},{"not_picked":["Deadly Poison","Outmaneuver+1"],"picked":"Expertise","floor":21.0},{"not_picked":["Cloak And Dagger","Malaise"],"picked":"Underhanded Strike","floor":23.0},{"not_picked":["Acrobatics","Choke"],"picked":"Reflex","floor":24.0},{"not_picked":["Setup+1","Masterful Stab"],"picked":"Escape Plan","floor":25.0},{"not_picked":["Blade Dance","Acrobatics"],"picked":"Heel Hook+1","floor":27.0},{"not_picked":["Expertise+1","PiercingWail"],"picked":"Masterful Stab+1","floor":29.0},{"not_picked":["Backflip+1","Outmaneuver","Deflect"],"picked":"SKIP","floor":31.0},{"not_picked":["Unload+1","Night Terror"],"picked":"Corpse Explosion","floor":33.0},{"not_picked":["Acrobatics+1"],"picked":"SKIP","floor":35.0},{"not_picked":["Poisoned Stab+1"],"picked":"SKIP","floor":36.0},{"not_picked":[],"picked":"Dagger Throw+1","floor":39.0},{"not_picked":[],"picked":"PiercingWail+1","floor":41.0},{"not_picked":["Sucker Punch+1"],"picked":"SKIP","floor":45},{"not_picked":[],"picked":"Backstab+1","floor":46},{"not_picked":["Backflip"],"picked":"SKIP","floor":48}],"player_experience":684221,"relics_obtained":[{"floor":9.0,"key":"Paper Crane"},{"floor":11.0,"key":"Dead Branch"},{"floor":12.0,"key":"Odd Mushroom"},{"floor":13.0,"key":"Matryoshka"},{"floor":19.0,"key":"Red Mask"},{"floor":23.0,"key":"Bottled Tornado"},{"floor":25.0,"key":"Orichalcum"},{"floor":26.0,"key":"Whetstone"},{"floor":26.0,"key":"Molten Egg 2"},{"floor":27.0,"key":"Mummified Hand"},{"floor":38.0,"key":"Gambling Chip"},{"floor":43.0,"key":"Happy Flower"},{"floor":43.0,"key":"Sundial"},{"floor":48,"key":"Kunai"}],"event_choices":[{"cards_removed":["Defend_G"],"damage_healed":0.0,"max_hp_gain":0.0,"max_hp_loss":0.0,"gold_gain":0.0,"event_name":"Living Wall","player_choice":"Forget","floor":2.0,"gold_loss":0.0,"damage_taken":0.0},{"damage_healed":0.0,"max_hp_gain":0.0,"max_hp_loss":0.0,"gold_gain":0.0,"event_name":"Mushrooms","player_choice":"Fought Mushrooms","floor":12.0,"gold_loss":0.0,"damage_taken":0.0},{"damage_healed":0.0,"max_hp_gain":0.0,"max_hp_loss":5.0,"gold_gain":0.0,"event_name":"Golden Idol","player_choice":"Lose Max HP","floor":14.0,"gold_loss":0.0,"damage_taken":0.0,"relics_obtained":["Golden Idol"]},{"damage_healed":0.0,"max_hp_gain":0.0,"max_hp_loss":0.0,"gold_gain":0.0,"event_name":"Masked Bandits","player_choice":"Fought Bandits","floor":19.0,"gold_loss":0.0,"damage_taken":0.0},{"damage_healed":0.0,"max_hp_gain":0.0,"max_hp_loss":33.0,"gold_gain":0.0,"event_name":"Ghosts","player_choice":"Became a Ghost","floor":20.0,"gold_loss":0.0,"damage_taken":0.0,"cards_obtained":["Ghostly","Ghostly","Ghostly","Ghostly","Ghostly"]},{"cards_removed":["Eviscerate"],"damage_healed":0.0,"max_hp_gain":0.0,"max_hp_loss":0.0,"gold_gain":0.0,"event_name":"Beggar","player_choice":"Gave Gold","floor":22.0,"gold_loss":75.0,"damage_taken":0.0},{"damage_healed":0.0,"max_hp_gain":0.0,"max_hp_loss":0.0,"gold_gain":0.0,"event_name":"MindBloom","player_choice":"Fight","floor":38.0,"gold_loss":0.0,"damage_taken":0.0},{"damage_healed":0.0,"max_hp_gain":0.0,"max_hp_loss":0.0,"gold_gain":222.0,"event_name":"Tomb of Lord Red Mask","player_choice":"Wore Mask","floor":44.0,"gold_loss":0.0,"damage_taken":0.0},{"damage_healed":0,"gold_gain":0,"player_choice":"Forge","damage_taken":0,"max_hp_gain":0,"max_hp_loss":0,"event_name":"Accursed Blacksmith","floor":47,"gold_loss":0,"cards_upgraded":["Noxious Fumes"]}],"is_beta":false,"boss_relics":[{"not_picked":["Snecko Eye","Tiny House"],"picked":"HoveringKite"},{"not_picked":["Orrery","White Beast Statue"],"picked":"Busted Crown"}],"items_purged_floors":[7,30,37,42],"is_endless":false,"potions_floor_spawned":[4,13,16,23,25,29,31,36,45,48],"ascension_level":4}