{"gold_per_floor":[117,117,42,60,60,85,85,116,116,130,55,67,86,120,120,120],"floor_reached":16,"playtime":1245,"items_purged":["Defend_R"],"score":261,"play_id":"12580d23-e68f-402d-babb-29b3eeb6c9e4","local_time":"20190103100804","is_ascension_mode":true,"campfire_choices":[{"data":"Bash","floor":7,"key":"SMITH"},{"data":"Clothesline","floor":15,"key":"SMITH"}],"neow_cost":"NONE","seed_source_timestamp":334499164797682,"circlet_count":0,"master_deck":["AscendersBane","Strike_R","Strike_R","Strike_R+1","Strike_R","Defend_R","Defend_R+1","Defend_R","Bash+1","Ghostly Armor","Clothesline+1","Armaments+1","Bloodletting+1","Rage+1","True Grit+1","Offering+1"],"relics":["Burning Blood","NeowsBlessing","Toxic Egg 2","Bottled Lightning","Matryoshka","Dream Catcher"],"potions_floor_usage":[8,14,16],"damage_taken":[{"damage":0,"enemies":"Jaw Worm","floor":1,"turns":1},{"damage":0,"enemies":"Small Slimes","floor":4,"turns":1},{"damage":0,"enemies":"Lagavulin","floor":6,"turns":1},{"damage":34,"enemies":"3 Sentries","floor":8,"turns":13},{"damage":0,"enemies":"Cultist","floor":10,"turns":3},{"damage":7,"enemies":"Red Slaver","floor":12,"turns":4},{"damage":5,"enemies":"2 Fungi Beasts","floor":13,"turns":3},{"damage":23,"enemies":"Gremlin Nob","floor":14,"turns":4},{"damage":51,"enemies":"Hexaghost","floor":16,"turns":14}],"seed_played":"6761218905884130288","potions_obtained":[{"floor":1,"key":"Regen Potion"},{"floor":12,"key":"Explosive Potion"},{"floor":13,"key":"Fire Potion"}],"is_trial":false,"path_per_floor":["M","?","?","M","?","E","R","E","T","M","$","M","M","E","R","B"],"character_chosen":"IRONCLAD","items_purchased":[],"campfire_rested":0,"item_purchase_floors":[],"current_hp_per_floor":[74,51,51,57,75,75,75,62,62,68,68,67,68,51,51,0],"gold":120,"neow_bonus":"THREE_ENEMY_KILL","is_prod":false,"is_daily":false,"chose_seed":false,"campfire_upgraded":2,"win_rate":0,"timestamp":1546481284,"path_taken":["M","?","?","M","?","E","R","E","T","M","?","M","M","E","R","BOSS"],"build_version":"2018-12-20","purchased_purges":1,"victory":false,"max_hp_per_floor":[75,75,75,75,75,75,75,75,75,75,75,75,75,75,75,75],"card_choices":[{"not_picked":["Pummel","Wild Strike"],"picked":"Ghostly Armor","floor":1},{"not_picked":["Havoc","Rupture"],"picked":"Clothesline","floor":4},{"not_picked":["Rupture","Sword Boomerang","Burning Pact"],"picked":"SKIP","floor":6},{"not_picked":["Rupture","Berserk"],"picked":"Armaments+1","floor":8},{"not_picked":["Shrug It Off+1","Sever Soul"],"picked":"Bloodletting+1","floor":10},{"not_picked":["Body Slam","Shrug It Off+1"],"picked":"Rage+1","floor":12},{"not_picked":["Disarm+1","Heavy Blade"],"picked":"True Grit+1","floor":13},{"not_picked":["Pommel Strike","Burning Pact+1"],"picked":"Offering+1","floor":14}],"player_experience":649489,"relics_obtained":[{"floor":6,"key":"Toxic Egg 2"},{"floor":8,"key":"Bottled Lightning"},{"floor":9,"key":"Matryoshka"},{"floor":14,"key":"Dream Catcher"}],"event_choices":[{"damage_healed":0,"gold_gain":0,"player_choice":"Entered Light","damage_taken":23,"max_hp_gain":0,"max_hp_loss":0,"event_name":"Shining Light","floor":2,"gold_loss":0,"cards_upgraded":["Strike_R","Defend_R"]},{"cards_removed":["Strike_R"],"damage_healed":0,"gold_gain":0,"player_choice":"Card Removal","damage_taken":0,"max_hp_gain":0,"max_hp_loss":0,"event_name":"The Cleric","floor":3,"gold_loss":75},{"damage_healed":25,"gold_gain":0,"player_choice":"Banana","damage_taken":0,"max_hp_gain":0,"max_hp_loss":0,"event_name":"Big Fish","floor":5,"gold_loss":0}],"is_beta":false,"boss_relics":[],"items_purged_floors":[11],"is_endless":false,"potions_floor_spawned":[1,12,13],"killed_by":"Hexaghost","ascension_level":16}