{"gold_per_floor":[116,66,66,66,82,113,113,113,165,182,182,195,195,228,228,324,324,341,341,165,177,77,77,108,108,108,142,142,156,156,171,171,268,268,287,287,297,309,209,209,243,256,281,281,299,25,43,91,91,91],"floor_reached":51,"playtime":4784,"items_purged":["Strike_R","Strike_R","Defend_R","Defend_R+1"],"score":1102,"play_id":"e2ee02ce-a0d3-4eed-a2ef-a52193e2c92b","local_time":"20180815084826","is_ascension_mode":true,"campfire_choices":[{"data":"Carnage","floor":8.0,"key":"SMITH"},{"data":"Rampage","floor":13.0,"key":"SMITH"},{"data":"Bash","floor":15.0,"key":"SMITH"},{"data":"Offering","floor":23.0,"key":"SMITH"},{"data":"Seeing Red","floor":30,"key":"SMITH"},{"data":"RitualDagger","floor":32,"key":"SMITH"},{"data":"Dropkick","floor":40,"key":"SMITH"},{"data":"Master of Strategy","floor":49,"key":"SMITH"}],"neow_cost":"NONE","seed_source_timestamp":0,"circlet_count":0,"master_deck":["Defend_R+1","Bash+1","Headbutt","Carnage+1","Rampage+1","Offering+1","Metallicize","Seeing Red+1","Finesse","Dropkick+1","RitualDagger+1","Burning Pact+1","Master of Strategy+1","Flash of Steel","Master of Strategy"],"special_seed":0,"relics":["Black Blood","NeowsBlessing","War Paint","Pantograph","Anchor","Darkstone Periapt","Sozu","Red Skull","Dodecahedron","The Courier","Mummified Hand","Champion Belt","Mercury Hourglass","Regal Pillow","Mango"],"potions_floor_usage":[29,33],"damage_taken":[{"damage":0.0,"enemies":"2 Louse","floor":1.0,"turns":1.0},{"damage":0.0,"enemies":"Small Slimes","floor":5.0,"turns":1.0},{"damage":0.0,"enemies":"Lagavulin","floor":6.0,"turns":1.0},{"damage":0.0,"enemies":"Jaw Worm","floor":10.0,"turns":2.0},{"damage":0.0,"enemies":"3 Louse","floor":12.0,"turns":3.0},{"damage":26.0,"enemies":"3 Sentries","floor":14.0,"turns":6.0},{"damage":6.0,"enemies":"Slime Boss","floor":16.0,"turns":5.0},{"damage":6.0,"enemies":"Spheric Guardian","floor":18.0,"turns":3.0},{"damage":8.0,"enemies":"2 Thieves","floor":21.0,"turns":3.0},{"damage":14.0,"enemies":"Slavers","floor":24.0,"turns":4.0},{"damage":6.0,"enemies":"Gremlin Leader","floor":27.0,"turns":4.0},{"damage":13,"enemies":"Snake Plant","floor":29,"turns":4},{"damage":13,"enemies":"Snecko","floor":31,"turns":3},{"damage":29,"enemies":"Champ","floor":33,"turns":4},{"damage":18,"enemies":"3 Darklings","floor":35,"turns":5},{"damage":6,"floor":36,"turns":2},{"damage":6,"enemies":"Orb Walker","floor":37,"turns":1},{"damage":6,"enemies":"Spire Growth","floor":38,"turns":1},{"damage":6,"enemies":"Giant Head","floor":41,"turns":2},{"damage":6,"enemies":"Transient","floor":42,"turns":1},{"damage":6,"enemies":"3 Darklings","floor":45,"turns":2},{"damage":0,"enemies":"Flame Bruiser 2 Orb","floor":47,"turns":1},{"damage":6,"floor":48,"turns":1},{"damage":15,"enemies":"Donu and Deca","floor":50,"turns":4}],"seed_played":"575657511147041545","potions_obtained":[{"floor":6.0,"key":"Ancient Potion"},{"floor":14.0,"key":"EssenceOfSteel"}],"is_trial":false,"path_per_floor":["M","?","$","?","M","E","?","R","T","M","?","M","R","E","R","B",null,"M","?","$","M","$","R","E","T","T","E","?","M","R","M","R","B",null,"M","?","M","M","$","R","E","M","T","?","M","$","M","?","R","B"],"character_chosen":"IRONCLAD","items_purchased":["Finesse","Master of Strategy"],"campfire_rested":0,"item_purchase_floors":[20,46],"current_hp_per_floor":[78,78,78,71,77,80,73,73,73,79,79,80,80,60,60,80,80,80,80,80,78,78,78,70,70,70,70,64,57,57,50,50,52,73,65,80,80,80,80,80,80,80,80,70,74,74,80,94,94,89],"gold":91,"neow_bonus":"THREE_ENEMY_KILL","is_prod":false,"is_daily":false,"chose_seed":false,"campfire_upgraded":8,"win_rate":0,"timestamp":1534294106,"path_taken":["M","?","$","?","?","E","?","R","T","M","?","M","R","E","R","BOSS","M","?","$","M","$","R","E","?","T","E","?","M","R","M","R","BOSS","M","?","M","M","$","R","E","M","T","?","M","$","M","?","R","BOSS"],"build_version":"2018-08-09","purchased_purges":4,"victory":true,"max_hp_per_floor":[80,80,80,80,80,80,80,80,80,80,80,80,80,80,80,80,80,80,80,80,80,80,80,80,80,80,80,80,80,80,80,80,80,80,80,80,80,80,80,80,80,80,80,80,80,80,80,94,94,94],"card_choices":[{"not_picked":["Flex","Iron Wave","Pummel"],"picked":"SKIP","floor":1.0},{"not_picked":["Flex","Dual Wield"],"picked":"Headbutt","floor":5.0},{"not_picked":["Evolve","Armaments"],"picked":"Carnage","floor":6.0},{"not_picked":["Anger","Warcry"],"picked":"Rampage","floor":10.0},{"not_picked":["Flex","Sword Boomerang","Clothesline"],"picked":"SKIP","floor":12.0},{"not_picked":["Warcry","Burning Pact"],"picked":"Metallicize","floor":14.0},{"not_picked":["Combust","Corruption+1","Entrench"],"picked":"SKIP","floor":18.0},{"not_picked":["Pommel Strike","Sever Soul","Warcry"],"picked":"SKIP","floor":21.0},{"not_picked":["Flex","Reckless Charge"],"picked":"Dropkick","floor":24.0},{"not_picked":["Body Slam","Pommel Strike","Warcry"],"picked":"SKIP","floor":27.0},{"not_picked":["Body Slam","True Grit+1","Perfected Strike+1"],"picked":"SKIP","floor":29},{"not_picked":["Immolate","Reckless Charge"],"picked":"Burning Pact+1","floor":31},{"not_picked":["Shrug It Off","Iron Wave+1","Power Through+1"],"picked":"SKIP","floor":35},{"not_picked":["Disarm+1","Sword Boomerang+1","Cleave+1"],"picked":"SKIP","floor":37},{"not_picked":["Clothesline","Anger","Feel No Pain+1"],"picked":"SKIP","floor":38},{"not_picked":["Armaments+1","Clothesline+1","Impervious"],"picked":"SKIP","floor":41},{"not_picked":["Body Slam","Pummel","Havoc"],"picked":"SKIP","floor":42},{"not_picked":["Dark Shackles","Apotheosis"],"picked":"Master of Strategy","floor":44},{"not_picked":["Jack Of All Trades","Panacea"],"picked":"Flash of Steel","floor":44},{"not_picked":["Headbutt+1","Warcry","True Grit+1"],"picked":"SKIP","floor":45},{"not_picked":["Clash+1","True Grit","Thunderclap+1"],"picked":"SKIP","floor":47}],"player_experience":435730,"relics_obtained":[{"floor":6.0,"key":"Pantograph"},{"floor":9.0,"key":"Anchor"},{"floor":14.0,"key":"Darkstone Periapt"},{"floor":24.0,"key":"Red Skull"},{"floor":25.0,"key":"Dodecahedron"},{"floor":26.0,"key":"The Courier"},{"floor":27.0,"key":"Mummified Hand"},{"floor":36,"key":"Champion Belt"},{"floor":41,"key":"Mercury Hourglass"},{"floor":43,"key":"Regal Pillow"},{"floor":48,"key":"Mango"}],"event_choices":[{"event_name":"The Cleric","player_choice":"Card Removal","floor":2.0,"damage_taken":0.0},{"event_name":"Scrap Ooze","player_choice":"success","floor":4.0,"damage_taken":7.0},{"event_name":"Golden Wing","player_choice":"Card Removal","floor":7.0,"damage_taken":0.0},{"event_name":"Transmorgrifier","player_choice":"Transform","floor":11.0,"damage_taken":0.0},{"event_name":"Transmorgrifier","player_choice":"Transform","floor":19.0,"damage_taken":0.0},{"event_name":"Nest","player_choice":"Joined the Cult","floor":28.0,"damage_taken":0.0},{"event_name":"MindBloom","player_choice":"Fight","floor":36,"damage_taken":0},{"event_name":"SensoryStone","player_choice":"Memory 3","floor":44,"damage_taken":0},{"event_name":"Mysterious Sphere","player_choice":"Fight","floor":48,"damage_taken":0}],"is_beta":false,"boss_relics":[{"not_picked":["Tiny House","Black Star"],"picked":"Sozu"},{"not_picked":["Fusion Hammer","Mark of Pain"],"picked":"Black Blood"}],"items_purged_floors":[20,22,39,46],"is_endless":false,"potions_floor_spawned":[6,14,29,31,33,35,38,41,45,47,48],"ascension_level":6}