{"path_per_floor":["M","$","?","?","M","R","M","M","T","M","?","?","M","E","R","B",null,"M","?","?","$","$","R","$","M","T","R","M","R","M","M","R"],"character_chosen":"THE_SILENT","items_purchased":["All Out Attack","Noxious Fumes","Noxious Fumes"],"gold_per_floor":[213,100,50,50,69,69,80,96,96,108,108,136,146,174,174,269,269,280,280,280,104,66,66,66,79,79,79,91,91,108,119,119],"floor_reached":33,"campfire_rested":3,"playtime":1548,"current_hp_per_floor":[67,67,67,60,60,60,60,60,60,53,70,70,61,47,68,22,70,65,65,52,52,52,74,74,74,74,74,74,74,59,27,49],"items_purged":["Strike_G","Strike_G"],"gold":119,"score":247,"play_id":"a7dca937-be79-4fda-87e0-2d2b96bd5fa1","is_prod":false,"is_daily":false,"is_ascension_mode":false,"campfire_upgraded":3,"path_taken":["M","$","?","?","M","R","M","M","T","M","?","?","M","E","R","BOSS","M","?","?","?","$","R","$","?","T","R","M","R","M","M","R","BOSS"],"build_version":"2018-02-15-PROD1","purchased_purges":2,"victory":false,"master_deck":["Defend_G","Defend_G","Defend_G","Strike_G","Strike_G","Strike_G","Survivor","Neutralize","All Out Attack+1","Dagger Spray","All Out Attack","Unload","Backstab","Unload","Noxious Fumes+1","Noxious Fumes+1"],"max_hp_per_floor":[70,70,70,70,70,70,70,70,70,70,70,70,70,70,70,70,70,70,70,75,75,75,75,75,75,75,75,75,75,75,75,75],"relics":["Ring of the Snake","Gambling Chip","Odd Mushroom","Darkstone Periapt","Velvet Choker","Centennial Puzzle"],"card_choices":[{"not_picked":["Eviscerate","Dagger Throw"],"picked":"Dagger Spray"},{"not_picked":["Underhanded Strike","Footwork"],"picked":"All Out Attack"},{"not_picked":["Sucker Punch","Crippling Poison"],"picked":"Unload"},{"not_picked":["Masterful Stab","Reflex"],"picked":"Backstab"},{"not_picked":["Burst","Wraith Form"],"picked":"Unload"}],"player_experience":79490,"potions_floor_usage":[16,16,33,33,33],"damage_taken":[{"damage":3,"enemies":"2 Louse","floor":1,"turns":3},{"damage":0,"enemies":"Small Slimes","floor":5,"turns":2},{"damage":0,"enemies":"Jaw Worm","floor":7,"turns":3},{"damage":0,"enemies":"Gremlin Gang","floor":8,"turns":1},{"damage":7,"enemies":"Large Slime","floor":10,"turns":4},{"damage":0,"enemies":"The Mushroom Lair","floor":12,"turns":1},{"damage":9,"enemies":"Exordium Wildlife","floor":13,"turns":2},{"damage":14,"enemies":"Gremlin Nob","floor":14,"turns":3},{"damage":46,"enemies":"The Guardian","floor":16,"turns":10},{"damage":5,"enemies":"Chosen","floor":18,"turns":4},{"damage":0,"enemies":"Spheric Guardian","floor":25,"turns":1},{"damage":0,"enemies":"Chosen and Byrds","floor":28,"turns":5},{"damage":15,"enemies":"Snecko","floor":30,"turns":5},{"damage":32,"enemies":"Slaver and Parasite","floor":31,"turns":4},{"damage":56,"enemies":"Automaton","floor":33,"turns":8}],"event_choices":[{"event_name":"The Cleric","player_choice":"Card Removal","floor":3,"damage_taken":0},{"event_name":"Golden Wing","player_choice":"Card Removal","floor":4,"damage_taken":0},{"event_name":"Big Fish","player_choice":"Banana","floor":11,"damage_taken":0},{"event_name":"Mushrooms","player_choice":"Fought Mushrooms","floor":12,"damage_taken":0},{"event_name":"Match and Keep!","player_choice":"0 cards matched","floor":19,"damage_taken":0},{"event_name":"Forgotten Altar","player_choice":"Shed Blood","floor":20,"damage_taken":0}],"boss_relics":[{"not_picked":["White Beast Statue","Sozu"],"picked":"Velvet Choker"}],"potions_floor_spawned":[1,8,14,28,30,31],"seed_played":"8983025274035598044","killed_by":"Automaton","ascension_level":0,"is_trial":false}