{"gold_per_floor":[110,128,144,156,167,180,191,202,256,273,273,273,223,239,239,335,335,354,370,469,500,170,170,189,189,189,89,89],"floor_reached":28,"playtime":1353,"items_purged":["Strike_B","Strike_B"],"score":216,"play_id":"c6930300-8a03-4c9e-906f-d5d0f6d2569e","local_time":"20180816212104","is_ascension_mode":false,"campfire_choices":[{"data":"Zap","floor":12,"key":"SMITH"},{"floor":15,"key":"REST"},{"data":"Dualcast","floor":23,"key":"SMITH"},{"floor":25,"key":"REST"}],"neow_cost":"NONE","seed_source_timestamp":0,"circlet_count":0,"master_deck":["Strike_B","Defend_B","Defend_B","Defend_B","Defend_B","Zap+1","Dualcast+1","Leap","Compile Driver","Streamline","Sweeping Beam","White Noise","Glacier","Storm","Buffer","Amplify","BootSequence","Chill"],"special_seed":0,"relics":["Cracked Core","Boot","Potion Belt","Inserter","Red Mask","Gremlin Horn","Happy Flower"],"potions_floor_usage":[6,14,21,21],"damage_taken":[{"damage":8,"enemies":"Jaw Worm","floor":1,"turns":4},{"damage":0,"enemies":"2 Louse","floor":2,"turns":2},{"damage":0,"enemies":"Small Slimes","floor":3,"turns":3},{"damage":1,"enemies":"3 Louse","floor":4,"turns":3},{"damage":0,"enemies":"2 Fungi Beasts","floor":5,"turns":3},{"damage":0,"enemies":"Red Slaver","floor":6,"turns":2},{"damage":3,"enemies":"Large Slime","floor":7,"turns":5},{"damage":7,"enemies":"2 Fungi Beasts","floor":8,"turns":4},{"damage":8,"enemies":"Blue Slaver","floor":10,"turns":4},{"damage":23,"enemies":"Exordium Wildlife","floor":14,"turns":4},{"damage":23,"enemies":"The Guardian","floor":16,"turns":13},{"damage":11,"enemies":"Shell Parasite","floor":18,"turns":9},{"damage":4,"enemies":"Chosen","floor":19,"turns":6},{"damage":36,"floor":21,"turns":4},{"damage":7,"enemies":"Centurion and Healer","floor":24,"turns":9},{"damage":51,"enemies":"Cultist and Chosen","floor":28,"turns":5}],"seed_played":"1337301118681042663","potions_obtained":[{"floor":2,"key":"Energy Potion"},{"floor":5,"key":"Strength Potion"},{"floor":6,"key":"Ancient Potion"},{"floor":14,"key":"Explosive Potion"},{"floor":16,"key":"AttackPotion"},{"floor":19,"key":"SteroidPotion"},{"floor":24,"key":"Explosive Potion"}],"is_trial":false,"path_per_floor":["M","M","M","M","M","M","M","M","T","M","?","R","?","M","R","B",null,"M","M","?","?","$","R","M","R","T","$"],"character_chosen":"DEFECT","items_purchased":["Gremlin Horn"],"campfire_rested":2,"item_purchase_floors":[22],"current_hp_per_floor":[67,67,67,66,66,66,63,56,56,48,48,48,48,25,47,24,75,64,60,60,24,24,24,17,39,39,39,0],"gold":89,"neow_bonus":"RANDOM_COMMON_RELIC","is_prod":false,"is_daily":false,"chose_seed":false,"campfire_upgraded":2,"win_rate":0,"timestamp":1534425664,"path_taken":["M","M","M","M","M","M","M","M","T","M","?","R","?","M","R","BOSS","M","M","?","?","$","R","M","R","T","$","M"],"build_version":"2018-08-09","purchased_purges":2,"victory":false,"max_hp_per_floor":[75,75,75,75,75,75,75,75,75,75,75,75,75,75,75,75,75,75,75,75,75,75,75,75,75,75,75,75],"card_choices":[{"not_picked":["Barrage","Redo"],"picked":"Leap","floor":1},{"not_picked":["Steam Power","Turbo"],"picked":"Compile Driver","floor":2},{"not_picked":["Static Discharge","Reinforced Body"],"picked":"Streamline","floor":3},{"not_picked":["Genetic Algorithm","Turbo"],"picked":"Sweeping Beam","floor":4},{"not_picked":["Beam Cell","Hologram","Go for the Eyes"],"picked":"SKIP","floor":5},{"not_picked":["Multi-Cast","Doom and Gloom"],"picked":"White Noise","floor":6},{"not_picked":["Rebound","Rip and Tear"],"picked":"Glacier","floor":7},{"not_picked":["Hologram","Coolheaded"],"picked":"Storm","floor":8},{"not_picked":["Streamline","Beam Cell","Compile Driver"],"picked":"SKIP","floor":10},{"not_picked":["Coolheaded","Barrage"],"picked":"Buffer","floor":14},{"not_picked":["Reboot","Fission"],"picked":"Amplify","floor":16},{"not_picked":["Sweeping Beam","Stack+1","Gash"],"picked":"SKIP","floor":18},{"not_picked":["Sweeping Beam","Reprogram","Rebound"],"picked":"SKIP","floor":19},{"not_picked":["Chaos","FTL"],"picked":"BootSequence","floor":21},{"not_picked":["Gash+1","Hologram+1"],"picked":"Chill","floor":24}],"player_experience":482862,"relics_obtained":[{"floor":9,"key":"Potion Belt"},{"floor":21,"key":"Red Mask"},{"floor":26,"key":"Happy Flower"}],"event_choices":[{"event_name":"Liars Game","player_choice":"disagreed","floor":11,"damage_taken":0},{"event_name":"The Cleric","player_choice":"Card Removal","floor":13,"damage_taken":0},{"event_name":"Nest","player_choice":"Stole From Cult","floor":20,"damage_taken":0},{"event_name":"Masked Bandits","player_choice":"Fought Bandits","floor":21,"damage_taken":0}],"is_beta":false,"boss_relics":[{"not_picked":["Lizard Tail","Philosopher\u0027s Stone"],"picked":"Inserter"}],"items_purged_floors":[22,27],"is_endless":false,"potions_floor_spawned":[2,5,6,14,16,19,24],"killed_by":"Cultist and Chosen","ascension_level":0}