{"gold_per_floor":[117,133,144,103,278,278,307,321,347,370,386,386,23,38,38,134,134,150,165,165,175,186,186,199,199,199,67,67],"floor_reached":28,"playtime":1352,"items_purged":["Doubt"],"score":255,"play_id":"7abd7619-74e0-4e98-9028-c516096963d1","local_time":"20190612224032","is_ascension_mode":true,"campfire_choices":[{"data":"Dualcast","floor":6,"key":"SMITH"},{"data":"Darkness","floor":15,"key":"SMITH"},{"floor":23,"key":"REST"},{"data":"Loop","floor":25,"key":"SMITH"}],"neow_cost":"NONE","seed_source_timestamp":6781471361309,"circlet_count":0,"master_deck":["Strike_B","Strike_B","Strike_B","Strike_B","Defend_B","Defend_B","Defend_B","Defend_B","Zap","Dualcast+1","Compile Driver","Glacier","Chaos","Darkness+1","Capacitor","Self Repair","Electrodynamics","Go for the Eyes+1","Loop+1","Consume+1","Chaos+1","Self Repair","Cold Snap"],"relics":["Cracked Core","Omamori","Ancient Tea Set","Bag of Marbles","Thread and Needle","Philosopher\u0027s Stone","Kunai"],"potions_floor_usage":[7,8,16,16,28],"damage_taken":[{"damage":8,"enemies":"Small Slimes","floor":1,"turns":2},{"damage":9,"enemies":"Jaw Worm","floor":2,"turns":3},{"damage":2,"enemies":"2 Louse","floor":3,"turns":2},{"damage":11,"enemies":"Lagavulin","floor":7,"turns":8},{"damage":24,"enemies":"Lots of Slimes","floor":8,"turns":6},{"damage":0,"enemies":"Looter","floor":11,"turns":4},{"damage":14,"enemies":"Red Slaver","floor":14,"turns":4},{"damage":4,"enemies":"Hexaghost","floor":16,"turns":7},{"damage":20,"enemies":"2 Thieves","floor":18,"turns":4},{"damage":13,"enemies":"Spheric Guardian","floor":19,"turns":4},{"damage":12,"enemies":"3 Cultists","floor":21,"turns":4},{"damage":30,"enemies":"Shelled Parasite and Fungi","floor":22,"turns":5},{"damage":8,"enemies":"Snecko","floor":24,"turns":6},{"damage":49,"enemies":"Slavers","floor":28,"turns":2}],"seed_played":"-610375256640560720","potions_obtained":[{"floor":1,"key":"EssenceOfSteel"},{"floor":3,"key":"SkillPotion"},{"floor":7,"key":"Swift Potion"},{"floor":8,"key":"FocusPotion"},{"floor":18,"key":"FearPotion"},{"floor":22,"key":"FearPotion"},{"floor":24,"key":"PowerPotion"}],"is_trial":false,"path_per_floor":["M","M","M","?","?","R","E","M","T","T","M","?","$","M","R","B",null,"M","M","?","M","M","R","M","R","T","$","E"],"character_chosen":"DEFECT","items_purchased":["Thread and Needle","Self Repair","Cold Snap"],"campfire_rested":1,"item_purchase_floors":[13,27,27],"current_hp_per_floor":[74,65,63,63,63,63,52,28,28,28,28,55,55,41,41,37,82,69,63,55,43,20,44,43,43,43,43,0],"gold":67,"neow_bonus":"TEN_PERCENT_HP_BONUS","is_prod":false,"is_daily":false,"chose_seed":false,"campfire_upgraded":3,"win_rate":0,"timestamp":1560393632,"path_taken":["M","M","M","?","?","R","E","?","T","?","M","?","$","M","R","BOSS","M","M","?","M","M","R","M","R","T","$","E"],"build_version":"2019-01-23","purchased_purges":1,"victory":false,"max_hp_per_floor":[82,82,82,82,82,82,82,82,82,82,82,82,82,82,82,82,82,82,82,82,82,82,82,82,82,82,82,82],"card_choices":[{"not_picked":["Auto Shields","Hologram"],"picked":"Compile Driver","floor":1},{"not_picked":["Self Repair","Reinforced Body"],"picked":"Glacier","floor":2},{"not_picked":["Reprogram","Go for the Eyes","Gash"],"picked":"SKIP","floor":3},{"not_picked":["Streamline","Compile Driver"],"picked":"Chaos","floor":7},{"not_picked":["Compile Driver","Capacitor"],"picked":"Darkness","floor":8},{"not_picked":["Turbo","Conserve Battery"],"picked":"Capacitor","floor":11},{"not_picked":["Sweeping Beam","Conserve Battery"],"picked":"Self Repair","floor":14},{"not_picked":["Creative AI","Meteor Strike"],"picked":"Electrodynamics","floor":16},{"not_picked":["Hologram","Gash"],"picked":"Go for the Eyes+1","floor":18},{"not_picked":["Melter","Redo+1"],"picked":"Loop","floor":19},{"not_picked":["Go for the Eyes","Lockon+1"],"picked":"Consume+1","floor":21},{"not_picked":["Go for the Eyes","Hologram","Sweeping Beam"],"picked":"SKIP","floor":22},{"not_picked":["Conserve Battery","Scrape"],"picked":"Chaos+1","floor":24}],"player_experience":398256,"relics_obtained":[{"floor":7,"key":"Omamori"},{"floor":9,"key":"Ancient Tea Set"},{"floor":10,"key":"Bag of Marbles"},{"floor":26,"key":"Kunai"}],"event_choices":[{"damage_healed":0,"gold_gain":0,"player_choice":"Left Gold","damage_taken":0,"max_hp_gain":0,"max_hp_loss":0,"event_name":"World of Goop","floor":4,"gold_loss":41},{"damage_healed":0,"gold_gain":175,"player_choice":"AGREE","damage_taken":0,"max_hp_gain":0,"max_hp_loss":0,"event_name":"Liars Game","floor":5,"gold_loss":0,"cards_obtained":["Doubt"]},{"damage_healed":27,"gold_gain":0,"player_choice":"Banana","damage_taken":0,"max_hp_gain":0,"max_hp_loss":0,"event_name":"Big Fish","floor":12,"gold_loss":0},{"damage_healed":0,"gold_gain":0,"player_choice":"","damage_taken":8,"max_hp_gain":0,"max_hp_loss":0,"event_name":"Knowing Skull","floor":20,"potions_obtained":[],"gold_loss":0,"cards_obtained":[]}],"is_beta":false,"boss_relics":[{"not_picked":["Black Star","Busted Crown"],"picked":"Philosopher\u0027s Stone"}],"items_purged_floors":[13],"is_endless":false,"potions_floor_spawned":[1,3,7,8,18,22,24],"killed_by":"Slavers","ascension_level":3}