{"gold_per_floor":[11,11,26,26,38,38,67,79,128,128,161,161,141,141,141,238,238,255,255,270,282,295,295,315,315,339,359,284,301,321,221,221,317,317,330,344,364,378,378,378,393,393,393,268,118,118,118,128,128,128],"floor_reached":50,"playtime":3046,"items_purged":["Normality","Concentrate+1","Injury","Strike_G"],"score":570,"play_id":"f63bad02-b452-463d-8054-a713dd28c6df","local_time":"20190609083121","is_ascension_mode":true,"campfire_choices":[{"data":"Cloak And Dagger","floor":6,"key":"SMITH"},{"data":"A Thousand Cuts","floor":10,"key":"SMITH"},{"data":"Accuracy","floor":12,"key":"SMITH"},{"floor":15,"key":"REST"},{"data":"Blade Dance","floor":23,"key":"SMITH"},{"data":"Phantasmal Killer","floor":25,"key":"SMITH"},{"floor":32,"key":"REST"},{"data":"A Thousand Cuts","floor":40,"key":"SMITH"},{"data":"Outmaneuver","floor":42,"key":"SMITH"},{"data":"Dodge and Roll","floor":46,"key":"SMITH"},{"floor":49,"key":"REST"}],"neow_cost":"NO_GOLD","seed_source_timestamp":137385799919364,"circlet_count":0,"master_deck":["Defend_G","Defend_G+1","Defend_G","Defend_G","Strike_G","Survivor","Neutralize+1","Cloak And Dagger+1","Accuracy+1","Blade Dance+1","A Thousand Cuts+1","Phantasmal Killer+1","Backflip","Dodge and Roll","Crippling Poison+1","Dodge and Roll+1","Caltrops","Prepared+1","A Thousand Cuts+1","Blade Dance+1","Blade Dance+1","Dagger Spray+1","Outmaneuver+1"],"relics":["Ring of the Snake","Gremlin Horn","Blood Vial","Bronze Scales","Cursed Key","Bag of Marbles","Eternal Feather","Centennial Puzzle"],"potions_floor_usage":[7,16,24,24,30,30,33,38,41],"damage_taken":[{"damage":0,"enemies":"Jaw Worm","floor":1,"turns":6},{"damage":0,"enemies":"2 Louse","floor":3,"turns":4},{"damage":0,"enemies":"Small Slimes","floor":5,"turns":5},{"damage":32,"enemies":"Lagavulin","floor":7,"turns":8},{"damage":1,"enemies":"2 Fungi Beasts","floor":8,"turns":3},{"damage":24,"enemies":"Gremlin Nob","floor":11,"turns":4},{"damage":10,"enemies":"The Guardian","floor":16,"turns":9},{"damage":4,"enemies":"Shell Parasite","floor":18,"turns":4},{"damage":4,"enemies":"Chosen","floor":20,"turns":3},{"damage":6,"enemies":"Snecko","floor":21,"turns":5},{"damage":20,"enemies":"Snake Plant","floor":22,"turns":3},{"damage":8,"enemies":"Centurion and Healer","floor":24,"turns":5},{"damage":5,"enemies":"Snecko","floor":27,"turns":4},{"damage":21,"enemies":"Sentry and Sphere","floor":29,"turns":7},{"damage":1,"enemies":"Centurion and Healer","floor":30,"turns":4},{"damage":23,"enemies":"Champ","floor":33,"turns":9},{"damage":0,"enemies":"3 Shapes","floor":35,"turns":4},{"damage":22,"enemies":"3 Darklings","floor":36,"turns":3},{"damage":0,"enemies":"4 Shapes","floor":37,"turns":6},{"damage":33,"enemies":"Spire Growth","floor":38,"turns":5},{"damage":0,"enemies":"3 Darklings","floor":41,"turns":2},{"damage":34,"enemies":"Jaw Worm Horde","floor":48,"turns":3},{"damage":51,"enemies":"Donu and Deca","floor":50,"turns":3}],"seed_played":"-562710243525319791","potions_obtained":[{"floor":3,"key":"Regen Potion"},{"floor":8,"key":"Explosive Potion"},{"floor":16,"key":"Weak Potion"},{"floor":18,"key":"PowerPotion"},{"floor":22,"key":"EssenceOfSteel"},{"floor":29,"key":"Energy Potion"},{"floor":30,"key":"Energy Potion"},{"floor":35,"key":"SteroidPotion"},{"floor":38,"key":"Block Potion"}],"is_trial":false,"path_per_floor":["M","?","M","?","M","R","E","M","T","R","E","R","?","?","R","B",null,"M","?","M","M","M","R","M","R","T","M","$","M","M","$","R","B",null,"M","M","M","M","?","R","M","R","T","$","$","R","?","M","R","B"],"character_chosen":"THE_SILENT","items_purchased":[],"campfire_rested":3,"item_purchase_floors":[],"current_hp_per_floor":[70,70,70,63,63,63,45,44,44,44,22,22,22,8,29,21,58,56,56,54,50,32,32,26,26,26,23,23,4,5,5,26,5,54,56,36,38,7,7,19,21,33,33,33,33,45,45,13,46,0],"gold":128,"neow_bonus":"REMOVE_TWO","is_prod":false,"is_daily":false,"chose_seed":false,"campfire_upgraded":8,"win_rate":0,"timestamp":1560040281,"path_taken":["M","?","M","?","M","R","E","M","T","R","E","R","?","?","R","BOSS","M","?","M","M","M","R","M","R","T","M","$","M","?","$","R","BOSS","M","M","M","?","?","R","M","R","T","?","$","R","?","?","R","BOSS"],"build_version":"2019-01-23","purchased_purges":4,"victory":false,"max_hp_per_floor":[70,70,70,70,70,70,70,70,70,70,70,70,70,70,70,70,70,70,70,70,70,70,70,70,70,70,70,70,70,70,70,70,70,70,70,70,70,70,70,70,70,70,70,70,70,70,70,70,70,70],"card_choices":[{"not_picked":["Underhanded Strike","Flying Knee"],"picked":"Cloak And Dagger","floor":1},{"not_picked":["Choke","Tactician"],"picked":"Accuracy","floor":3},{"not_picked":["Well Laid Plans","Terror"],"picked":"Blade Dance","floor":5},{"not_picked":["Skewer","Backflip"],"picked":"A Thousand Cuts","floor":7},{"not_picked":["Deadly Poison","Bane","Crippling Poison"],"picked":"SKIP","floor":8},{"not_picked":["Venomology","Eviscerate","PiercingWail"],"picked":"SKIP","floor":11},{"not_picked":["Venomology","Doppelganger"],"picked":"Phantasmal Killer","floor":16},{"not_picked":["Underhanded Strike","Outmaneuver","Dagger Throw"],"picked":"SKIP","floor":18},{"not_picked":["Slice+1","Deflect"],"picked":"Concentrate+1","floor":20},{"not_picked":["Leg Sweep","Bane"],"picked":"Backflip","floor":21},{"not_picked":["Flying Knee","Setup"],"picked":"Dodge and Roll","floor":22},{"not_picked":["Deflect","Reflex"],"picked":"Crippling Poison+1","floor":24},{"not_picked":["Skewer+1","Crippling Poison"],"picked":"Dodge and Roll","floor":27},{"not_picked":["PiercingWail","Underhanded Strike+1"],"picked":"Caltrops","floor":29},{"not_picked":["Predator","Eviscerate"],"picked":"Prepared+1","floor":30},{"not_picked":["Corpse Explosion","Phantasmal Killer"],"picked":"A Thousand Cuts","floor":33},{"not_picked":["Sucker Punch","Tactician+1"],"picked":"Blade Dance+1","floor":35},{"not_picked":["Footwork","Bane"],"picked":"Blade Dance+1","floor":36},{"not_picked":["Flying Knee","Acrobatics"],"picked":"Dagger Spray+1","floor":37},{"not_picked":["Underhanded Strike+1","Slice","Setup"],"picked":"SKIP","floor":38},{"not_picked":["Flying Knee+1","Deflect"],"picked":"Outmaneuver","floor":41},{"not_picked":["Crippling Poison","Glass Knife","Dagger Throw"],"picked":"SKIP","floor":48}],"player_experience":703437,"relics_obtained":[{"floor":7,"key":"Gremlin Horn"},{"floor":9,"key":"Blood Vial"},{"floor":11,"key":"Bronze Scales"},{"floor":26,"key":"Bag of Marbles"},{"floor":43,"key":"Centennial Puzzle"}],"event_choices":[{"damage_healed":0,"gold_gain":0,"player_choice":"Leave","damage_taken":0,"max_hp_gain":0,"max_hp_loss":0,"event_name":"The Cleric","floor":2,"gold_loss":0},{"cards_removed":["Strike_G"],"damage_healed":0,"gold_gain":0,"player_choice":"Card Removal","damage_taken":7,"max_hp_gain":0,"max_hp_loss":0,"event_name":"Golden Wing","floor":4,"gold_loss":0},{"damage_healed":0,"gold_gain":0,"player_choice":"Left Gold","damage_taken":0,"max_hp_gain":0,"max_hp_loss":0,"event_name":"World of Goop","floor":13,"gold_loss":20},{"damage_healed":0,"gold_gain":0,"player_choice":"Entered Light","damage_taken":14,"max_hp_gain":0,"max_hp_loss":0,"event_name":"Shining Light","floor":14,"gold_loss":0,"cards_upgraded":["Defend_G","Neutralize"]},{"cards_removed":["Strike_G"],"damage_healed":0,"gold_gain":0,"player_choice":"Card Removal","damage_taken":0,"max_hp_gain":0,"max_hp_loss":0,"event_name":"Wheel of Change","floor":19,"gold_loss":0},{"damage_healed":0,"gold_gain":0,"player_choice":"Ignored","damage_taken":0,"max_hp_gain":0,"max_hp_loss":0,"event_name":"Mysterious Sphere","floor":39,"gold_loss":0},{"damage_healed":0,"gold_gain":0,"player_choice":"Ignored","damage_taken":0,"max_hp_gain":0,"max_hp_loss":0,"event_name":"SecretPortal","floor":47,"gold_loss":0}],"is_beta":false,"boss_relics":[{"not_picked":["Calling Bell","White Beast Statue"],"picked":"Cursed Key"},{"not_picked":["Coffee Dripper","Lizard Tail"],"picked":"Eternal Feather"}],"items_purged_floors":[28,31,44,45],"is_endless":false,"potions_floor_spawned":[3,8,16,18,22,29,30,35,38],"killed_by":"Donu and Deca","ascension_level":5}