{"gold_per_floor":[113,113,124,124,224,251,268,268,268,301,321,336,336,355,355,459,459,459,459,52,52,52,52,52,52,52,52,52,52,52,52,52,52],"floor_reached":33,"playtime":2066,"items_purged":["Strike_G"],"score":472,"play_id":"e8f71771-8653-4fa3-b16e-2e1eb130c874","local_time":"20190610150811","is_ascension_mode":true,"campfire_choices":[{"data":"Finisher","floor":8,"key":"SMITH"},{"data":"Dodge and Roll","floor":13,"key":"SMITH"},{"data":"Neutralize","floor":15,"key":"SMITH"},{"data":"A Thousand Cuts","floor":24,"key":"SMITH"},{"data":"Noxious Fumes","floor":28,"key":"SMITH"},{"data":"Prepared","floor":32,"key":"SMITH"}],"neow_cost":"NONE","seed_source_timestamp":248576447434689,"circlet_count":0,"master_deck":["Defend_G","Defend_G","Defend_G","Defend_G","Defend_G","Strike_G","Strike_G","Strike_G","Strike_G","Survivor+1","Neutralize+1","Backstab","Finisher+1","Backflip","Prepared+1","Dodge and Roll+1","A Thousand Cuts+1","Noxious Fumes+1","Flash of Steel","Well Laid Plans+1","Dodge and Roll+1","Accuracy+1","RitualDagger","Caltrops+1"],"relics":["Ring of the Snake","NeowsBlessing","Ninja Scroll","Ancient Tea Set","Letter Opener","Ectoplasm","Shuriken","Pear","Toxic Egg 2"],"potions_floor_usage":[12,14,14,16,23,33,33],"damage_taken":[{"damage":0,"enemies":"Jaw Worm","floor":1,"turns":1},{"damage":0,"enemies":"Cultist","floor":3,"turns":1},{"damage":0,"enemies":"Lagavulin","floor":6,"turns":1},{"damage":0,"enemies":"2 Louse","floor":7,"turns":2},{"damage":10,"enemies":"3 Sentries","floor":10,"turns":11},{"damage":0,"enemies":"Red Slaver","floor":11,"turns":1},{"damage":0,"enemies":"Lots of Slimes","floor":12,"turns":3},{"damage":0,"enemies":"Exordium Wildlife","floor":14,"turns":5},{"damage":29,"enemies":"The Guardian","floor":16,"turns":21},{"damage":3,"enemies":"Shell Parasite","floor":18,"turns":3},{"damage":0,"enemies":"Spheric Guardian","floor":19,"turns":3},{"damage":0,"enemies":"3 Cultists","floor":21,"turns":5},{"damage":0,"enemies":"Centurion and Healer","floor":22,"turns":2},{"damage":24,"enemies":"Gremlin Leader","floor":23,"turns":6},{"damage":4,"enemies":"Snecko","floor":25,"turns":3},{"damage":1,"enemies":"Chosen and Byrds","floor":27,"turns":3},{"damage":4,"enemies":"Centurion and Healer","floor":30,"turns":2},{"damage":0,"enemies":"Snake Plant","floor":31,"turns":1},{"damage":50,"enemies":"Collector","floor":33,"turns":6}],"seed_played":"-523966791803154671","potions_obtained":[{"floor":1,"key":"Poison Potion"},{"floor":3,"key":"SkillPotion"},{"floor":11,"key":"Energy Potion"},{"floor":14,"key":"Fruit Juice"},{"floor":16,"key":"GhostInAJar"},{"floor":19,"key":"Poison Potion"},{"floor":25,"key":"Strength Potion"}],"is_trial":false,"path_per_floor":["M","?","M","?","?","E","M","R","T","E","M","M","R","M","R","B",null,"M","M","$","M","M","E","R","M","T","M","R","?","M","M","R","B"],"character_chosen":"THE_SILENT","items_purchased":["Shuriken","Flash of Steel"],"campfire_rested":0,"item_purchase_floors":[20,20],"current_hp_per_floor":[63,63,63,68,68,68,68,68,68,58,58,58,58,63,63,34,69,66,66,66,66,66,52,52,48,48,47,47,41,37,37,37,0],"gold":52,"neow_bonus":"THREE_ENEMY_KILL","is_prod":false,"is_daily":false,"chose_seed":false,"campfire_upgraded":6,"win_rate":0,"timestamp":1560150491,"path_taken":["M","?","?","?","?","E","?","R","T","E","M","M","R","M","R","BOSS","M","?","$","M","M","E","R","M","T","M","R","?","M","M","R","BOSS"],"build_version":"2019-01-23","purchased_purges":1,"victory":false,"max_hp_per_floor":[70,70,70,75,75,75,75,75,75,75,75,75,75,80,80,80,80,80,80,80,80,80,90,90,90,90,90,90,90,90,90,90,90],"card_choices":[{"not_picked":["Dagger Throw","Flechettes"],"picked":"Backstab","floor":1},{"not_picked":["Catalyst","Distraction"],"picked":"Finisher","floor":3},{"not_picked":["Quick Slash","Poisoned Stab"],"picked":"Backflip","floor":6},{"not_picked":["Eviscerate","Riddle With Holes"],"picked":"Prepared","floor":7},{"not_picked":["Expertise","Deflect","Dagger Spray"],"picked":"SKIP","floor":10},{"not_picked":["Phantasmal Killer","Distraction"],"picked":"Dodge and Roll","floor":11},{"not_picked":["Quick Slash","Predator","Flying Knee"],"picked":"SKIP","floor":12},{"not_picked":["Expertise","Sucker Punch","Bane"],"picked":"SKIP","floor":14},{"not_picked":["Grand Finale","Burst"],"picked":"A Thousand Cuts","floor":16},{"not_picked":["Expertise","Poisoned Stab"],"picked":"Noxious Fumes","floor":18},{"not_picked":["Masterful Stab+1","Concentrate","Endless Agony"],"picked":"SKIP","floor":19},{"not_picked":["Caltrops","Prepared"],"picked":"Well Laid Plans+1","floor":21},{"not_picked":["Poisoned Stab","Backflip"],"picked":"Dodge and Roll+1","floor":22},{"not_picked":["PiercingWail","Acrobatics"],"picked":"Accuracy+1","floor":23},{"not_picked":["Bane+1","Dagger Throw","Underhanded Strike+1"],"picked":"SKIP","floor":25},{"not_picked":["Deadly Poison+1","Dagger Throw","All Out Attack"],"picked":"SKIP","floor":27},{"not_picked":["Eviscerate","Endless Agony"],"picked":"Caltrops+1","floor":30},{"not_picked":["Distraction+1","Expertise+1","Dagger Throw"],"picked":"SKIP","floor":31}],"player_experience":747707,"relics_obtained":[{"floor":6,"key":"Ninja Scroll"},{"floor":9,"key":"Ancient Tea Set"},{"floor":10,"key":"Letter Opener"},{"floor":23,"key":"Pear"},{"floor":26,"key":"Toxic Egg 2"}],"event_choices":[{"damage_healed":0,"gold_gain":0,"player_choice":"Upgraded","damage_taken":0,"max_hp_gain":0,"max_hp_loss":0,"event_name":"Upgrade Shrine","floor":2,"gold_loss":0,"cards_upgraded":["Survivor"]},{"damage_healed":0,"gold_gain":0,"player_choice":"Donut","damage_taken":0,"max_hp_gain":5,"max_hp_loss":0,"event_name":"Big Fish","floor":4,"gold_loss":0},{"damage_healed":0,"gold_gain":100,"player_choice":"Gold","damage_taken":0,"max_hp_gain":0,"max_hp_loss":0,"event_name":"Wheel of Change","floor":5,"gold_loss":0},{"damage_healed":0,"gold_gain":0,"player_choice":"Joined the Cult","damage_taken":6,"max_hp_gain":0,"max_hp_loss":0,"event_name":"Nest","floor":29,"gold_loss":0,"cards_obtained":["RitualDagger"]}],"is_beta":false,"boss_relics":[{"not_picked":["Pandora\u0027s Box","HoveringKite"],"picked":"Ectoplasm"}],"items_purged_floors":[20],"is_endless":false,"potions_floor_spawned":[1,3,11,14,16,19,25],"killed_by":"Collector","ascension_level":9}