{"gold_per_floor":[118,193,205,205,215,215,244,259,259,259],"floor_reached":10,"playtime":263,"items_purged":[],"score":109,"play_id":"90c7775d-0caf-4e2a-8f46-28d4b8b48baf","local_time":"20181215121139","is_ascension_mode":true,"campfire_choices":[{"data":"Immolate","floor":6.0,"key":"SMITH"}],"neow_cost":"NONE","seed_source_timestamp":0,"circlet_count":0,"master_deck":["AscendersBane","Strike_R","Strike_R","Strike_R","Strike_R","Defend_R","Defend_R","Defend_R","Defend_R","Bash","Clothesline","Pommel Strike","Immolate+1"],"special_seed":0,"relics":["Burning Blood","NeowsBlessing","Thread and Needle","Paper Frog","Singing Bowl"],"potions_floor_usage":[],"damage_taken":[{"damage":0.0,"enemies":"2 Louse","floor":1.0,"turns":1.0},{"damage":0.0,"enemies":"Jaw Worm","floor":3.0,"turns":1.0},{"damage":0.0,"enemies":"Cultist","floor":5.0,"turns":1.0},{"damage":44.0,"enemies":"Lagavulin","floor":7.0,"turns":7.0},{"damage":8.0,"enemies":"Exordium Wildlife","floor":8.0,"turns":2.0},{"damage":42,"enemies":"Lagavulin Event","floor":10,"turns":6}],"seed_played":"-7268287209957091832","potions_obtained":[{"floor":1.0,"key":"PowerPotion"},{"floor":3.0,"key":"AttackPotion"}],"is_trial":false,"path_per_floor":["M","?","M","?","M","R","E","M","T","?"],"character_chosen":"IRONCLAD","items_purchased":[],"campfire_rested":0,"item_purchase_floors":[],"current_hp_per_floor":[78,67,73,73,79,79,41,39,39,0],"gold":259,"neow_bonus":"THREE_ENEMY_KILL","is_prod":false,"is_daily":false,"chose_seed":false,"campfire_upgraded":1,"win_rate":0,"timestamp":1544847099,"path_taken":["M","?","M","?","?","R","E","M","T","?"],"build_version":"2018-12-13","purchased_purges":0,"victory":false,"max_hp_per_floor":[80,80,80,80,80,80,80,80,80,80],"card_choices":[{"not_picked":["Power Through","Flex"],"picked":"Clothesline","floor":1.0},{"not_picked":["Uppercut","Thunderclap"],"picked":"Pommel Strike","floor":3.0},{"not_picked":["Hemokinesis","Havoc"],"picked":"Immolate","floor":5.0},{"not_picked":["Sword Boomerang","Hemokinesis","Havoc"],"picked":"SKIP","floor":7.0},{"not_picked":["Wild Strike","True Grit","Anger"],"picked":"SKIP","floor":8.0}],"player_experience":567624,"relics_obtained":[{"floor":7.0,"key":"Thread and Needle"},{"floor":9.0,"key":"Paper Frog"}],"event_choices":[{"damage_healed":0.0,"max_hp_gain":0.0,"max_hp_loss":0.0,"gold_gain":75.0,"event_name":"World of Goop","player_choice":"Gather Gold","floor":2.0,"gold_loss":0.0,"damage_taken":11.0},{"cards_removed":["Strike_R"],"damage_healed":0.0,"max_hp_gain":0.0,"max_hp_loss":0.0,"gold_gain":0.0,"event_name":"Purifier","player_choice":"Purged","floor":4.0,"gold_loss":0.0,"damage_taken":0.0},{"damage_healed":0,"gold_gain":0,"player_choice":"Searched \u00272\u0027 times","damage_taken":0,"relics_obtained":["Singing Bowl"],"max_hp_gain":0,"max_hp_loss":0,"event_name":"Dead Adventurer","floor":10,"gold_loss":0}],"is_beta":false,"boss_relics":[],"items_purged_floors":[],"is_endless":false,"potions_floor_spawned":[1,3],"killed_by":"Lagavulin Event","ascension_level":12}