{"path_per_floor":["M","M","?","?","M","R","M","R","T","R","$","M","M","M","R","B",null,"M","M","M","$","?","R","M","R","T","M","R","M","M","?","R"],"character_chosen":"DEFECT","items_purchased":["Frozen Egg 2","War Paint"],"gold_per_floor":[118,136,136,236,252,252,270,270,315,315,67,80,93,108,108,211,211,223,234,246,95,95,95,109,109,134,150,150,164,174,174,174,174],"floor_reached":33,"campfire_rested":4,"playtime":2706,"current_hp_per_floor":[68,65,65,65,49,49,48,48,48,48,48,45,43,39,61,49,69,69,51,15,15,15,37,37,59,59,10,32,32,34,34,34,0],"items_purged":[],"gold":174,"score":341,"play_id":"e43a6e09-c8bd-4b86-9998-ab02ca27fbe4","local_time":"20180428214832","is_prod":false,"is_daily":false,"chose_seed":false,"is_ascension_mode":true,"campfire_upgraded":4,"timestamp":1524970112,"path_taken":["M","M","?","?","M","R","M","R","T","R","$","M","M","M","R","BOSS","M","M","?","$","?","R","?","R","T","M","R","?","M","?","R","BOSS"],"build_version":"2018-04-27v3","seed_source_timestamp":120538183741266,"purchased_purges":0,"victory":false,"master_deck":["Strike_B","Strike_B","Strike_B","Strike_B","Defend_B+1","Defend_B","Defend_B","Defend_B","Zap+1","Dualcast","Sweeping Beam+1","Static Discharge+1","Ball Lightning","Leap+1","Cold Snap","Machine Learning+1","Recycle","Hello World+1","Double Energy+1","Leap","Force Field+1","Echo Form+1","Self Repair+1","Ghostly+1","Ghostly","Ghostly","Ghostly","Ghostly"],"max_hp_per_floor":[75,75,75,75,75,75,75,75,75,75,75,75,75,75,75,75,75,75,75,75,75,75,75,75,75,75,75,75,75,75,37,37,37],"relics":["Cracked Core","Dream Catcher","Blood Vial","Frozen Egg 2","Snecko Eye","War Paint","Vajra","Bag of Marbles"],"card_choices":[{"not_picked":["Capacitor","Impulse"],"picked":"Sweeping Beam","floor":1},{"not_picked":["Go for the Eyes","Sunder"],"picked":"Static Discharge","floor":7},{"not_picked":["Coolheaded","Hello World"],"picked":"Ball Lightning","floor":12},{"not_picked":["Auto Shields","Thunder Strike"],"picked":"Leap","floor":13},{"not_picked":["Beam Cell","Sweeping Beam"],"picked":"Cold Snap","floor":15},{"not_picked":["Seek","Redo"],"picked":"Machine Learning","floor":16},{"not_picked":["Go for the Eyes","Ball Lightning"],"picked":"Recycle","floor":19},{"not_picked":["Self Repair","Rebound"],"picked":"Hello World","floor":23},{"not_picked":["Cold Snap","Beam Cell"],"picked":"Double Energy","floor":24},{"not_picked":["Double Energy","FTL"],"picked":"Leap","floor":25},{"not_picked":["Coolheaded","Self Repair"],"picked":"Force Field","floor":28},{"not_picked":["Hologram","Impulse"],"picked":"Echo Form","floor":29},{"not_picked":["Flux Capacitor","Skim"],"picked":"Self Repair","floor":30}],"player_experience":92331,"potions_floor_usage":[13,16,20,29],"damage_taken":[{"damage":0,"enemies":"2 Louse","floor":1,"turns":2},{"damage":3,"enemies":"Jaw Worm","floor":2,"turns":4},{"damage":16,"enemies":"Small Slimes","floor":5,"turns":3},{"damage":1,"enemies":"2 Fungi Beasts","floor":7,"turns":3},{"damage":5,"enemies":"Gremlin Gang","floor":12,"turns":3},{"damage":4,"enemies":"Lots of Slimes","floor":13,"turns":2},{"damage":6,"enemies":"Looter","floor":14,"turns":3},{"damage":14,"enemies":"The Guardian","floor":16,"turns":11},{"damage":2,"enemies":"Chosen","floor":18,"turns":6},{"damage":20,"enemies":"3 Byrds","floor":19,"turns":3},{"damage":38,"enemies":"Slaver and Parasite","floor":20,"turns":6},{"damage":2,"enemies":"Snecko","floor":24,"turns":6},{"damage":51,"enemies":"Snake Plant","floor":27,"turns":6},{"damage":2,"enemies":"Centurion and Healer","floor":29,"turns":7},{"damage":0,"enemies":"Snecko","floor":30,"turns":5},{"damage":36,"enemies":"Collector","floor":33,"turns":3}],"event_choices":[{"event_name":"Shining Light","player_choice":"Ignored","floor":3,"damage_taken":0},{"event_name":"Golden Shrine","player_choice":"Pray","floor":4,"damage_taken":0},{"event_name":"The Mausoleum","player_choice":"Yes","floor":22,"damage_taken":0},{"event_name":"Ghosts","player_choice":"Became a Ghost","floor":31,"damage_taken":0}],"boss_relics":[{"not_picked":["Orrery","Inserter"],"picked":"Snecko Eye"}],"potions_floor_spawned":[7,12,14,16,18,19,27],"seed_played":"-216825927654492941","killed_by":"Collector","ascension_level":6,"is_trial":false}