{"path_per_floor":["M","M","M","M","?","R","M","R","T","R","M","M","M","M","R","B",null,"M","?","$","M","?","R","?","R","T","M","R","E","T","?","R"],"character_chosen":"DEFECT","items_purchased":["Biased Cognition"],"gold_per_floor":[117,132,142,159,159,159,172,172,246,246,266,279,292,309,309,404,404,415,340,119,134,134,134,134,134,158,174,174,208,208,123,123,123],"floor_reached":33,"campfire_rested":3,"playtime":1937,"current_hp_per_floor":[75,64,59,50,50,50,27,49,49,49,52,57,64,56,56,48,75,59,59,59,43,43,43,43,65,65,65,65,47,47,47,69,0],"items_purged":["Strike_B"],"gold":123,"score":298,"play_id":"2b4eedf4-6247-4022-917b-7cceb02b853d","local_time":"20180427222057","is_prod":false,"is_daily":false,"chose_seed":false,"is_ascension_mode":true,"campfire_upgraded":5,"timestamp":1524885657,"path_taken":["M","M","?","M","?","R","M","R","T","R","M","M","M","M","R","BOSS","M","?","$","M","?","R","?","R","T","M","R","E","?","?","R","BOSS"],"build_version":"2018-04-26v2","seed_source_timestamp":36892789269749,"purchased_purges":1,"victory":false,"master_deck":["Strike_B","Strike_B","Defend_B","Defend_B+1","Defend_B","Defend_B","Zap+1","Dualcast","Capacitor","Self Repair","Impulse+1","Rip and Tear","Bandage Up","Redo+1","Coolheaded+1","Chill+1","Tempest+1","Machine Learning","Biased Cognition","Tempest"],"max_hp_per_floor":[75,75,75,75,75,75,75,75,75,75,75,75,75,75,75,75,75,75,75,75,75,75,75,75,75,75,75,75,75,75,75,75,75],"relics":["Nuclear Battery","Mercury Hourglass","White Beast Statue","Juzu Bracelet","Sundial","Girya","War Paint"],"card_choices":[{"not_picked":["Rebound","Beam Cell"],"picked":"Capacitor","floor":1},{"not_picked":["Stack","Axe Kick"],"picked":"Self Repair","floor":2},{"not_picked":["Skim","Barrage"],"picked":"Impulse","floor":3},{"not_picked":["Beam Cell","Undo"],"picked":"Rip and Tear","floor":4},{"not_picked":["Reprogram","Melter"],"picked":"Redo","floor":7},{"not_picked":["Aggregate","Turbo"],"picked":"Coolheaded","floor":11},{"not_picked":["Melter","Coolheaded"],"picked":"Chill","floor":12},{"not_picked":["Reinforced Body","Capacitor"],"picked":"Tempest","floor":13},{"not_picked":["Fusion","Reboot"],"picked":"Machine Learning","floor":16}],"player_experience":61170,"potions_floor_usage":[7,12,14,16,16,27,29,29,33,33],"damage_taken":[{"damage":0,"enemies":"Cultist","floor":1,"turns":4},{"damage":11,"enemies":"Small Slimes","floor":2,"turns":4},{"damage":12,"enemies":"Jaw Worm","floor":3,"turns":4},{"damage":16,"enemies":"2 Fungi Beasts","floor":4,"turns":4},{"damage":34,"enemies":"Exordium Thugs","floor":7,"turns":6},{"damage":8,"enemies":"Blue Slaver","floor":11,"turns":3},{"damage":2,"enemies":"Red Slaver","floor":12,"turns":3},{"damage":4,"enemies":"Looter","floor":13,"turns":4},{"damage":19,"enemies":"Large Slime","floor":14,"turns":3},{"damage":19,"enemies":"Hexaghost","floor":16,"turns":9},{"damage":27,"enemies":"2 Thieves","floor":18,"turns":3},{"damage":27,"enemies":"Chosen","floor":21,"turns":6},{"damage":4,"enemies":"Snake Plant","floor":27,"turns":2},{"damage":22,"enemies":"Book of Stabbing","floor":29,"turns":4},{"damage":81,"enemies":"Collector","floor":33,"turns":11}],"event_choices":[{"event_name":"Match and Keep!","player_choice":"1 cards matched","floor":5,"damage_taken":0},{"event_name":"Beggar","player_choice":"Gave Gold","floor":19,"damage_taken":0},{"event_name":"Duplicator","player_choice":"One dupe","floor":22,"damage_taken":0},{"event_name":"Ghosts","player_choice":"Ignored","floor":24,"damage_taken":0},{"event_name":"Addict","player_choice":"Obtained Relic","floor":31,"damage_taken":0}],"boss_relics":[{"not_picked":["Philosopher\u0027s Stone","Black Star"],"picked":"White Beast Statue"}],"potions_floor_spawned":[1,3,7,12,13,16,18,21,27,29],"seed_played":"6065073802944595834","killed_by":"Collector","ascension_level":3,"is_trial":false}