{"gold_per_floor":[113,113,125,145,164,164,179,179,230,230,305,324,71,21,21,118,118,133,146,146,156,169,169,180,180,180,180],"floor_reached":27,"playtime":2348,"items_purged":[],"score":207,"play_id":"dd63a31b-fbe5-4f77-ae23-64c876e20d2a","local_time":"20190122071645","is_ascension_mode":false,"campfire_choices":[{"data":"Clash","floor":6,"key":"SMITH"},{"data":"Reaper","floor":8,"key":"SMITH"},{"data":"Shrug It Off","floor":10,"key":"SMITH"},{"floor":15,"key":"REST"},{"data":"Rampage","floor":23,"key":"SMITH"},{"floor":25,"key":"REST"}],"neow_cost":"NONE","seed_source_timestamp":41002995530700,"circlet_count":0,"master_deck":["Strike_R","Strike_R","Strike_R","Defend_R+1","Defend_R","Bash","Rupture","Iron Wave","Clash+1","Shrug It Off+1","Reaper+1","Rampage+1","Berserk","Clash+1","Rampage+1","Twin Strike","Twin Strike","Armaments+1","Brutality"],"relics":["Burning Blood","War Paint","Omamori","Dodecahedron","Empty Cage","Juzu Bracelet"],"potions_floor_usage":[3,16,22,22,24],"damage_taken":[{"damage":17,"enemies":"Small Slimes","floor":1,"turns":4},{"damage":2,"enemies":"Cultist","floor":3,"turns":4},{"damage":6,"enemies":"2 Louse","floor":4,"turns":3},{"damage":7,"enemies":"Blue Slaver","floor":5,"turns":4},{"damage":0,"enemies":"Looter","floor":7,"turns":2},{"damage":14,"enemies":"2 Fungi Beasts","floor":12,"turns":4},{"damage":60,"enemies":"Hexaghost","floor":16,"turns":12},{"damage":47,"enemies":"Shell Parasite","floor":18,"turns":6},{"damage":9,"enemies":"3 Byrds","floor":19,"turns":5},{"damage":26,"enemies":"Snake Plant","floor":21,"turns":4},{"damage":16,"enemies":"Snecko","floor":22,"turns":5},{"damage":34,"enemies":"3 Cultists","floor":24,"turns":5},{"damage":44,"enemies":"Gremlin Leader","floor":27,"turns":4}],"seed_played":"-1213535932671953402","potions_obtained":[{"floor":1,"key":"AttackPotion"},{"floor":5,"key":"PowerPotion"},{"floor":7,"key":"FearPotion"},{"floor":12,"key":"SpeedPotion"},{"floor":19,"key":"SpeedPotion"},{"floor":21,"key":"BloodPotion"},{"floor":22,"key":"BloodPotion"}],"is_trial":false,"path_per_floor":["M","?","M","M","M","R","M","R","T","R","?","M","$","?","R","B",null,"M","M","?","M","M","R","M","R","T","E"],"character_chosen":"IRONCLAD","items_purchased":["Dodecahedron"],"campfire_rested":2,"item_purchase_floors":[13],"current_hp_per_floor":[69,69,73,73,72,72,78,78,78,78,67,69,69,69,80,31,80,39,45,45,25,30,30,20,44,44,0],"gold":180,"neow_bonus":"RANDOM_COMMON_RELIC","is_prod":false,"is_daily":false,"chose_seed":false,"campfire_upgraded":4,"win_rate":0.0,"timestamp":1548137805,"path_taken":["M","?","M","?","M","R","M","R","T","R","?","M","$","?","R","BOSS","M","M","?","M","M","R","M","R","T","E"],"build_version":"2019-01-17v2","purchased_purges":0,"victory":false,"max_hp_per_floor":[80,80,80,80,80,80,80,80,80,80,80,80,80,80,80,80,80,80,80,80,80,80,80,80,80,80,80],"card_choices":[{"not_picked":["Blood for Blood","Twin Strike"],"picked":"Rupture","floor":1},{"not_picked":["Uppercut","Flame Barrier"],"picked":"Iron Wave","floor":3},{"not_picked":["Twin Strike","Shrug It Off"],"picked":"Clash","floor":4},{"not_picked":["Rupture","Disarm"],"picked":"Shrug It Off","floor":5},{"not_picked":["Anger","Body Slam"],"picked":"Reaper","floor":7},{"not_picked":["Seeing Red","Spot Weakness"],"picked":"Rampage","floor":12},{"not_picked":["Brutality","Double Tap"],"picked":"Berserk","floor":16},{"not_picked":["Combust","Perfected Strike"],"picked":"Clash+1","floor":18},{"not_picked":["Rupture","Headbutt"],"picked":"Rampage+1","floor":19},{"not_picked":["Sword Boomerang","Body Slam+1"],"picked":"Twin Strike","floor":21},{"not_picked":["Perfected Strike+1","Pommel Strike"],"picked":"Armaments+1","floor":22},{"not_picked":["Clothesline","Thunderclap"],"picked":"Brutality","floor":24}],"player_experience":53116,"relics_obtained":[{"floor":9,"key":"Omamori"},{"floor":26,"key":"Juzu Bracelet"}],"event_choices":[{"cards_removed":["Defend_R"],"damage_healed":0,"gold_gain":0,"player_choice":"Offered Basic","damage_taken":0,"max_hp_gain":0,"max_hp_loss":0,"event_name":"Bonfire Elementals","floor":2,"gold_loss":0},{"damage_healed":0,"gold_gain":75,"player_choice":"Gather Gold","damage_taken":11,"max_hp_gain":0,"max_hp_loss":0,"event_name":"World of Goop","floor":11,"gold_loss":0},{"cards_removed":["Strike_R"],"damage_healed":0,"gold_gain":0,"player_choice":"Card Removal","damage_taken":0,"max_hp_gain":0,"max_hp_loss":0,"event_name":"The Cleric","floor":14,"gold_loss":50},{"damage_healed":0,"gold_gain":0,"player_choice":"Read","damage_taken":0,"max_hp_gain":0,"max_hp_loss":0,"event_name":"The Library","floor":20,"gold_loss":0,"cards_obtained":["Twin Strike"]}],"is_beta":false,"boss_relics":[{"not_picked":["Fusion Hammer","Black Star"],"picked":"Empty Cage"}],"items_purged_floors":[],"is_endless":false,"potions_floor_spawned":[1,5,7,12,19,21,22],"killed_by":"Gremlin Leader","ascension_level":0}