{"gold_per_floor":[109,120,195,195,210,238,256,256,256,1627,1627,1655,1682,1700,1700,1798,1798,1811,1825,1852,1777,1792,1823,1823,1849,1849,1849,1879,1892,991,1021,1021,1122,1122,1142,1142,1142,372,594,629,629,660,660,686,705,705,740,751,751,751,751,751,0,34,34],"floor_reached":56,"playtime":5094,"items_purged":["Strike_B","Defend_B","Defend_B+1","Capacitor"],"score":2499,"play_id":"6d95f85a-76f9-4d1c-86e7-03abbd3f336b","local_time":"20190612024708","is_ascension_mode":true,"campfire_choices":[{"data":"Genetic Algorithm","floor":8,"key":"SMITH"},{"data":"Secret Technique","floor":11,"key":"SMITH"},{"data":"Darkness","floor":15,"key":"SMITH"},{"data":"Fission","floor":24,"key":"SMITH"},{"data":"Hologram","floor":27,"key":"SMITH"},{"data":"Consume","floor":32,"key":"SMITH"},{"floor":41,"key":"RECALL"},{"data":"Seek","floor":49,"key":"SMITH"},{"data":"Lockon","floor":52,"key":"SMITH"}],"neow_cost":"NONE","seed_source_timestamp":113834451248400,"circlet_count":0,"master_deck":["Strike_B+1","Zap","Dualcast","Hologram+1","Conserve Battery","Genetic Algorithm+1","Conserve Battery","Secret Technique+1","Loop+1","Rebound+1","Darkness+1","Fission+1","Lockon+1","Doom and Gloom","Hologram+1","White Noise+1","Loop+1","Doom and Gloom","Consume+1","Seek+1","Adrenaline","Distraction+1","Finesse","Purity","Lockon+1","True Grit+1"],"relics":["Cracked Core","Anchor","Happy Flower","War Paint","DollysMirror","Frozen Egg 2","Vajra","Odd Mushroom","Gremlin Horn","Empty Cage","Red Mask","Whetstone","Symbiotic Virus","Cables","Centennial Puzzle","DataDisk","Bottled Tornado","Runic Capacitor","Art of War","Nuclear Battery","PrismaticShard","Orichalcum","Thread and Needle","Meat on the Bone","Potion Belt","Bottled Lightning","Ancient Tea Set","ClockworkSouvenir","Bronze Scales","Pear","Dodecahedron"],"potions_floor_usage":[12,22,22,47],"damage_taken":[{"damage":1,"enemies":"Cultist","floor":1,"turns":3},{"damage":0,"enemies":"Jaw Worm","floor":2,"turns":3},{"damage":0,"enemies":"2 Louse","floor":5,"turns":3},{"damage":33,"enemies":"Lagavulin","floor":6,"turns":8},{"damage":2,"enemies":"Exordium Wildlife","floor":7,"turns":3},{"damage":0,"enemies":"The Mushroom Lair","floor":12,"turns":4},{"damage":0,"enemies":"Gremlin Nob","floor":13,"turns":5},{"damage":0,"enemies":"2 Fungi Beasts","floor":14,"turns":4},{"damage":0,"enemies":"Hexaghost","floor":16,"turns":7},{"damage":0,"enemies":"3 Byrds","floor":18,"turns":4},{"damage":0,"enemies":"Shell Parasite","floor":19,"turns":4},{"damage":0,"enemies":"Masked Bandits","floor":20,"turns":5},{"damage":0,"enemies":"Snecko","floor":22,"turns":5},{"damage":0,"enemies":"Slavers","floor":23,"turns":5},{"damage":0,"enemies":"Gremlin Leader","floor":25,"turns":5},{"damage":0,"enemies":"Book of Stabbing","floor":28,"turns":4},{"damage":0,"enemies":"3 Cultists","floor":29,"turns":4},{"damage":0,"enemies":"Gremlin Leader","floor":31,"turns":4},{"damage":0,"enemies":"Automaton","floor":33,"turns":6},{"damage":0,"enemies":"3 Shapes","floor":35,"turns":2},{"damage":0,"enemies":"Reptomancer","floor":40,"turns":2},{"damage":0,"enemies":"Nemesis","floor":42,"turns":3},{"damage":0,"enemies":"Giant Head","floor":44,"turns":5},{"damage":0,"enemies":"Orb Walker","floor":45,"turns":1},{"damage":0,"enemies":"Reptomancer","floor":47,"turns":3},{"damage":0,"enemies":"3 Darklings","floor":48,"turns":4},{"damage":0,"enemies":"Donu and Deca","floor":50,"turns":6},{"damage":0,"enemies":"Shield and Spear","floor":54,"turns":4},{"damage":0,"enemies":"The Heart","floor":55,"turns":8}],"seed_played":"-5524500139632007732","potions_obtained":[{"floor":1,"key":"GamblersBrew"},{"floor":6,"key":"Ancient Potion"},{"floor":12,"key":"Fire Potion"},{"floor":20,"key":"Poison Potion"},{"floor":23,"key":"LiquidBronze"},{"floor":29,"key":"SteroidPotion"},{"floor":44,"key":"AttackPotion"},{"floor":48,"key":"Fruit Juice"},{"floor":54,"key":"Ancient Potion"}],"is_trial":false,"path_per_floor":["M","M","?","?","M","E","M","R","T","$","R","?","E","M","R","B",null,"M","M","?","?","M","E","R","E","T","R","E","M","$","E","R","B",null,"M","?","?","$","?","E","R","E","T","E","M","?","E","M","R","B",null,"R","$","E","B",null],"character_chosen":"DEFECT","items_purchased":["DollysMirror","Frozen Egg 2","Vajra","Secret Technique","FocusPotion","DataDisk","Bottled Tornado","Runic Capacitor","Loop+1","Doom and Gloom","Consume","PrismaticShard","Orichalcum","Thread and Needle","ClockworkSouvenir","Bronze Scales","Pear"],"campfire_rested":0,"item_purchase_floors":[10,10,10,10,10,30,30,30,30,30,30,38,38,38,53,53,53],"current_hp_per_floor":[67,67,56,56,56,23,21,21,21,21,21,21,21,21,21,21,62,62,62,62,62,62,62,62,62,62,62,62,62,62,62,62,62,72,72,71,71,71,71,71,71,71,71,71,71,61,61,61,61,61,69,69,79,79,79],"gold":34,"neow_bonus":"RANDOM_COMMON_RELIC","is_prod":false,"is_daily":false,"chose_seed":false,"campfire_upgraded":8,"win_rate":0,"timestamp":1560300428,"path_taken":["M","?","?","?","M","E","M","R","T","?","R","?","E","M","R","BOSS","M","M","?","?","M","E","R","E","T","R","E","M","$","E","R","BOSS","M","?","?","$","?","E","R","E","T","E","M","?","E","M","R","BOSS","R","$","E","BOSS"],"build_version":"2019-01-23","purchased_purges":4,"victory":true,"max_hp_per_floor":[75,75,75,75,75,75,75,75,75,75,75,75,75,75,75,75,75,75,75,75,75,75,75,75,75,75,75,75,75,75,75,75,75,75,75,71,71,71,71,71,71,71,71,71,71,71,71,71,71,71,71,71,81,81,81],"card_choices":[{"not_picked":["Fusion","Compile Driver"],"picked":"Hologram","floor":1},{"not_picked":["Blizzard","Steam","Go for the Eyes"],"picked":"SKIP","floor":2},{"not_picked":["Stack","Fusion"],"picked":"Conserve Battery","floor":5},{"not_picked":["Skim","Consume"],"picked":"Genetic Algorithm","floor":6},{"not_picked":["Cold Snap","Chaos"],"picked":"Capacitor","floor":7},{"not_picked":["Undo","Barrage"],"picked":"Loop+1","floor":12},{"not_picked":["Core Surge","Leap"],"picked":"Rebound","floor":13},{"not_picked":["Ball Lightning","Cold Snap"],"picked":"Darkness","floor":14},{"not_picked":["Electrodynamics+1","Multi-Cast"],"picked":"Fission","floor":16},{"not_picked":["Sweeping Beam","White Noise"],"picked":"Lockon","floor":18},{"not_picked":["Conserve Battery+1","Steam","Rip and Tear"],"picked":"SKIP","floor":19},{"not_picked":["Aggregate","Go for the Eyes"],"picked":"Doom and Gloom","floor":20},{"not_picked":["Blizzard","Conserve Battery"],"picked":"Hologram","floor":22},{"not_picked":["Auto Shields+1","Force Field","Go for the Eyes+1"],"picked":"SKIP","floor":23},{"not_picked":["Chill","Gash"],"picked":"White Noise+1","floor":25},{"not_picked":["Ball Lightning+1","Undo","Beam Cell+1"],"picked":"SKIP","floor":28},{"not_picked":["Static Discharge+1","Reinforced Body","Sweeping Beam"],"picked":"SKIP","floor":29},{"not_picked":["Electrodynamics+1","Force Field"],"picked":"Barrage","floor":31},{"not_picked":["Thunder Strike","Core Surge"],"picked":"Seek","floor":33},{"not_picked":["Melter+1","Conserve Battery+1","Barrage"],"picked":"SKIP","floor":35},{"not_picked":["BootSequence+1","Bouncing Flask"],"picked":"Adrenaline","floor":40},{"not_picked":["Slice+1","Steam","Blade Dance"],"picked":"SKIP","floor":42},{"not_picked":["Sword Boomerang+1","Armaments","Go for the Eyes"],"picked":"SKIP","floor":44},{"not_picked":["Beam Cell+1","Riddle With Holes"],"picked":"Distraction+1","floor":45},{"not_picked":["PanicButton","Panacea"],"picked":"Finesse","floor":46},{"not_picked":["Enlightenment","Mind Blast"],"picked":"Purity","floor":46},{"not_picked":["Die Die Die","Thunderclap+1"],"picked":"Lockon+1","floor":47},{"not_picked":["Infernal Blade","Redo","Searing Blow+1"],"picked":"SKIP","floor":48},{"not_picked":["Go for the Eyes+1","After Image+1"],"picked":"True Grit+1","floor":54}],"player_experience":174202,"relics_obtained":[{"floor":6,"key":"Happy Flower"},{"floor":9,"key":"War Paint"},{"floor":12,"key":"Odd Mushroom"},{"floor":13,"key":"Gremlin Horn"},{"floor":20,"key":"Red Mask"},{"floor":23,"key":"Whetstone"},{"floor":25,"key":"Symbiotic Virus"},{"floor":26,"key":"Cables"},{"floor":28,"key":"Centennial Puzzle"},{"floor":31,"key":"Art of War"},{"floor":40,"key":"Meat on the Bone"},{"floor":42,"key":"Potion Belt"},{"floor":44,"key":"Bottled Lightning"},{"floor":47,"key":"Ancient Tea Set"},{"floor":54,"key":"Dodecahedron"}],"event_choices":[{"damage_healed":0,"gold_gain":75,"player_choice":"Gather Gold","damage_taken":11,"max_hp_gain":0,"max_hp_loss":0,"event_name":"World of Goop","floor":3,"gold_loss":0},{"cards_removed":["Strike_B"],"damage_healed":0,"gold_gain":0,"player_choice":"Forget","damage_taken":0,"max_hp_gain":0,"max_hp_loss":0,"event_name":"Living Wall","floor":4,"gold_loss":0},{"damage_healed":0,"gold_gain":0,"player_choice":"Fought Mushrooms","damage_taken":0,"max_hp_gain":0,"max_hp_loss":0,"event_name":"Mushrooms","floor":12,"gold_loss":0},{"damage_healed":0,"gold_gain":0,"player_choice":"Fought Bandits","damage_taken":0,"max_hp_gain":0,"max_hp_loss":0,"event_name":"Masked Bandits","floor":20,"gold_loss":0},{"cards_removed":["Defend_B"],"damage_healed":0,"gold_gain":0,"player_choice":"Gave Gold","damage_taken":0,"max_hp_gain":0,"max_hp_loss":0,"event_name":"Beggar","floor":21,"gold_loss":75},{"damage_healed":0,"gold_gain":0,"player_choice":"Max HP","damage_taken":0,"max_hp_gain":0,"max_hp_loss":4,"event_name":"Winding Halls","floor":36,"gold_loss":0},{"cards_removed":["Barrage"],"damage_healed":0,"gold_gain":0,"player_choice":"Removed Attack","damage_taken":0,"max_hp_gain":0,"max_hp_loss":0,"event_name":"Falling","floor":37,"gold_loss":0},{"damage_healed":0,"gold_gain":222,"player_choice":"Wore Mask","damage_taken":0,"max_hp_gain":0,"max_hp_loss":0,"event_name":"Tomb of Lord Red Mask","floor":39,"gold_loss":0},{"damage_healed":0,"gold_gain":0,"player_choice":"Memory 3","damage_taken":10,"max_hp_gain":0,"max_hp_loss":0,"event_name":"SensoryStone","floor":46,"gold_loss":0}],"is_beta":false,"boss_relics":[{"not_picked":["Tiny House","White Beast Statue"],"picked":"Empty Cage"},{"not_picked":["Velvet Choker","Black Star"],"picked":"Nuclear Battery"}],"items_purged_floors":[10,30,38,53],"is_endless":false,"potions_floor_spawned":[1,6,12,13,18,20,23,29,31,40,44,48,54],"ascension_level":9}