{"gold_per_floor":[112,125,125,125,125,125,142,174,198,198,9,25,64,1,13,121,133,169,231,259,271,297,352,364,391,403,415,26,26,40,40,40,111,111,124,124,137,137,137,137,162,24,24,51,51,51,51,8,8,8],"floor_reached":50,"playtime":4760,"items_purged":["Pain"],"score":1119,"play_id":"48f90833-03f1-4a97-9305-306a6cafb738","local_time":"20190612213016","is_ascension_mode":true,"campfire_choices":[{"data":"Zap","floor":6,"key":"SMITH"},{"floor":15,"key":"REST"},{"floor":24,"key":"REST"},{"floor":27,"key":"REST"},{"data":"Defragment","floor":32,"key":"SMITH"},{"floor":40,"key":"REST"},{"floor":45,"key":"REST"},{"data":"Loop","floor":47,"key":"SMITH"},{"data":"Defragment","floor":49,"key":"SMITH"}],"neow_cost":"NONE","seed_source_timestamp":2172937981163458,"circlet_count":0,"master_deck":["AscendersBane","Defend_B","Defend_B","Defend_B","Zap+1","Dualcast","Leap","Ball Lightning","Loop+1","Defragment+1","Cold Snap","White Noise","Coolheaded","FTL","Reboot","Chill+1","Hello World+1","Cold Snap+1","Coolheaded","Darkness","Core Surge","Ball Lightning+1","Defragment+1","Coolheaded","Core Surge","Defragment"],"relics":["Cracked Core","WarpedTongs","Blood Vial","Dream Catcher","Bloody Idol","MawBank","Astrolabe","The Courier","Torii","Juzu Bracelet","Potion Belt","Runic Dome","Emotion Chip","Lantern","Smiling Mask"],"potions_floor_usage":[8,8,13,16,22,22,33,33,41,44,44,50,50],"damage_taken":[{"damage":6,"enemies":"Small Slimes","floor":1,"turns":4},{"damage":1,"enemies":"2 Louse","floor":2,"turns":2},{"damage":2,"enemies":"Cultist","floor":7,"turns":3},{"damage":31,"enemies":"Gremlin Nob","floor":8,"turns":4},{"damage":12,"enemies":"3 Louse","floor":12,"turns":3},{"damage":11,"enemies":"3 Sentries","floor":13,"turns":6},{"damage":4,"enemies":"Slime Boss","floor":16,"turns":9},{"damage":12,"enemies":"Chosen","floor":18,"turns":6},{"damage":13,"enemies":"Shell Parasite","floor":20,"turns":5},{"damage":17,"enemies":"3 Cultists","floor":22,"turns":5},{"damage":18,"enemies":"Gremlin Leader","floor":23,"turns":7},{"damage":16,"enemies":"Sentry and Sphere","floor":25,"turns":5},{"damage":3,"enemies":"Centurion and Healer","floor":30,"turns":6},{"damage":47,"enemies":"Automaton","floor":33,"turns":11},{"damage":7,"enemies":"Orb Walker","floor":35,"turns":3},{"damage":31,"enemies":"3 Darklings","floor":37,"turns":7},{"damage":60,"enemies":"Giant Head","floor":41,"turns":11},{"damage":0,"enemies":"Nemesis","floor":44,"turns":9},{"damage":65,"enemies":"Awakened One","floor":50,"turns":9}],"seed_played":"-2118520373232817713","potions_obtained":[{"floor":2,"key":"PowerPotion"},{"floor":7,"key":"AttackPotion"},{"floor":12,"key":"AttackPotion"},{"floor":18,"key":"Poison Potion"},{"floor":22,"key":"Fruit Juice"},{"floor":25,"key":"FearPotion"},{"floor":30,"key":"Explosive Potion"},{"floor":44,"key":"FearPotion"}],"is_trial":false,"path_per_floor":["M","M","?","?","?","R","M","E","T","?","$","M","E","?","R","B",null,"M","?","M","$","M","E","R","M","T","R","$","?","M","?","R","B",null,"M","?","M","?","?","R","E","$","T","E","R","?","R","$","R","B"],"character_chosen":"DEFECT","items_purchased":["Cold Snap","Dexterity Potion","Juzu Bracelet","Potion Belt","PowerPotion","Dexterity Potion","Defragment","Swift Potion","FocusPotion","Strength Potion","Block Potion"],"campfire_rested":5,"item_purchase_floors":[11,11,28,28,28,28,28,42,42,42,48],"current_hp_per_floor":[65,64,69,69,69,69,67,36,36,36,36,26,17,17,39,37,66,56,56,45,45,35,19,43,29,29,53,53,53,57,57,57,17,64,64,64,40,40,40,62,9,9,9,16,38,62,62,62,62,0],"gold":8,"neow_bonus":"TEN_PERCENT_HP_BONUS","is_prod":false,"is_daily":false,"chose_seed":false,"campfire_upgraded":4,"win_rate":0,"timestamp":1560389416,"path_taken":["M","M","?","?","?","R","?","E","T","?","$","M","E","?","R","BOSS","M","?","M","$","?","E","R","M","T","R","$","?","M","?","R","BOSS","M","?","M","?","?","R","E","?","T","E","R","?","R","$","R","BOSS"],"build_version":"2019-01-23","purchased_purges":1,"victory":false,"max_hp_per_floor":[78,78,83,83,83,83,83,83,83,75,75,75,75,75,75,75,75,75,75,75,75,80,80,80,80,80,80,80,80,80,80,80,80,80,80,76,76,76,76,76,76,76,76,76,76,62,62,62,62,62],"card_choices":[{"not_picked":["Rebound","Fusion"],"picked":"Leap","floor":1},{"not_picked":["Barrage","Redo"],"picked":"Ball Lightning","floor":2},{"not_picked":["Steam Power","Gash"],"picked":"Loop","floor":7},{"not_picked":["Skim","Cold Snap"],"picked":"Defragment","floor":8},{"not_picked":["Go for the Eyes","Creative AI"],"picked":"White Noise","floor":12},{"not_picked":["Hologram","Go for the Eyes"],"picked":"Coolheaded","floor":13},{"not_picked":["Double Energy","Hello World"],"picked":"FTL","floor":15},{"not_picked":["All For One","Hyperbeam"],"picked":"Reboot","floor":16},{"not_picked":["Compile Driver","Barrage"],"picked":"Coolheaded","floor":18},{"not_picked":["Undo","Recycle"],"picked":"Darkness","floor":20},{"not_picked":["Heatsinks+1","Redo","White Noise"],"picked":"SKIP","floor":22},{"not_picked":["Rebound","Fusion","Barrage"],"picked":"SKIP","floor":23},{"not_picked":["Reprogram","Tempest"],"picked":"Core Surge","floor":24},{"not_picked":["Sweeping Beam","Compile Driver","Static Discharge+1"],"picked":"SKIP","floor":25},{"not_picked":["Steam","Beam Cell"],"picked":"Ball Lightning+1","floor":27},{"not_picked":["Melter","Go for the Eyes"],"picked":"Coolheaded","floor":30},{"not_picked":["Amplify","Fission"],"picked":"Core Surge","floor":33},{"not_picked":["Redo","Rip and Tear","Stack"],"picked":"SKIP","floor":35},{"not_picked":["Recycle","Hello World+1","Streamline"],"picked":"SKIP","floor":37},{"not_picked":["Beam Cell","Consume"],"picked":"Defragment","floor":40},{"not_picked":["Heatsinks","Doom and Gloom","Core Surge"],"picked":"SKIP","floor":41},{"not_picked":["Doom and Gloom+1","Chaos","Turbo+1"],"picked":"SKIP","floor":44}],"player_experience":822879,"relics_obtained":[{"floor":8,"key":"Blood Vial"},{"floor":9,"key":"Dream Catcher"},{"floor":13,"key":"MawBank"},{"floor":23,"key":"The Courier"},{"floor":26,"key":"Torii"},{"floor":41,"key":"Emotion Chip"},{"floor":43,"key":"Lantern"},{"floor":44,"key":"Smiling Mask"}],"event_choices":[{"damage_healed":0,"gold_gain":0,"player_choice":"Donut","damage_taken":0,"max_hp_gain":5,"max_hp_loss":0,"event_name":"Big Fish","floor":3,"gold_loss":0},{"damage_healed":0,"gold_gain":0,"player_choice":"Ignored","damage_taken":0,"max_hp_gain":0,"max_hp_loss":0,"event_name":"Shining Light","floor":4,"gold_loss":0},{"damage_healed":0,"gold_gain":0,"player_choice":"Rummage","damage_taken":0,"relics_obtained":["WarpedTongs"],"max_hp_gain":0,"max_hp_loss":0,"event_name":"Accursed Blacksmith","floor":5,"gold_loss":0,"cards_obtained":["Pain"]},{"damage_healed":0,"gold_gain":0,"player_choice":"Lose Max HP","damage_taken":0,"relics_obtained":["Golden Idol"],"max_hp_gain":0,"max_hp_loss":8,"event_name":"Golden Idol","floor":10,"gold_loss":0},{"cards_removed":["Strike_B"],"damage_healed":0,"gold_gain":0,"player_choice":"Card Removal","damage_taken":0,"max_hp_gain":0,"max_hp_loss":0,"event_name":"The Cleric","floor":14,"gold_loss":75},{"damage_healed":0,"gold_gain":50,"player_choice":"Pray","damage_taken":0,"max_hp_gain":0,"max_hp_loss":0,"event_name":"Golden Shrine","floor":19,"gold_loss":0},{"damage_healed":0,"gold_gain":0,"player_choice":"Gave Idol","damage_taken":0,"relics_obtained":["Bloody Idol"],"max_hp_gain":0,"max_hp_loss":0,"event_name":"Forgotten Altar","floor":29,"relics_lost":["Golden Idol"],"gold_loss":0},{"damage_healed":0,"gold_gain":0,"player_choice":"Ignored","damage_taken":0,"max_hp_gain":0,"max_hp_loss":0,"event_name":"Beggar","floor":31,"gold_loss":0},{"damage_healed":0,"gold_gain":0,"player_choice":"Max HP","damage_taken":0,"max_hp_gain":0,"max_hp_loss":4,"event_name":"Winding Halls","floor":36,"gold_loss":0},{"cards_removed":["Defend_B"],"damage_healed":0,"gold_gain":0,"player_choice":"Removed Skill","damage_taken":0,"max_hp_gain":0,"max_hp_loss":0,"event_name":"Falling","floor":38,"gold_loss":0},{"damage_healed":0,"gold_gain":0,"player_choice":"Ignored","damage_taken":0,"max_hp_gain":0,"max_hp_loss":0,"event_name":"Mysterious Sphere","floor":39,"gold_loss":0},{"damage_healed":62,"gold_gain":0,"player_choice":"Heal","damage_taken":0,"max_hp_gain":0,"max_hp_loss":14,"event_name":"The Moai Head","floor":46,"gold_loss":0}],"is_beta":false,"boss_relics":[{"not_picked":["Busted Crown","Cursed Key"],"picked":"Astrolabe"},{"not_picked":["Empty Cage","Calling Bell"],"picked":"Runic Dome"}],"items_purged_floors":[11],"is_endless":false,"potions_floor_spawned":[2,7,12,18,22,25,30,44],"killed_by":"Awakened One","ascension_level":20}