{"gold_per_floor":[117,42,62,74,89,89,119,119,144,144,144,178,78,90,90,90],"floor_reached":16,"playtime":853,"items_purged":["Defend_G","Defend_G"],"score":116,"play_id":"e7c4d094-ba0e-4b5c-a248-bf6512c8bd13","local_time":"20190519032006","is_ascension_mode":true,"campfire_choices":[{"data":"Calculated Gamble","floor":6,"key":"SMITH"},{"data":"Slice","floor":8,"key":"SMITH"},{"floor":10,"key":"REST"},{"floor":15,"key":"REST"}],"neow_cost":"NONE","seed_source_timestamp":124620816027800,"circlet_count":0,"master_deck":["Defend_G","Defend_G","Defend_G","Strike_G","Strike_G","Strike_G","Strike_G","Survivor","Neutralize","Prepared","Calculated Gamble+1","Underhanded Strike","Slice+1","Escape Plan","Cloak And Dagger"],"relics":["Ring of the Snake","Boot","Omamori","Bag of Marbles"],"potions_floor_usage":[7,12,16,16],"damage_taken":[{"damage":13,"enemies":"Jaw Worm","floor":1,"turns":9},{"damage":6,"enemies":"Cultist","floor":3,"turns":4},{"damage":0,"enemies":"Small Slimes","floor":4,"turns":4},{"damage":2,"enemies":"Blue Slaver","floor":5,"turns":4},{"damage":15,"enemies":"3 Sentries","floor":7,"turns":9},{"damage":19,"enemies":"Lagavulin","floor":12,"turns":6},{"damage":1,"enemies":"Looter","floor":14,"turns":2},{"damage":72,"enemies":"Hexaghost","floor":16,"turns":15}],"seed_played":"4969241221080184750","potions_obtained":[{"floor":4,"key":"Fire Potion"},{"floor":5,"key":"PowerPotion"},{"floor":7,"key":"SteroidPotion"},{"floor":14,"key":"SpeedPotion"}],"is_trial":false,"path_per_floor":["M","$","M","M","M","R","E","R","T","R","?","E","$","M","R","B"],"character_chosen":"THE_SILENT","items_purchased":[],"campfire_rested":2,"item_purchase_floors":[],"current_hp_per_floor":[64,64,58,58,56,56,41,41,41,64,64,45,45,44,67,0],"gold":90,"neow_bonus":"TEN_PERCENT_HP_BONUS","is_prod":false,"is_daily":false,"chose_seed":false,"campfire_upgraded":2,"win_rate":0,"timestamp":1558246806,"path_taken":["M","$","M","M","M","R","E","R","T","R","?","E","$","M","R","BOSS"],"build_version":"2019-01-23","purchased_purges":2,"victory":false,"max_hp_per_floor":[77,77,77,77,77,77,77,77,77,77,77,77,77,77,77,77],"card_choices":[{"not_picked":["Blade Dance","Deflect"],"picked":"Prepared","floor":1},{"not_picked":["Deflect","Acrobatics"],"picked":"Calculated Gamble","floor":3},{"not_picked":["Dagger Throw","Deadly Poison"],"picked":"Underhanded Strike","floor":4},{"not_picked":["Blade Dance","Bane"],"picked":"Slice","floor":5},{"not_picked":["Deflect","Footwork"],"picked":"Escape Plan","floor":7},{"not_picked":["Catalyst","Sucker Punch"],"picked":"Cloak And Dagger","floor":12},{"not_picked":["Outmaneuver","Flying Knee","Quick Slash"],"picked":"SKIP","floor":14}],"player_experience":195236,"relics_obtained":[{"floor":7,"key":"Boot"},{"floor":9,"key":"Omamori"},{"floor":12,"key":"Bag of Marbles"}],"event_choices":[{"cards_removed":["Strike_G"],"damage_healed":0,"gold_gain":0,"player_choice":"Offered Basic","damage_taken":0,"max_hp_gain":0,"max_hp_loss":0,"event_name":"Bonfire Elementals","floor":11,"gold_loss":0}],"is_beta":false,"boss_relics":[],"items_purged_floors":[2,13],"is_endless":false,"potions_floor_spawned":[4,5,7,14],"killed_by":"Hexaghost","ascension_level":1}