{"gold_per_floor":[360,378,95,95,18,18,53,53,105,131,131,141,141,141,141,141],"floor_reached":16,"playtime":517,"items_purged":["Strike_B"],"score":148,"play_id":"ccba76b6-c960-4795-ac4e-ffc83a96c210","local_time":"20181213005007","is_ascension_mode":true,"campfire_choices":[{"data":"Zap","floor":6,"key":"SMITH"},{"data":"Dualcast","floor":8,"key":"SMITH"},{"data":"White Noise","floor":11,"key":"SMITH"},{"floor":13,"key":"REST"},{"data":"White Noise","floor":15,"key":"SMITH"}],"neow_cost":"TEN_PERCENT_HP_LOSS","seed_source_timestamp":23319720283648,"circlet_count":0,"master_deck":["Strike_B","Strike_B","Strike_B","Defend_B","Defend_B","Defend_B","Defend_B","Zap+1","Dualcast+1","White Noise+1","Static Discharge","Self Repair","White Noise+1","Loop","Leap"],"relics":["Cracked Core","MealTicket","Singing Bowl","Happy Flower","Juzu Bracelet"],"potions_floor_usage":[7,16],"damage_taken":[{"damage":3,"enemies":"2 Louse","floor":1,"turns":3},{"damage":5,"enemies":"Small Slimes","floor":2,"turns":6},{"damage":64,"enemies":"Gremlin Nob","floor":7,"turns":5},{"damage":5,"enemies":"Lagavulin","floor":10,"turns":7},{"damage":10,"enemies":"Cultist","floor":12,"turns":4},{"damage":52,"enemies":"Slime Boss","floor":16,"turns":7}],"seed_played":"3660218808171130476","potions_obtained":[{"floor":2,"key":"AttackPotion"},{"floor":7,"key":"Explosive Potion"},{"floor":10,"key":"FearPotion"}],"is_trial":false,"path_per_floor":["M","M","$","?","$","R","E","R","T","E","R","M","R","?","R","B"],"character_chosen":"DEFECT","items_purchased":["MealTicket","Self Repair"],"campfire_rested":1,"item_purchase_floors":[3,5],"current_hp_per_floor":[65,60,60,60,68,68,11,11,11,13,13,10,30,52,52,0],"gold":141,"neow_bonus":"TWO_FIFTY_GOLD","is_prod":false,"is_daily":false,"chose_seed":false,"campfire_upgraded":4,"win_rate":0,"timestamp":1544633407,"path_taken":["M","M","$","?","$","R","E","R","T","E","R","M","R","?","R","BOSS"],"build_version":"2018-12-06","purchased_purges":1,"victory":false,"max_hp_per_floor":[68,68,68,68,68,68,68,68,68,68,68,68,68,68,68,68],"card_choices":[{"not_picked":["Steam","Turbo"],"picked":"White Noise","floor":1},{"not_picked":["Stack","Hologram"],"picked":"Static Discharge","floor":2},{"not_picked":["Turbo","Coolheaded"],"picked":"White Noise","floor":7},{"not_picked":["Scrape","Steam Power"],"picked":"Loop","floor":10},{"not_picked":["Sweeping Beam","Steam"],"picked":"Leap","floor":12}],"player_experience":555262,"relics_obtained":[{"floor":7,"key":"Singing Bowl"},{"floor":9,"key":"Happy Flower"},{"floor":10,"key":"Juzu Bracelet"}],"event_choices":[{"damage_healed":0,"gold_gain":0,"player_choice":"Ignored","damage_taken":0,"max_hp_gain":0,"max_hp_loss":0,"event_name":"Liars Game","floor":4,"gold_loss":0},{"damage_healed":22,"gold_gain":0,"player_choice":"Banana","damage_taken":0,"max_hp_gain":0,"max_hp_loss":0,"event_name":"Big Fish","floor":14,"gold_loss":0}],"is_beta":false,"boss_relics":[],"items_purged_floors":[3],"is_endless":false,"potions_floor_spawned":[2,7,10],"killed_by":"Slime Boss","ascension_level":8}