{"gold_per_floor":[109,34,34,34,50,50,50,65,65,84,84,84,97,112,112,207,207,222,235,235,235,249,249,265,185,209,109,123,123,3,29,29,29],"floor_reached":33,"playtime":1464,"items_purged":["Defend_R","Strike_R","Brutality","Strike_R"],"score":372,"play_id":"0df68a20-b8d3-4153-b4c8-a5c8e5ae317b","local_time":"20180815093415","is_ascension_mode":true,"campfire_choices":[{"data":"Bash","floor":6,"key":"SMITH"},{"data":"Rampage","floor":11,"key":"SMITH"},{"data":"Flame Barrier","floor":15,"key":"SMITH"},{"data":"Defend_R","floor":23,"key":"SMITH"},{"data":"Ghostly","floor":29,"key":"SMITH"},{"floor":32,"key":"REST"}],"neow_cost":"NONE","seed_source_timestamp":94579690797638,"circlet_count":0,"master_deck":["Strike_R+1","Defend_R","Defend_R+1","Defend_R+1","Bash+1","Rampage+1","Flame Barrier+1","Headbutt+1","Ghostly+1","Ghostly","Ghostly","Ghostly","Ghostly","Rampage+1","Intimidate+1"],"relics":["Burning Blood","The Courier","Lizard Tail","Omamori","Pen Nib"],"potions_floor_usage":[16,31,33],"damage_taken":[{"damage":9,"enemies":"Jaw Worm","floor":1,"turns":5},{"damage":6,"enemies":"Cultist","floor":5,"turns":3},{"damage":10,"enemies":"Small Slimes","floor":8,"turns":6},{"damage":8,"enemies":"Blue Slaver","floor":10,"turns":4},{"damage":0,"enemies":"Large Slime","floor":13,"turns":4},{"damage":1,"enemies":"Exordium Wildlife","floor":14,"turns":4},{"damage":31,"enemies":"Hexaghost","floor":16,"turns":9},{"damage":15,"enemies":"3 Byrds","floor":18,"turns":3},{"damage":17,"enemies":"Shell Parasite","floor":19,"turns":7},{"damage":15,"enemies":"Centurion and Healer","floor":22,"turns":9},{"damage":6,"enemies":"Chosen and Byrds","floor":24,"turns":7},{"damage":0,"enemies":"Snake Plant","floor":28,"turns":6},{"damage":48,"enemies":"Book of Stabbing","floor":31,"turns":9},{"damage":50,"enemies":"Champ","floor":33,"turns":9}],"seed_played":"9031188271563122494","potions_obtained":[{"floor":10,"key":"PowerPotion"},{"floor":13,"key":"Weak Potion"},{"floor":14,"key":"Ancient Potion"},{"floor":18,"key":"EssenceOfSteel"},{"floor":28,"key":"Swift Potion"}],"is_trial":false,"path_per_floor":["M","$","?","?","M","R","$","M","T","M","R","?","M","M","R","B",null,"M","M","?","?","M","R","M","$","T","$","M","R","$","E","R"],"character_chosen":"IRONCLAD","items_purchased":[],"campfire_rested":1,"item_purchase_floors":[],"current_hp_per_floor":[69,69,61,45,45,45,45,41,41,39,39,39,45,50,50,25,66,57,46,40,40,31,31,31,31,31,31,37,37,37,15,27,0],"gold":29,"neow_bonus":"REMOVE_CARD","is_prod":false,"is_daily":false,"chose_seed":false,"campfire_upgraded":5,"win_rate":0,"timestamp":1534296855,"path_taken":["M","$","?","?","M","R","?","M","T","M","R","?","M","M","R","BOSS","M","M","?","?","M","R","M","$","T","$","?","R","$","E","R","BOSS"],"build_version":"2018-08-09","purchased_purges":4,"victory":false,"max_hp_per_floor":[80,80,80,80,80,80,80,80,80,80,80,80,80,80,80,80,80,80,80,40,40,40,40,40,40,40,40,40,40,40,40,40,40],"card_choices":[{"not_picked":["Warcry","Ghostly Armor","Havoc"],"picked":"SKIP","floor":1},{"not_picked":["Iron Wave","Anger","Battle Trance"],"picked":"SKIP","floor":5},{"not_picked":["Heavy Blade","Infernal Blade"],"picked":"Rampage","floor":8},{"not_picked":["Havoc","Flex","Spot Weakness"],"picked":"SKIP","floor":10},{"not_picked":["Perfected Strike","Sword Boomerang"],"picked":"Flame Barrier","floor":13},{"not_picked":["Disarm","Hemokinesis","Heavy Blade"],"picked":"SKIP","floor":14},{"not_picked":["Limit Break","Reaper"],"picked":"Brutality","floor":16},{"not_picked":["Iron Wave","Clash","Body Slam"],"picked":"SKIP","floor":18},{"not_picked":["Pummel+1","Iron Wave"],"picked":"Headbutt+1","floor":19},{"not_picked":["Evolve+1","Anger+1"],"picked":"Rampage+1","floor":22},{"not_picked":["Carnage","Flex","Headbutt"],"picked":"SKIP","floor":24},{"not_picked":["Metallicize","Corruption","Dual Wield+1"],"picked":"SKIP","floor":28},{"not_picked":["Havoc","Barricade"],"picked":"Intimidate+1","floor":31}],"player_experience":441725,"relics_obtained":[{"floor":9,"key":"The Courier"},{"floor":26,"key":"Omamori"},{"floor":31,"key":"Pen Nib"}],"event_choices":[{"event_name":"Wheel of Change","player_choice":"Damage","floor":3,"damage_taken":0},{"event_name":"Shining Light","player_choice":"Entered Light","floor":4,"damage_taken":0},{"event_name":"Purifier","player_choice":"One Purge","floor":12,"damage_taken":0},{"event_name":"Ghosts","player_choice":"Became a Ghost","floor":20,"damage_taken":0},{"event_name":"Drug Dealer","player_choice":"Ignored","floor":21,"damage_taken":0}],"is_beta":false,"boss_relics":[{"not_picked":["Cursed Key","Runic Dome"],"picked":"Lizard Tail"}],"items_purged_floors":[2,25,27,30],"is_endless":false,"potions_floor_spawned":[10,13,14,18,19,28],"killed_by":"Champ","ascension_level":7}