{"gold_per_floor":[109,109,123,123,48,48,80,80,80,111,111,11,11,23,23,119,119,134,146,71,71,85,85,17,52,75,75,75,87,107,123,123,219,219,238,238,251,351,351,351],"floor_reached":40,"playtime":1528,"items_purged":["Strike_B","Defend_B"],"score":577,"play_id":"2dd94264-9d95-4999-8076-46c7d3583828","local_time":"20181215204406","is_ascension_mode":true,"campfire_choices":[{"data":"Zap","floor":6,"key":"SMITH"},{"data":"Doom and Gloom","floor":8,"key":"SMITH"},{"data":"Dualcast","floor":11,"key":"SMITH"},{"data":"Leap","floor":15,"key":"SMITH"},{"data":"Zap","floor":23,"key":"SMITH"},{"data":"Sunder","floor":28,"key":"SMITH"},{"data":"Storm","floor":32,"key":"SMITH"}],"neow_cost":"NONE","seed_source_timestamp":266745649914817,"circlet_count":0,"master_deck":["Defend_B","Defend_B","Zap+1","Dualcast+1","Storm+1","Doom and Gloom+1","Self Repair+1","Leap+1","Melter","Biased Cognition+1","Zap+1","Sunder+1","Defragment+1","Core Surge"],"relics":["Cracked Core","Frozen Egg 2","Orichalcum","Anchor","Busted Crown","DataDisk","Lantern","Black Star","Unceasing Top"],"potions_floor_usage":[7,10,25,33,33,40,40,40],"damage_taken":[{"damage":1,"enemies":"2 Louse","floor":1,"turns":2},{"damage":6,"enemies":"Jaw Worm","floor":3,"turns":5},{"damage":30,"enemies":"3 Sentries","floor":7,"turns":6},{"damage":14,"enemies":"Gremlin Nob","floor":10,"turns":3},{"damage":0,"enemies":"Small Slimes","floor":14,"turns":3},{"damage":41,"enemies":"Hexaghost","floor":16,"turns":10},{"damage":0,"enemies":"Shell Parasite","floor":18,"turns":4},{"damage":0,"enemies":"Chosen","floor":19,"turns":3},{"damage":5,"enemies":"Sentry and Sphere","floor":22,"turns":3},{"damage":10,"enemies":"Slavers","floor":25,"turns":3},{"damage":0,"enemies":"Chosen and Byrds","floor":29,"turns":3},{"damage":0,"enemies":"Snecko","floor":30,"turns":3},{"damage":5,"enemies":"Centurion and Healer","floor":31,"turns":4},{"damage":4,"enemies":"Champ","floor":33,"turns":6},{"damage":6,"enemies":"Orb Walker","floor":35,"turns":2},{"damage":8,"enemies":"3 Shapes","floor":37,"turns":2},{"damage":20,"enemies":"Mind Bloom Boss Battle","floor":38,"turns":4},{"damage":72,"enemies":"Nemesis","floor":40,"turns":5}],"seed_played":"8548958800917903108","potions_obtained":[{"floor":3,"key":"SkillPotion"},{"floor":7,"key":"Weak Potion"},{"floor":10,"key":"GamblersBrew"},{"floor":18,"key":"Block Potion"},{"floor":29,"key":"Block Potion"},{"floor":30,"key":"FocusPotion"},{"floor":37,"key":"Poison Potion"},{"floor":39,"key":"Energy Potion"}],"is_trial":false,"path_per_floor":["M","?","M","?","$","R","E","R","T","E","R","$","?","M","R","B",null,"M","M","?","?","M","R","$","E","T","?","R","M","M","M","R","B",null,"M","?","M","?","?","E"],"character_chosen":"DEFECT","items_purchased":["Sunder"],"campfire_rested":0,"item_purchase_floors":[24],"current_hp_per_floor":[67,60,54,75,75,75,45,45,45,41,41,41,41,51,51,20,61,71,75,75,75,75,75,75,75,75,75,75,75,75,75,75,75,75,75,75,75,65,65,0],"gold":351,"neow_bonus":"REMOVE_CARD","is_prod":false,"is_daily":false,"chose_seed":false,"campfire_upgraded":7,"win_rate":0,"timestamp":1544877846,"path_taken":["M","?","M","?","$","R","E","R","T","E","R","$","?","?","R","BOSS","M","M","?","?","?","R","$","E","T","?","R","M","M","M","R","BOSS","M","?","M","?","?","E"],"build_version":"2018-12-13","purchased_purges":2,"victory":false,"max_hp_per_floor":[75,75,75,75,75,75,75,75,75,75,75,75,75,75,75,75,75,75,75,75,75,75,75,75,75,75,75,75,75,75,75,75,75,75,75,75,75,75,75,75],"card_choices":[{"not_picked":["Go for the Eyes","Hologram"],"picked":"Storm","floor":1},{"not_picked":["Stack","All For One"],"picked":"Doom and Gloom","floor":3},{"not_picked":["Coolheaded","Doom and Gloom"],"picked":"Self Repair","floor":7},{"not_picked":["Compile Driver","Cold Snap"],"picked":"Leap","floor":10},{"not_picked":["Turbo","Streamline"],"picked":"Melter","floor":14},{"not_picked":["Seek","Rainbow"],"picked":"Biased Cognition+1","floor":16},{"not_picked":["Sweeping Beam"],"picked":"SKIP","floor":18},{"not_picked":["Redo"],"picked":"SKIP","floor":19},{"not_picked":["Coolheaded+1"],"picked":"SKIP","floor":22},{"not_picked":[],"picked":"FTL","floor":25},{"not_picked":["Rebound"],"picked":"SKIP","floor":29},{"not_picked":["Rebound"],"picked":"SKIP","floor":30},{"not_picked":["Sweeping Beam"],"picked":"SKIP","floor":31},{"not_picked":[],"picked":"Core Surge","floor":33},{"not_picked":["Chill+1"],"picked":"SKIP","floor":35},{"not_picked":["Compile Driver"],"picked":"SKIP","floor":37}],"player_experience":578842,"relics_obtained":[{"floor":7,"key":"Frozen Egg 2"},{"floor":9,"key":"Orichalcum"},{"floor":10,"key":"Anchor"},{"floor":25,"key":"DataDisk"},{"floor":26,"key":"Lantern"},{"floor":38,"key":"Unceasing Top"}],"event_choices":[{"cards_removed":["Strike_B"],"damage_healed":0,"gold_gain":0,"player_choice":"Card Removal","damage_taken":7,"max_hp_gain":0,"max_hp_loss":0,"event_name":"Golden Wing","floor":2,"gold_loss":0},{"damage_healed":25,"gold_gain":0,"player_choice":"Banana","damage_taken":0,"max_hp_gain":0,"max_hp_loss":0,"event_name":"Big Fish","floor":4,"gold_loss":0},{"cards_removed":["Strike_B"],"damage_healed":0,"gold_gain":0,"player_choice":"Forget","damage_taken":0,"max_hp_gain":0,"max_hp_loss":0,"event_name":"Living Wall","floor":13,"gold_loss":0},{"cards_removed":["Defend_B"],"damage_healed":0,"gold_gain":0,"player_choice":"Gave Gold","damage_taken":0,"max_hp_gain":0,"max_hp_loss":0,"event_name":"Beggar","floor":20,"gold_loss":75},{"damage_healed":0,"gold_gain":0,"player_choice":"1 cards matched","damage_taken":0,"max_hp_gain":0,"max_hp_loss":0,"event_name":"Match and Keep!","floor":21,"gold_loss":0,"cards_obtained":["Zap"]},{"damage_healed":0,"gold_gain":0,"player_choice":"Read","damage_taken":0,"max_hp_gain":0,"max_hp_loss":0,"event_name":"The Library","floor":27,"gold_loss":0,"cards_obtained":["Defragment"]},{"cards_removed":["FTL"],"damage_healed":0,"gold_gain":0,"player_choice":"Removed Attack","damage_taken":0,"max_hp_gain":0,"max_hp_loss":0,"event_name":"Falling","floor":36,"gold_loss":0},{"damage_healed":0,"gold_gain":0,"player_choice":"Fight","damage_taken":0,"max_hp_gain":0,"max_hp_loss":0,"event_name":"MindBloom","floor":38,"gold_loss":0},{"damage_healed":0,"gold_gain":0,"player_choice":"Got Potions","damage_taken":0,"max_hp_gain":0,"max_hp_loss":0,"event_name":"Lab","floor":39,"gold_loss":0}],"is_beta":false,"boss_relics":[{"not_picked":["White Beast Statue","Pandora\u0027s Box"],"picked":"Busted Crown"},{"not_picked":["Orrery","Tiny House"],"picked":"Black Star"}],"items_purged_floors":[5,12],"is_endless":false,"potions_floor_spawned":[3,7,10,18,29,30,37],"killed_by":"Nemesis","ascension_level":8}