{"gold_per_floor":[118,148,223,234,248,248,248,73,73,92,92,102,102,2,2,99,99,112,112,123,142,152,152,180,180,180,180,180,200,200,212,212,212],"floor_reached":33,"playtime":1339,"items_purged":["Defend_R","Strike_R"],"score":257,"play_id":"e64e1815-abf9-4cb5-ae47-0129cf68d9e0","local_time":"20180812200253","is_ascension_mode":false,"campfire_choices":[{"data":"Sword Boomerang","floor":6,"key":"SMITH"},{"data":"Havoc","floor":11,"key":"SMITH"},{"data":"Finesse","floor":13,"key":"SMITH"},{"data":"Clash","floor":15,"key":"SMITH"},{"data":"Strike_R","floor":23,"key":"SMITH"},{"data":"Defend_R","floor":25,"key":"SMITH"},{"data":"Strike_R","floor":28,"key":"SMITH"},{"data":"Defend_R","floor":30,"key":"SMITH"},{"data":"Clash","floor":32,"key":"SMITH"}],"neow_cost":"NONE","seed_source_timestamp":35878800548055,"circlet_count":0,"master_deck":["Strike_R","Strike_R","Strike_R+1","Strike_R+1","Defend_R+1","Defend_R","Defend_R+1","Bash+1","Clash+1","Sword Boomerang+1","Finesse+1","Havoc+1","Anger+1","Shrug It Off+1","Body Slam+1","Clash+1"],"relics":["Black Blood","Tiny Chest","Blue Candle","Ginger","Art of War","Dead Branch","SsserpentHead"],"potions_floor_usage":[18,24,24],"damage_taken":[{"damage":2,"enemies":"2 Louse","floor":1,"turns":3},{"damage":10,"enemies":"Small Slimes","floor":4,"turns":3},{"damage":0,"enemies":"Cultist","floor":5,"turns":3},{"damage":0,"enemies":"Large Slime","floor":10,"turns":3},{"damage":9,"enemies":"Blue Slaver","floor":12,"turns":3},{"damage":48,"enemies":"The Guardian","floor":16,"turns":10},{"damage":5,"enemies":"Chosen","floor":18,"turns":4},{"damage":13,"enemies":"Shell Parasite","floor":20,"turns":3},{"damage":21,"enemies":"Cultist and Chosen","floor":21,"turns":5},{"damage":6,"enemies":"Chosen and Byrds","floor":22,"turns":5},{"damage":30,"enemies":"Gremlin Leader","floor":24,"turns":9},{"damage":26,"enemies":"Snecko","floor":29,"turns":4},{"damage":2,"enemies":"Centurion and Healer","floor":31,"turns":4},{"damage":64,"enemies":"Collector","floor":33,"turns":7}],"seed_played":"5623631936126408136","potions_obtained":[{"floor":1,"key":"GamblersBrew"},{"floor":5,"key":"SkillPotion"},{"floor":12,"key":"Explosive Potion"},{"floor":18,"key":"Ancient Potion"},{"floor":22,"key":"PowerPotion"}],"is_trial":false,"path_per_floor":["M","?","?","M","M","R","?","$","T","M","R","M","R","$","R","B",null,"M","T","M","M","M","R","E","R","T","?","R","M","R","M","R"],"character_chosen":"IRONCLAD","items_purchased":["Finesse"],"campfire_rested":0,"item_purchase_floors":[8],"current_hp_per_floor":[80,73,62,58,64,64,64,64,64,70,70,67,67,67,67,25,80,80,80,77,66,70,70,50,50,50,50,50,34,34,45,45,0],"gold":212,"neow_bonus":"UPGRADE_CARD","is_prod":false,"is_daily":false,"chose_seed":false,"campfire_upgraded":9,"win_rate":0,"timestamp":1534075373,"path_taken":["M","?","?","?","M","R","?","$","T","M","R","M","R","?","R","BOSS","M","?","M","?","M","R","E","R","T","?","R","M","R","M","R","BOSS"],"build_version":"2018-08-09","purchased_purges":2,"victory":false,"max_hp_per_floor":[80,80,80,80,80,80,80,80,80,80,80,80,80,80,80,80,80,80,80,80,80,80,80,80,80,80,80,80,80,80,83,83,83],"card_choices":[{"not_picked":["Pummel","Headbutt"],"picked":"Clash","floor":1},{"not_picked":["True Grit","Wild Strike"],"picked":"Sword Boomerang","floor":4},{"not_picked":["Flame Barrier","Shockwave","Combust"],"picked":"SKIP","floor":5},{"not_picked":["Pommel Strike","Limit Break"],"picked":"Havoc","floor":10},{"not_picked":["True Grit","Twin Strike","Spot Weakness"],"picked":"SKIP","floor":12},{"not_picked":["Headbutt","Flex"],"picked":"Anger+1","floor":18},{"not_picked":["Anger","Shrug It Off","Pommel Strike"],"picked":"SKIP","floor":20},{"not_picked":["Combust","Corruption"],"picked":"Shrug It Off+1","floor":21},{"not_picked":["Sever Soul","Perfected Strike","Warcry"],"picked":"SKIP","floor":22},{"not_picked":["Metallicize+1","Havoc","Heavy Blade+1"],"picked":"SKIP","floor":24},{"not_picked":["Pommel Strike","Evolve"],"picked":"Body Slam+1","floor":29},{"not_picked":["Infernal Blade","Armaments"],"picked":"Clash","floor":31}],"player_experience":379285,"relics_obtained":[{"floor":9,"key":"Blue Candle"},{"floor":19,"key":"Ginger"},{"floor":24,"key":"Art of War"},{"floor":26,"key":"Dead Branch"}],"event_choices":[{"event_name":"Scrap Ooze","player_choice":"success","floor":2,"damage_taken":7},{"event_name":"World of Goop","player_choice":"Gather Gold","floor":3,"damage_taken":0},{"event_name":"Liars Game","player_choice":"disagreed","floor":7,"damage_taken":0},{"event_name":"FaceTrader","player_choice":"Trade","floor":27,"damage_taken":0}],"is_beta":false,"boss_relics":[{"not_picked":["Cursed Key","Runic Pyramid"],"picked":"Black Blood"}],"items_purged_floors":[8,14],"is_endless":false,"potions_floor_spawned":[1,5,12,18,21,22],"killed_by":"Collector","ascension_level":0}