{"path_per_floor":["M","M","$","?","M","R","E","R","T","E","M","M","R","M","R","B",null,"M","M","?","?","M","R","$","M","T"],"character_chosen":"DEFECT","items_purchased":["Cold Snap","Meat on the Bone","Symbiotic Virus","Leap"],"gold_per_floor":[369,382,25,25,43,43,78,78,78,118,138,159,159,179,179,274,274,299,318,318,318,318,318,14,31,58,58],"floor_reached":27,"campfire_rested":0,"playtime":1450,"item_purchase_floors":[],"current_hp_per_floor":[44,39,39,39,39,39,29,29,29,35,34,34,34,34,34,13,51,48,43,43,43,43,43,43,32,37,0],"items_purged":["Pain"],"gold":58,"score":419,"play_id":"5044917e-6b5e-4b32-b9f4-26419899a0db","local_time":"20180522025513","is_prod":false,"is_daily":false,"chose_seed":false,"is_ascension_mode":true,"campfire_upgraded":5,"timestamp":1526975713,"campfire_choices":[{"data":"Zap","floor":6.0,"key":"SMITH"},{"data":"Cold Snap","floor":8.0,"key":"SMITH"},{"data":"Ball Lightning","floor":13.0,"key":"SMITH"},{"data":"Ball Lightning","floor":15.0,"key":"SMITH"},{"data":"Rainbow","floor":23,"key":"SMITH"}],"path_taken":["M","M","$","?","M","R","E","R","T","E","M","M","R","M","R","BOSS","M","M","?","?","M","R","$","?","T","E"],"build_version":"2018-05-18","seed_source_timestamp":0,"purchased_purges":1,"victory":false,"master_deck":["Strike_B","Strike_B","Strike_B","Strike_B","Defend_B","Defend_B","Defend_B","Defend_B","Zap+1","Dualcast","AscendersBane","Chill","Leap","Cold Snap","Cold Snap+1","Rip and Tear","Ball Lightning+1","Ball Lightning+1","Reinforced Body","Rainbow+1","Leap","Leap","Leap"],"max_hp_per_floor":[71,71,71,64,64,64,64,64,64,64,64,64,64,64,64,64,64,64,64,64,64,64,64,64,64,64,64],"relics":["Cracked Core","Meat on the Bone","Bloody Idol","Centennial Puzzle","Darkstone Periapt","Orichalcum","Inserter","Symbiotic Virus","Anchor"],"card_choices":[{"not_picked":["Steam","Sunder"],"picked":"Chill","floor":1.0},{"not_picked":["Beam Cell","Barrage"],"picked":"Leap","floor":2.0},{"not_picked":["Turbo","Scrape"],"picked":"Cold Snap","floor":5.0},{"not_picked":["Thunder Strike","Sweeping Beam"],"picked":"Rip and Tear","floor":7.0},{"not_picked":["Redo","FTL"],"picked":"Ball Lightning","floor":10.0},{"not_picked":["Coolheaded","Axe Kick"],"picked":"Ball Lightning","floor":11.0},{"not_picked":["Heatsinks","Scrape","Streamline"],"picked":"SKIP","floor":12.0},{"not_picked":["Chill","Turbo"],"picked":"Reinforced Body","floor":14.0},{"not_picked":["Thunder Strike","All For One"],"picked":"Rainbow","floor":16.0},{"not_picked":["Capacitor","Melter"],"picked":"Leap","floor":18},{"not_picked":["Stack","Undo"],"picked":"Leap","floor":19},{"not_picked":["Capacitor","Hologram","Beam Cell"],"picked":"SKIP","floor":25}],"player_experience":240865,"potions_floor_usage":[22],"damage_taken":[{"damage":20.0,"enemies":"2 Louse","floor":1.0,"turns":3.0},{"damage":5.0,"enemies":"Jaw Worm","floor":2.0,"turns":3.0},{"damage":0.0,"enemies":"Cultist","floor":5.0,"turns":3.0},{"damage":22.0,"enemies":"Gremlin Nob","floor":7.0,"turns":6.0},{"damage":6.0,"enemies":"3 Sentries","floor":10.0,"turns":6.0},{"damage":1.0,"enemies":"Blue Slaver","floor":11.0,"turns":3.0},{"damage":0.0,"enemies":"Exordium Wildlife","floor":12.0,"turns":2.0},{"damage":12.0,"enemies":"Lots of Slimes","floor":14.0,"turns":2.0},{"damage":33.0,"enemies":"Hexaghost","floor":16.0,"turns":10.0},{"damage":3,"enemies":"Spheric Guardian","floor":18,"turns":3},{"damage":5,"enemies":"Shell Parasite","floor":19,"turns":7},{"damage":0,"enemies":"Snake Plant","floor":22,"turns":1},{"damage":28,"enemies":"Centurion and Healer","floor":25,"turns":5},{"damage":39,"enemies":"Gremlin Leader","floor":27,"turns":4}],"relics_obtained":[{"floor":7.0,"key":"Centennial Puzzle"},{"floor":9.0,"key":"Darkstone Periapt"},{"floor":10.0,"key":"Orichalcum"},{"floor":26,"key":"Anchor"}],"event_choices":[{"event_name":"Golden Idol","player_choice":"Lose Max HP","floor":4.0,"damage_taken":0.0},{"event_name":"Forgotten Altar","player_choice":"Gave Idol","floor":20,"damage_taken":0},{"event_name":"Drug Dealer","player_choice":"Ignored","floor":21,"damage_taken":0}],"boss_relics":[{"not_picked":["Runic Pyramid","Tiny House"],"picked":"Inserter"}],"items_purged_floors":[],"potions_floor_spawned":[2,7,11,12,14,16,19,25],"seed_played":"1876734272065193430","killed_by":"Gremlin Leader","ascension_level":15,"potions_obtained":[{"floor":2.0,"key":"FocusPotion"},{"floor":7.0,"key":"GamblersBrew"},{"floor":11.0,"key":"SkillPotion"},{"floor":12.0,"key":"Strength Potion"},{"floor":14.0,"key":"SmokeBomb"},{"floor":16.0,"key":"FearPotion"},{"floor":19,"key":"EssenceOfSteel"},{"floor":25,"key":"Strength Potion"}],"is_trial":false}