{"gold_per_floor":[11,11,23,39,39,39,74,74,100,118,158,193,193],"floor_reached":13,"playtime":580,"items_purged":[],"score":112,"play_id":"fd364ef9-ff77-4e1d-be9d-1ff4089ac214","local_time":"20180811111338","is_ascension_mode":true,"campfire_choices":[{"data":"Bouncing Flask","floor":6,"key":"SMITH"},{"data":"Bane","floor":8,"key":"SMITH"}],"neow_cost":"NO_GOLD","seed_source_timestamp":42242566057512,"circlet_count":0,"master_deck":["Defend_G","Defend_G","Defend_G","Defend_G","Defend_G","Strike_G","Strike_G","Strike_G","Strike_G","Strike_G","Survivor","Neutralize","Bouncing Flask+1","Bane+1","Bane","Setup"],"relics":["Ring of the Snake","Nunchaku","Golden Idol","Juzu Bracelet","Boot","Blue Candle","Odd Mushroom"],"potions_floor_usage":[7,7,12],"damage_taken":[{"damage":0,"enemies":"Small Slimes","floor":1,"turns":3},{"damage":0,"enemies":"2 Louse","floor":3,"turns":5},{"damage":5,"enemies":"Cultist","floor":4,"turns":4},{"damage":17,"enemies":"3 Sentries","floor":7,"turns":6},{"damage":4,"enemies":"Looter","floor":10,"turns":3},{"damage":18,"enemies":"Gremlin Nob","floor":11,"turns":3},{"damage":10,"floor":12,"turns":6},{"damage":5,"enemies":"Blue Slaver","floor":13,"turns":2}],"seed_played":"1116998600539697181","potions_obtained":[{"floor":1,"key":"Energy Potion"},{"floor":4,"key":"Poison Potion"},{"floor":11,"key":"GhostInAJar"}],"is_trial":false,"path_per_floor":["M","?","M","M","?","R","E","R","T","M","E","?"],"character_chosen":"THE_SILENT","items_purchased":[],"campfire_rested":0,"item_purchase_floors":[],"current_hp_per_floor":[70,75,75,70,52,52,35,35,35,31,13,3,0],"gold":193,"neow_bonus":"ONE_RARE_RELIC","is_prod":false,"is_daily":false,"chose_seed":false,"campfire_upgraded":2,"win_rate":0,"timestamp":1533957218,"path_taken":["M","?","M","M","?","R","E","R","T","M","E","?","M"],"build_version":"2018-08-09","purchased_purges":0,"victory":false,"max_hp_per_floor":[70,75,75,75,75,75,75,75,75,75,75,75,75],"card_choices":[{"not_picked":["Prepared","Blade Dance"],"picked":"Bouncing Flask","floor":1},{"not_picked":["Blade Dance","Underhanded Strike"],"picked":"Bane","floor":3},{"not_picked":["Predator","Quick Slash","Prepared"],"picked":"SKIP","floor":4},{"not_picked":["Expertise","Tactician","Distraction"],"picked":"SKIP","floor":7},{"not_picked":["Cloak And Dagger","Deflect"],"picked":"Bane","floor":10},{"not_picked":["Predator","Choke","Backflip"],"picked":"SKIP","floor":11},{"not_picked":["Masterful Stab","Outmaneuver"],"picked":"Setup","floor":12}],"player_experience":359784,"relics_obtained":[{"floor":7,"key":"Juzu Bracelet"},{"floor":9,"key":"Boot"},{"floor":11,"key":"Blue Candle"},{"floor":12,"key":"Odd Mushroom"}],"event_choices":[{"event_name":"Big Fish","player_choice":"Donut","floor":2,"damage_taken":0},{"event_name":"Golden Idol","player_choice":"Take Damage","floor":5,"damage_taken":0},{"event_name":"Mushrooms","player_choice":"Fought Mushrooms","floor":12,"damage_taken":0}],"is_beta":false,"boss_relics":[],"items_purged_floors":[],"is_endless":false,"potions_floor_spawned":[1,4,11],"killed_by":"Blue Slaver","ascension_level":4}