{"path_per_floor":["M","?","?","M","$","E","M","R","T","M","E","R","?","M","R","B",null,"M","M","?","$","M","R","?","R","T","E","R","M","M","M","R"],"character_chosen":"THE_SILENT","items_purchased":["Swift Strike"],"gold_per_floor":[113,113,113,128,53,78,98,98,175,193,228,228,284,301,301,405,405,422,436,436,243,257,257,357,357,382,413,413,430,441,460,460],"floor_reached":33,"campfire_rested":5,"playtime":1366,"current_hp_per_floor":[77,62,62,58,58,38,38,61,61,61,47,70,46,37,60,35,77,66,49,74,74,65,65,65,65,65,21,44,28,28,13,36],"items_purged":["Defend_G","Defend_G"],"gold":460,"score":277,"play_id":"d47839f0-9b5e-4e74-b911-41e690b3a34c","is_prod":false,"is_daily":false,"is_ascension_mode":false,"campfire_upgraded":2,"path_taken":["M","?","?","?","$","E","M","R","T","M","E","R","?","M","R","BOSS","M","M","?","$","M","R","?","R","T","E","R","M","M","M","R","BOSS"],"build_version":"2018-02-15-PROD1","purchased_purges":2,"victory":false,"master_deck":["Defend_G","Defend_G","Defend_G+1","Strike_G","Strike_G","Strike_G","Strike_G","Strike_G+1","Survivor","Neutralize","Quick Slash","Quick Slash","Finisher+1","All Out Attack","Flying Knee","Glass Knife","Noxious Fumes+1","Blade Dance","Dagger Spray","Swift Strike","Backstab"],"max_hp_per_floor":[77,77,77,77,77,77,77,77,77,77,77,77,77,77,77,77,77,77,77,77,77,77,77,77,77,77,77,77,77,77,77,77],"relics":["Ring of the Snake","Bag of Marbles","Tiny Chest","Calipers","Bag of Preparation","Lizard Tail","Snake Skull","Omamori"],"card_choices":[{"not_picked":["Infinite Blades","Backflip"],"picked":"Quick Slash"},{"not_picked":["Underhanded Strike","Crippling Poison"],"picked":"Quick Slash"},{"not_picked":["Outmaneuver","Dodge and Roll"],"picked":"Finisher"},{"not_picked":["Bouncing Flask","Outmaneuver"],"picked":"All Out Attack"},{"not_picked":["Footwork","Distraction"],"picked":"Flying Knee"},{"not_picked":["Malaise","Footwork"],"picked":"Glass Knife"},{"not_picked":["Blade Dance","Dagger Spray"],"picked":"Noxious Fumes"},{"not_picked":["Outmaneuver","Infinite Blades"],"picked":"Blade Dance"},{"not_picked":["Poisoned Stab","Bane"],"picked":"Dagger Spray"},{"not_picked":["Backflip","Malaise"],"picked":"Backstab"}],"player_experience":92347,"potions_floor_usage":[16,16,22,31,31],"damage_taken":[{"damage":0,"enemies":"Jaw Worm","floor":1,"turns":4},{"damage":4,"enemies":"Small Slimes","floor":4,"turns":4},{"damage":20,"enemies":"3 Sentries","floor":6,"turns":9},{"damage":0,"enemies":"Cultist","floor":7,"turns":1},{"damage":0,"enemies":"Exordium Wildlife","floor":10,"turns":3},{"damage":14,"enemies":"Gremlin Nob","floor":11,"turns":3},{"damage":24,"enemies":"Lagavulin Event","floor":13,"turns":4},{"damage":9,"enemies":"2 Fungi Beasts","floor":14,"turns":2},{"damage":25,"enemies":"Slime Boss","floor":16,"turns":5},{"damage":11,"enemies":"3 Byrds","floor":18,"turns":4},{"damage":17,"enemies":"2 Thieves","floor":19,"turns":2},{"damage":9,"enemies":"Chosen and Byrds","floor":22,"turns":5},{"damage":44,"enemies":"Slavers","floor":27,"turns":5},{"damage":16,"enemies":"Snecko","floor":29,"turns":4},{"damage":0,"enemies":"Cultist and Chosen","floor":30,"turns":4},{"damage":15,"enemies":"Snake Plant","floor":31,"turns":3},{"damage":97,"enemies":"Collector","floor":33,"turns":6}],"event_choices":[{"event_name":"Shining Light","player_choice":"Entered Light","floor":2,"damage_taken":0},{"event_name":"Liars Game","player_choice":"disagreed","floor":3,"damage_taken":0},{"event_name":"Dead Adventurer","player_choice":"Searched \u00271\u0027 times","floor":13,"damage_taken":0},{"event_name":"The Library","player_choice":"Heal","floor":20,"damage_taken":0},{"event_name":"Golden Shrine","player_choice":"Pray","floor":24,"damage_taken":0}],"boss_relics":[{"not_picked":["Orrery","Astrolabe"],"picked":"Lizard Tail"}],"potions_floor_spawned":[4,7,14,16,19,30],"seed_played":"-7370094796554404505","killed_by":"Collector","ascension_level":0,"is_trial":false}