{"gold_per_floor":[114,114,39,4,4,4,35,35,35,53,65,65,92,109,109,210,210,226,226,126,146,164,164,194,194,194,213,113,212,212,227,227,227],"floor_reached":33,"playtime":1217,"items_purged":["Strike_R","Strike_R","Strike_R"],"score":462,"play_id":"f99413ec-929b-452a-b1b5-40dc4824d850","local_time":"20180824061823","is_ascension_mode":true,"campfire_choices":[{"data":"Whirlwind","floor":6,"key":"SMITH"},{"data":"Defend_R","floor":8,"key":"SMITH"},{"data":"Berserk","floor":15,"key":"SMITH"},{"data":"Flame Barrier","floor":23,"key":"SMITH"},{"data":"Immolate","floor":25,"key":"SMITH"},{"data":"Seeing Red","floor":30,"key":"SMITH"},{"data":"Defend_R","floor":32,"key":"SMITH"}],"neow_cost":"NONE","seed_source_timestamp":218644480219201,"circlet_count":0,"master_deck":["Defend_R+1","Defend_R","Defend_R","Defend_R+1","Bash+1","AscendersBane","Whirlwind+1","Dropkick","Berserk+1","Flame Barrier+1","Immolate+1","Flame Barrier+1","Body Slam+1","Seeing Red+1"],"relics":["Burning Blood","Red Skull","Meat on the Bone","Mercury Hourglass","Sozu","Gambling Chip","The Courier"],"potions_floor_usage":[11,13],"damage_taken":[{"damage":5,"enemies":"2 Louse","floor":1,"turns":4},{"damage":32,"enemies":"Gremlin Nob","floor":7,"turns":4},{"damage":1,"enemies":"Cultist","floor":10,"turns":3},{"damage":9,"enemies":"Small Slimes","floor":11,"turns":6},{"damage":27,"enemies":"Lagavulin","floor":13,"turns":6},{"damage":0,"enemies":"3 Louse","floor":14,"turns":1},{"damage":38,"enemies":"Hexaghost","floor":16,"turns":9},{"damage":27,"enemies":"Shell Parasite","floor":18,"turns":5},{"damage":0,"enemies":"3 Byrds","floor":21,"turns":2},{"damage":17,"enemies":"Centurion and Healer","floor":22,"turns":5},{"damage":0,"enemies":"Gremlin Leader","floor":24,"turns":4},{"damage":0,"enemies":"3 Cultists","floor":27,"turns":2},{"damage":0,"enemies":"Cultist and Chosen","floor":31,"turns":3},{"damage":98,"enemies":"Champ","floor":33,"turns":10}],"seed_played":"-5878029922311380328","potions_obtained":[{"floor":7,"key":"Regen Potion"},{"floor":11,"key":"BloodPotion"},{"floor":16,"key":"LiquidBronze"}],"is_trial":false,"path_per_floor":["M","?","$","?","?","R","E","R","T","M","M","$","E","M","R","B",null,"M","?","$","M","M","R","E","R","T","M","$","?","R","M","R"],"character_chosen":"IRONCLAD","items_purchased":[],"campfire_rested":0,"item_purchase_floors":[],"current_hp_per_floor":[73,73,73,80,73,73,47,47,47,52,64,64,51,57,57,37,69,48,74,74,80,69,69,75,75,75,80,80,80,80,80,80,0],"gold":227,"neow_bonus":"UPGRADE_CARD","is_prod":false,"is_daily":false,"chose_seed":false,"campfire_upgraded":7,"win_rate":0,"timestamp":1535062703,"path_taken":["M","?","$","?","?","R","E","R","T","M","?","$","E","M","R","BOSS","M","?","$","M","M","R","E","R","T","M","$","?","R","M","R","BOSS"],"build_version":"2018-08-16","purchased_purges":3,"victory":false,"max_hp_per_floor":[80,80,80,80,80,80,80,80,80,80,80,80,80,80,80,80,80,80,80,80,80,80,80,80,80,80,80,80,80,80,80,80,80],"card_choices":[{"not_picked":["Shrug It Off","Thunderclap"],"picked":"Whirlwind","floor":1},{"not_picked":["Warcry","Corruption","Sever Soul"],"picked":"SKIP","floor":7},{"not_picked":["Shrug It Off","Warcry"],"picked":"Dropkick","floor":10},{"not_picked":["Entrench","Fire Breathing","Flex"],"picked":"SKIP","floor":11},{"not_picked":["Iron Wave","Havoc"],"picked":"Berserk","floor":13},{"not_picked":["Carnage","Burning Pact"],"picked":"Flame Barrier","floor":14},{"not_picked":["Exhume","Fiend Fire"],"picked":"Immolate","floor":16},{"not_picked":["Pummel+1","Disarm"],"picked":"Flame Barrier+1","floor":18},{"not_picked":["Body Slam","Havoc","Pommel Strike"],"picked":"SKIP","floor":21},{"not_picked":["Burning Pact","Armaments","Infernal Blade"],"picked":"SKIP","floor":22},{"not_picked":["Fire Breathing+1","Headbutt"],"picked":"Body Slam+1","floor":24},{"not_picked":["Anger","Headbutt"],"picked":"Seeing Red","floor":27},{"not_picked":["Infernal Blade+1","Iron Wave","Havoc"],"picked":"SKIP","floor":31}],"player_experience":498075,"relics_obtained":[{"floor":7,"key":"Red Skull"},{"floor":9,"key":"Meat on the Bone"},{"floor":13,"key":"Mercury Hourglass"},{"floor":24,"key":"Gambling Chip"},{"floor":26,"key":"The Courier"}],"event_choices":[{"event_name":"Purifier","player_choice":"One Purge","floor":2,"damage_taken":0},{"event_name":"The Cleric","player_choice":"Healed","floor":4,"damage_taken":0},{"event_name":"Golden Wing","player_choice":"Card Removal","floor":5,"damage_taken":0},{"event_name":"The Library","player_choice":"Heal","floor":19,"damage_taken":0},{"event_name":"Nest","player_choice":"Stole From Cult","floor":29,"damage_taken":0}],"is_beta":false,"boss_relics":[{"not_picked":["Pandora\u0027s Box","Runic Cube"],"picked":"Sozu"}],"items_purged_floors":[3,20,28],"is_endless":false,"potions_floor_spawned":[7,11,16,22,24],"killed_by":"Champ","ascension_level":11}