{"gold_per_floor":[113,38,38,38,49,83,108,108,108,136,150,132,132,202,202,301,301,319,331,331],"floor_reached":20,"playtime":744,"items_purged":["Strike_R"],"score":331,"play_id":"3c7f7d6b-388c-4206-980a-841ea90e2ac8","local_time":"20181215131541","is_ascension_mode":true,"campfire_choices":[{"data":"Rampage","floor":8,"key":"SMITH"},{"floor":13,"key":"REST"},{"data":"Ghostly Armor","floor":15,"key":"SMITH"}],"neow_cost":"NONE","seed_source_timestamp":240626582790618,"circlet_count":0,"master_deck":["AscendersBane","Strike_R","Strike_R","Strike_R","Strike_R","Defend_R","Defend_R","Defend_R","Defend_R","Bash","Rampage+1","Shrug It Off","Ghostly Armor+1","Clothesline+1","Anger+1","Bludgeon+1","Flame Barrier"],"relics":["Burning Blood","NeowsBlessing","Pantograph","Odd Mushroom","Molten Egg 2","The Courier","Gremlin Horn","Eternal Feather"],"potions_floor_usage":[7,16],"damage_taken":[{"damage":0,"enemies":"Cultist","floor":1,"turns":1},{"damage":0,"enemies":"2 Louse","floor":5,"turns":1},{"damage":0,"enemies":"Gremlin Nob","floor":6,"turns":1},{"damage":29,"enemies":"The Mushroom Lair","floor":7,"turns":6},{"damage":43,"enemies":"Lagavulin","floor":10,"turns":8},{"damage":4,"enemies":"Jaw Worm","floor":11,"turns":5},{"damage":12,"enemies":"Exordium Thugs","floor":12,"turns":4},{"damage":29,"enemies":"Slime Boss","floor":16,"turns":12},{"damage":43,"enemies":"2 Thieves","floor":18,"turns":4},{"damage":11,"enemies":"Chosen","floor":19,"turns":5},{"damage":40,"enemies":"Shelled Parasite and Fungi","floor":20,"turns":5}],"seed_played":"-19974347954920618","potions_obtained":[{"floor":1,"key":"GamblersBrew"},{"floor":5,"key":"Energy Potion"}],"is_trial":false,"path_per_floor":["M","$","?","$","M","E","?","R","T","E","M","M","R","T","R","B",null,"M","M","M"],"character_chosen":"IRONCLAD","items_purchased":[],"campfire_rested":1,"item_purchase_floors":[],"current_hp_per_floor":[78,78,78,78,80,80,57,57,57,20,22,16,40,40,40,42,71,34,29,0],"gold":331,"neow_bonus":"THREE_ENEMY_KILL","is_prod":false,"is_daily":false,"chose_seed":false,"campfire_upgraded":2,"win_rate":0,"timestamp":1544850941,"path_taken":["M","?","?","$","M","E","?","R","T","E","?","M","R","?","R","BOSS","M","M","?"],"build_version":"2018-12-13","purchased_purges":1,"victory":false,"max_hp_per_floor":[80,80,80,80,80,80,80,80,80,80,80,80,80,80,80,80,80,80,80,80],"card_choices":[{"not_picked":["Metallicize","Armaments"],"picked":"Rampage","floor":1},{"not_picked":["Rage","Anger"],"picked":"Shrug It Off","floor":5},{"not_picked":["Heavy Blade","Warcry","Dual Wield"],"picked":"SKIP","floor":6},{"not_picked":["Offering","Warcry"],"picked":"Ghostly Armor","floor":7},{"not_picked":["Shockwave","Second Wind"],"picked":"Clothesline+1","floor":10},{"not_picked":["Shrug It Off","Armaments","Wild Strike+1"],"picked":"SKIP","floor":11},{"not_picked":["Shrug It Off","Disarm"],"picked":"Anger+1","floor":12},{"not_picked":["Berserk","Juggernaut"],"picked":"Bludgeon+1","floor":16},{"not_picked":["Armaments","Searing Blow+1","Shrug It Off"],"picked":"SKIP","floor":18},{"not_picked":["Cleave+1","Searing Blow+1"],"picked":"Flame Barrier","floor":19}],"player_experience":570933,"relics_obtained":[{"floor":6,"key":"Pantograph"},{"floor":7,"key":"Odd Mushroom"},{"floor":9,"key":"Molten Egg 2"},{"floor":10,"key":"The Courier"},{"floor":14,"key":"Gremlin Horn"}],"event_choices":[{"damage_healed":0,"gold_gain":0,"player_choice":"Ignored","damage_taken":0,"max_hp_gain":0,"max_hp_loss":0,"event_name":"Liars Game","floor":3,"gold_loss":0},{"damage_healed":0,"gold_gain":0,"player_choice":"Fought Mushrooms","damage_taken":0,"max_hp_gain":0,"max_hp_loss":0,"event_name":"Mushrooms","floor":7,"gold_loss":0}],"is_beta":false,"boss_relics":[{"not_picked":["Runic Dome","Philosopher\u0027s Stone"],"picked":"Eternal Feather"}],"items_purged_floors":[2],"is_endless":false,"potions_floor_spawned":[1,5,6],"killed_by":"Shelled Parasite and Fungi","ascension_level":12}