{"gold_per_floor":[17,117,135,135,146,146,159,159,159,174,99,110,110,110,110,210,210,226,246,146,146,159,159,159,159,159,159,159],"floor_reached":28,"playtime":1652,"items_purged":["Strike_R","Defend_R"],"score":275,"play_id":"3668f3b6-4aaa-4ea1-917b-5cf823c6c56a","local_time":"20180810190905","is_ascension_mode":true,"campfire_choices":[{"data":"Combust","floor":6,"key":"SMITH"},{"data":"Bash","floor":8,"key":"SMITH"},{"data":"Clash","floor":13,"key":"SMITH"},{"data":"Defend_R","floor":15,"key":"SMITH"},{"data":"Feed","floor":23,"key":"SMITH"},{"data":"Defend_R","floor":25,"key":"SMITH"}],"neow_cost":"NO_GOLD","seed_source_timestamp":386305277531362,"circlet_count":0,"master_deck":["Defend_R+1","Defend_R","Defend_R+1","Bash+1","Combust+1","Clash+1","Feed+1","Rage+1","Decay","Armaments+1","Bite","Bite","Bite","Bite","Bite"],"relics":["Burning Blood","Ginger","Dream Catcher","Runic Pyramid","Darkstone Periapt"],"potions_floor_usage":[16,16,22,22],"damage_taken":[{"damage":5,"enemies":"Small Slimes","floor":1,"turns":3},{"damage":4,"enemies":"Cultist","floor":3,"turns":3},{"damage":8,"enemies":"2 Louse","floor":5,"turns":3},{"damage":11,"enemies":"2 Fungi Beasts","floor":7,"turns":3},{"damage":2,"enemies":"3 Louse","floor":10,"turns":3},{"damage":17,"enemies":"Exordium Thugs","floor":12,"turns":3},{"damage":40,"enemies":"The Guardian","floor":16,"turns":9},{"damage":28,"enemies":"Shell Parasite","floor":18,"turns":7},{"damage":16,"enemies":"Chosen","floor":19,"turns":5},{"damage":69,"enemies":"Centurion and Healer","floor":22,"turns":11},{"damage":33,"enemies":"Book of Stabbing","floor":28,"turns":4}],"seed_played":"9216101591315135710","potions_obtained":[{"floor":1,"key":"Ancient Potion"},{"floor":10,"key":"Regen Potion"},{"floor":12,"key":"LiquidBronze"},{"floor":16,"key":"BloodPotion"},{"floor":18,"key":"GamblersBrew"}],"is_trial":false,"path_per_floor":["M","?","M","?","M","R","M","R","T","M","$","M","R","?","R","B",null,"M","M","$","?","M","R","?","R","T","?"],"character_chosen":"IRONCLAD","items_purchased":[],"campfire_rested":0,"item_purchase_floors":[],"current_hp_per_floor":[80,80,80,85,83,83,78,78,78,82,82,71,71,71,71,37,85,63,53,53,53,16,16,16,16,16,16,0],"gold":159,"neow_bonus":"ONE_RARE_RELIC","is_prod":false,"is_daily":false,"chose_seed":false,"campfire_upgraded":6,"win_rate":0,"timestamp":1533899345,"path_taken":["M","?","M","?","M","R","M","R","T","M","$","M","R","?","R","BOSS","M","M","$","?","M","R","?","R","T","?","E"],"build_version":"2018-08-09","purchased_purges":2,"victory":false,"max_hp_per_floor":[80,80,80,85,85,85,85,85,85,85,85,85,85,85,85,85,85,85,85,85,85,88,88,88,88,88,61,61],"card_choices":[{"not_picked":["Twin Strike","Wild Strike"],"picked":"Combust","floor":1},{"not_picked":["Sword Boomerang","Wild Strike","Uppercut"],"picked":"SKIP","floor":3},{"not_picked":["Anger","Headbutt","Iron Wave"],"picked":"SKIP","floor":5},{"not_picked":["Sword Boomerang","Body Slam","Armaments"],"picked":"SKIP","floor":7},{"not_picked":["Havoc","Thunderclap","Warcry"],"picked":"SKIP","floor":10},{"not_picked":["Metallicize","Twin Strike"],"picked":"Clash","floor":12},{"not_picked":["Fiend Fire","Juggernaut"],"picked":"Feed","floor":16},{"not_picked":["Uppercut","Clothesline","Entrench+1"],"picked":"SKIP","floor":18},{"not_picked":["Warcry","Evolve"],"picked":"Rage+1","floor":19},{"not_picked":["True Grit","Headbutt"],"picked":"Armaments+1","floor":22}],"player_experience":339217,"relics_obtained":[{"floor":9,"key":"Dream Catcher"},{"floor":26,"key":"Darkstone Periapt"}],"event_choices":[{"event_name":"Golden Shrine","player_choice":"Pray","floor":2,"damage_taken":0},{"event_name":"Big Fish","player_choice":"Donut","floor":4,"damage_taken":0},{"event_name":"Bonfire Elementals","player_choice":"BASIC","floor":14,"damage_taken":0},{"event_name":"Wheel of Change","player_choice":"Curse","floor":21,"damage_taken":0},{"event_name":"The Mausoleum","player_choice":"No","floor":24,"damage_taken":0},{"event_name":"Vampires","player_choice":"Became a vampire","floor":27,"damage_taken":0}],"is_beta":false,"boss_relics":[{"not_picked":["Fusion Hammer","Velvet Choker"],"picked":"Runic Pyramid"}],"items_purged_floors":[11,20],"is_endless":false,"potions_floor_spawned":[1,10,12,16,18],"killed_by":"Book of Stabbing","ascension_level":4}