{"path_per_floor":["M","M","M","?","$","R","$","R","T","R","M","M","$","M","R","B",null,"M","?","?","?","M","R","$","R","T","R","M","$","T","M","R"],"character_chosen":"DEFECT","items_purchased":["Capacitor","Cold Snap","Creative AI","Regen Potion"],"gold_per_floor":[117,132,147,222,150,150,75,75,99,99,118,136,11,21,21,121,121,135,135,135,0,15,15,15,15,15,15,32,32,32,46,46,46],"floor_reached":33,"campfire_rested":1,"playtime":1471,"current_hp_per_floor":[75,72,67,56,56,56,56,56,56,56,39,39,39,38,38,19,75,50,34,59,59,55,55,55,55,55,55,33,33,33,10,32,0],"items_purged":["Strike_B"],"gold":46,"score":270,"play_id":"d940f445-8eda-48a1-8c92-7a3bd8231d1b","local_time":"20180427122721","is_prod":false,"is_daily":false,"chose_seed":false,"is_ascension_mode":true,"campfire_upgraded":7,"timestamp":1524850041,"path_taken":["M","M","?","?","$","R","$","R","T","R","M","?","$","M","R","BOSS","M","?","?","?","?","R","$","R","T","R","M","$","?","M","R","BOSS"],"build_version":"2018-04-26v2","seed_source_timestamp":1743366165795,"purchased_purges":1,"victory":false,"master_deck":["Strike_B+1","Strike_B","Strike_B+1","Defend_B","Defend_B","Defend_B","Defend_B","Zap+1","Dualcast","Stack","Allocate+1","Capacitor+1","Cold Snap+1","Ball Lightning","Creative AI+1","White Noise+1","Leap","Coolheaded+1","Ball Lightning","Impulse+1","Storm","Reinforced Body+1"],"max_hp_per_floor":[75,75,75,75,75,75,75,75,75,75,75,75,75,75,75,75,75,75,75,75,75,75,75,75,75,75,75,75,75,75,75,75,75],"relics":["Cracked Core","Whetstone","Orrery","Enchiridion","Calipers","Ornamental Fan"],"card_choices":[{"not_picked":["Streamline","Beam Cell"],"picked":"Stack","floor":1},{"not_picked":["Leap","Impulse"],"picked":"Allocate","floor":2},{"not_picked":["Go for the Eyes","Stack"],"picked":"Ball Lightning","floor":11},{"not_picked":["Reprogram","Ball Lightning"],"picked":"White Noise","floor":17},{"not_picked":["Axe Kick","Self Repair"],"picked":"Leap","floor":17},{"not_picked":["Conserve Battery","Reprogram"],"picked":"Coolheaded","floor":17},{"not_picked":["Streamline","Beam Cell"],"picked":"Ball Lightning","floor":18},{"not_picked":["Skim","Redo"],"picked":"Impulse","floor":22},{"not_picked":["Go for the Eyes","Self Repair"],"picked":"Storm","floor":28},{"not_picked":["Sweeping Beam","Coolheaded"],"picked":"Reinforced Body","floor":31}],"player_experience":52441,"potions_floor_usage":[14,31],"damage_taken":[{"damage":0,"enemies":"Cultist","floor":1,"turns":4},{"damage":3,"enemies":"Jaw Worm","floor":2,"turns":4},{"damage":5,"enemies":"Small Slimes","floor":3,"turns":3},{"damage":17,"enemies":"Exordium Thugs","floor":11,"turns":5},{"damage":0,"enemies":"Large Slime","floor":12,"turns":4},{"damage":7,"enemies":"Exordium Wildlife","floor":14,"turns":3},{"damage":19,"enemies":"The Guardian","floor":16,"turns":9},{"damage":25,"enemies":"Shell Parasite","floor":18,"turns":9},{"damage":11,"enemies":"Spheric Guardian","floor":22,"turns":5},{"damage":22,"enemies":"Centurion and Healer","floor":28,"turns":7},{"damage":23,"enemies":"Snecko","floor":31,"turns":4},{"damage":70,"enemies":"Automaton","floor":33,"turns":6}],"event_choices":[{"event_name":"World of Goop","player_choice":"Gather Gold","floor":4,"damage_taken":0},{"event_name":"Cursed Tome","player_choice":"Obtained Book","floor":19,"damage_taken":0},{"event_name":"The Library","player_choice":"Heal","floor":20,"damage_taken":0},{"event_name":"Masked Bandits","player_choice":"Paid Bandits 135 gold","floor":21,"damage_taken":0}],"boss_relics":[{"not_picked":["White Beast Statue","Nuclear Battery"],"picked":"Orrery"}],"potions_floor_spawned":[11,16,18,22],"seed_played":"-3633013512772239726","killed_by":"Automaton","ascension_level":3,"is_trial":false}