{"gold_per_floor":[111,36,36,36,57,91,91,131,157,157,157,176,207,226,226,319,319,333,358,358,358,373,373,417,417,417,417,429,429,459,216,216,290,290,310,410,420,432,212,212,246,246,246,246,261,271,271,283,295,307],"floor_reached":50,"playtime":1860,"items_purged":["Defend_R"],"score":1133,"play_id":"422d1379-f741-4d02-a29d-1687b529e2fc","local_time":"20190609181007","is_ascension_mode":true,"campfire_choices":[{"data":"Bash","floor":7.0,"key":"SMITH"},{"floor":11.0,"key":"REST"},{"data":"Clash","floor":15.0,"key":"SMITH"},{"data":"Shockwave","floor":23.0,"key":"SMITH"},{"floor":25.0,"key":"REST"},{"data":"Double Tap","floor":32.0,"key":"SMITH"},{"floor":40.0,"key":"DIG"},{"floor":42.0,"key":"DIG"},{"floor":44.0,"key":"DIG"},{"floor":47.0,"key":"DIG"},{"floor":49.0,"key":"DIG"}],"neow_cost":"NONE","seed_source_timestamp":674744506281840,"circlet_count":0,"master_deck":["AscendersBane","Strike_R","Defend_R","Bash+1","Inflame","Intimidate","Cleave","Clash+1","Shockwave+1","Feel No Pain","Reaper","Headbutt+1","Second Wind+1","Havoc+1","Shockwave","Double Tap+1","Clash","Metallicize","Limit Break","Sword Boomerang+1","Flex+1","Sword Boomerang+1"],"special_seed":0,"relics":["Burning Blood","NeowsBlessing","Bloody Idol","Juzu Bracelet","Ginger","Dream Catcher","Matryoshka","Astrolabe","Bag of Preparation","Boot","Gremlin Horn","MutagenicStrength","Pen Nib","Tiny Chest","PreservedInsect","Cursed Key","Shovel","TheAbacus","Incense Burner","Oddly Smooth Stone","Ice Cream","Ornamental Fan","MawBank","Lantern"],"potions_floor_usage":[],"damage_taken":[{"damage":0.0,"enemies":"Jaw Worm","floor":1.0,"turns":1.0},{"damage":0.0,"enemies":"2 Louse","floor":5.0,"turns":1.0},{"damage":0.0,"enemies":"Lagavulin","floor":6.0,"turns":2.0},{"damage":30.0,"enemies":"3 Sentries","floor":8.0,"turns":8.0},{"damage":1.0,"enemies":"Small Slimes","floor":12.0,"turns":3.0},{"damage":32.0,"enemies":"Gremlin Nob","floor":13.0,"turns":4.0},{"damage":4.0,"enemies":"2 Fungi Beasts","floor":14.0,"turns":3.0},{"damage":36.0,"enemies":"The Guardian","floor":16.0,"turns":7.0},{"damage":27.0,"enemies":"Spheric Guardian","floor":18.0,"turns":5.0},{"damage":6.0,"enemies":"3 Byrds","floor":19.0,"turns":5.0},{"damage":18.0,"enemies":"Centurion and Healer","floor":22.0,"turns":5.0},{"damage":55.0,"enemies":"Gremlin Leader","floor":24.0,"turns":8.0},{"damage":25.0,"enemies":"Snake Plant","floor":28.0,"turns":4.0},{"damage":50.0,"enemies":"Collector","floor":33.0,"turns":8.0},{"damage":14.0,"enemies":"Orb Walker","floor":35.0,"turns":3.0},{"damage":21.0,"enemies":"Mind Bloom Boss Battle","floor":36.0,"turns":6.0},{"damage":11.0,"enemies":"3 Darklings","floor":37.0,"turns":3.0},{"damage":42.0,"enemies":"Transient","floor":38.0,"turns":6.0},{"damage":0.0,"enemies":"Giant Head","floor":41.0,"turns":4.0},{"damage":0.0,"enemies":"Sphere and 2 Shapes","floor":45.0,"turns":1.0},{"damage":6.0,"enemies":"Jaw Worm Horde","floor":46.0,"turns":3.0},{"damage":84,"enemies":"Awakened One","floor":50,"turns":7}],"seed_played":"7603732399911525594","potions_obtained":[{"floor":1.0,"key":"AttackPotion"},{"floor":6.0,"key":"Strength Potion"},{"floor":12.0,"key":"PowerPotion"},{"floor":14.0,"key":"Energy Potion"},{"floor":16.0,"key":"Regen Potion"},{"floor":24.0,"key":"Poison Potion"},{"floor":28.0,"key":"Regen Potion"},{"floor":37.0,"key":"Fire Potion"},{"floor":41.0,"key":"EssenceOfSteel"},{"floor":45.0,"key":"Energy Potion"}],"is_trial":false,"path_per_floor":["M","?","$","?","M","E","R","E","T","?","R","M","E","M","R","B",null,"M","M","?","?","M","R","E","R","T","?","M","?","T","$","R","B",null,"M","?","M","M","$","R","E","R","T","R","M","M","R","T","R","B"],"character_chosen":"IRONCLAD","items_purchased":["PreservedInsect","TheAbacus"],"campfire_rested":2,"item_purchase_floors":[31,39],"current_hp_per_floor":[74,74,74,48,54,60,60,36,36,36,58,63,37,39,39,9,59,43,65,65,65,71,71,37,59,59,59,54,54,59,59,59,35,65,71,73,75,65,65,65,75,75,75,75,75,75,75,75,75,0],"gold":307,"neow_bonus":"THREE_ENEMY_KILL","is_prod":false,"is_daily":false,"chose_seed":false,"campfire_upgraded":4,"win_rate":0,"timestamp":1560075007,"path_taken":["M","?","$","?","M","E","R","E","T","?","R","M","E","M","R","BOSS","M","M","?","?","M","R","E","R","T","?","M","?","?","$","R","BOSS","M","?","M","M","$","R","E","R","T","R","M","M","R","?","R","BOSS"],"build_version":"2019-01-23","purchased_purges":1,"victory":false,"max_hp_per_floor":[75,75,75,75,75,75,75,75,75,75,75,75,75,75,75,75,75,75,75,75,75,75,75,75,75,75,75,75,75,75,75,75,75,75,75,75,75,75,75,75,75,75,75,75,75,75,75,75,75,75],"card_choices":[{"not_picked":["Dual Wield","True Grit"],"picked":"Inflame","floor":1.0},{"not_picked":["Hemokinesis","Havoc"],"picked":"Intimidate","floor":5.0},{"not_picked":["Entrench","Warcry","Headbutt"],"picked":"SKIP","floor":6.0},{"not_picked":["Clash","Flex"],"picked":"Cleave","floor":8.0},{"not_picked":["Body Slam","Dropkick"],"picked":"Clash","floor":12.0},{"not_picked":["Whirlwind","Warcry"],"picked":"Shockwave","floor":13.0},{"not_picked":["Hemokinesis","Heavy Blade"],"picked":"Feel No Pain","floor":14.0},{"not_picked":["Fiend Fire","Barricade"],"picked":"Reaper","floor":16.0},{"not_picked":["Sword Boomerang","Iron Wave","Seeing Red"],"picked":"SKIP","floor":18.0},{"not_picked":["Entrench","Ghostly Armor"],"picked":"Shockwave","floor":19.0},{"not_picked":["Headbutt","Flex","Clothesline"],"picked":"SKIP","floor":22.0},{"not_picked":["Warcry","Clothesline+1"],"picked":"Double Tap","floor":24.0},{"not_picked":["Wild Strike","Headbutt"],"picked":"Clash","floor":25.0},{"not_picked":["Pommel Strike","Cleave"],"picked":"Metallicize","floor":28.0},{"not_picked":["Immolate","Juggernaut"],"picked":"Limit Break","floor":33.0},{"not_picked":["Infernal Blade+1","Evolve","Perfected Strike"],"picked":"SKIP","floor":35.0},{"not_picked":["Sever Soul+1","Thunderclap","Clothesline"],"picked":"SKIP","floor":37.0},{"not_picked":["Pommel Strike","Fire Breathing","Burning Pact+1"],"picked":"SKIP","floor":38.0},{"not_picked":["Clothesline","Wild Strike"],"picked":"Sword Boomerang+1","floor":41.0},{"not_picked":["Brutality","Uppercut"],"picked":"Flex+1","floor":45.0},{"not_picked":["Pommel Strike","Second Wind"],"picked":"Sword Boomerang+1","floor":46.0}],"player_experience":656956,"relics_obtained":[{"floor":6.0,"key":"Juzu Bracelet"},{"floor":8.0,"key":"Ginger"},{"floor":9.0,"key":"Dream Catcher"},{"floor":13.0,"key":"Matryoshka"},{"floor":24.0,"key":"Bag of Preparation"},{"floor":26.0,"key":"Boot"},{"floor":26.0,"key":"Gremlin Horn"},{"floor":30.0,"key":"Pen Nib"},{"floor":30.0,"key":"Tiny Chest"},{"floor":36.0,"key":"Shovel"},{"floor":40.0,"key":"Incense Burner"},{"floor":41.0,"key":"Oddly Smooth Stone"},{"floor":42.0,"key":"Ice Cream"},{"floor":44.0,"key":"Ornamental Fan"},{"floor":47.0,"key":"MawBank"},{"floor":49.0,"key":"Lantern"}],"event_choices":[{"cards_removed":["Strike_R"],"damage_healed":0.0,"max_hp_gain":0.0,"max_hp_loss":0.0,"gold_gain":0.0,"event_name":"The Cleric","player_choice":"Card Removal","floor":2.0,"gold_loss":75.0,"damage_taken":0.0},{"damage_healed":0.0,"max_hp_gain":0.0,"max_hp_loss":0.0,"gold_gain":0.0,"event_name":"Golden Idol","player_choice":"Take Damage","floor":4.0,"gold_loss":0.0,"damage_taken":26.0,"relics_obtained":["Golden Idol"]},{"cards_removed":["Defend_R"],"damage_healed":0.0,"max_hp_gain":0.0,"max_hp_loss":0.0,"gold_gain":0.0,"event_name":"Living Wall","player_choice":"Forget","floor":10.0,"gold_loss":0.0,"damage_taken":0.0},{"damage_healed":0.0,"max_hp_gain":0.0,"max_hp_loss":0.0,"gold_gain":0.0,"event_name":"The Mausoleum","player_choice":"Ignored","floor":20.0,"gold_loss":0.0,"damage_taken":0.0},{"cards_removed":["Strike_R"],"damage_healed":0.0,"max_hp_gain":0.0,"max_hp_loss":0.0,"gold_gain":0.0,"event_name":"Back to Basics","player_choice":"Elegance","floor":21.0,"gold_loss":0.0,"damage_taken":0.0},{"damage_healed":0.0,"max_hp_gain":0.0,"max_hp_loss":0.0,"gold_gain":0.0,"event_name":"Forgotten Altar","player_choice":"Gave Idol","floor":27.0,"relics_lost":["Golden Idol"],"gold_loss":0.0,"damage_taken":0.0,"relics_obtained":["Bloody Idol"]},{"damage_healed":0.0,"max_hp_gain":0.0,"max_hp_loss":0.0,"gold_gain":0.0,"event_name":"Drug Dealer","player_choice":"Inject Mutagens","floor":29.0,"gold_loss":0.0,"damage_taken":0.0,"relics_obtained":["MutagenicStrength"]},{"damage_healed":0.0,"max_hp_gain":0.0,"max_hp_loss":0.0,"gold_gain":0.0,"event_name":"MindBloom","player_choice":"Fight","floor":36.0,"gold_loss":0.0,"damage_taken":0.0}],"is_beta":false,"boss_relics":[{"not_picked":["Busted Crown","Runic Pyramid"],"picked":"Astrolabe"},{"not_picked":["Calling Bell","Empty Cage"],"picked":"Cursed Key"}],"items_purged_floors":[31],"is_endless":false,"potions_floor_spawned":[1,6,12,14,16,24,28,37,41,45],"killed_by":"Awakened One","ascension_level":19}