{"path_per_floor":["M","$","?","?","M","?","M","R","T","R","$","M","R","M","R","B",null,"M"],"character_chosen":"DEFECT","items_purchased":["Leap","Capacitor","Capacitor"],"gold_per_floor":[115,13,13,13,26,26,36,36,63,63,12,23,23,38,38,136,136,149,149],"floor_reached":19,"campfire_rested":0,"playtime":651,"current_hp_per_floor":[75,75,80,80,77,77,77,77,77,77,77,71,71,68,68,50,80,38,0],"items_purged":[],"gold":149,"score":181,"play_id":"d904c4f2-8529-4970-8cb8-79ab9c945528","local_time":"20180427124815","is_prod":false,"is_daily":false,"chose_seed":false,"is_ascension_mode":true,"campfire_upgraded":4,"timestamp":1524851295,"path_taken":["M","$","?","?","?","?","M","R","T","R","?","M","R","M","R","BOSS","M","M"],"build_version":"2018-04-26v2","seed_source_timestamp":3815455253619,"purchased_purges":0,"victory":false,"master_deck":["Strike_B","Strike_B","Strike_B","Defend_B","Defend_B","Defend_B","Defend_B","Zap","Dualcast","Tempest+1","Leap+1","Capacitor+1","Defragment+1","Coolheaded","Capacitor","Impulse","Impulse","Machine Learning","Self Repair+1"],"max_hp_per_floor":[75,75,80,80,80,80,80,80,80,80,80,80,80,80,80,80,80,80,80],"relics":["Philosopher\u0027s Stone","Oddly Smooth Stone","Sozu"],"card_choices":[{"not_picked":["Barrage","Double Energy"],"picked":"Tempest","floor":1},{"not_picked":["Blizzard","Auto Shields"],"picked":"Coolheaded","floor":7},{"not_picked":["Axe Kick","Streamline"],"picked":"Impulse","floor":12},{"not_picked":["Darkness","Turbo"],"picked":"Impulse","floor":14},{"not_picked":["Amplify","Multi-Cast"],"picked":"Machine Learning","floor":16},{"not_picked":["Leap","Capacitor"],"picked":"Self Repair","floor":18}],"player_experience":53912,"potions_floor_usage":[16,16],"damage_taken":[{"damage":0,"enemies":"Small Slimes","floor":1,"turns":3},{"damage":3,"enemies":"Jaw Worm","floor":5,"turns":3},{"damage":0,"enemies":"Cultist","floor":7,"turns":3},{"damage":6,"enemies":"2 Fungi Beasts","floor":12,"turns":3},{"damage":3,"enemies":"Blue Slaver","floor":14,"turns":3},{"damage":18,"enemies":"The Guardian","floor":16,"turns":7},{"damage":42,"enemies":"2 Thieves","floor":18,"turns":4},{"damage":38,"enemies":"3 Byrds","floor":19,"turns":2}],"event_choices":[{"event_name":"Big Fish","player_choice":"Donut","floor":3,"damage_taken":0},{"event_name":"The Cleric","player_choice":"Leave","floor":4,"damage_taken":0},{"event_name":"Living Wall","player_choice":"Change","floor":6,"damage_taken":0}],"boss_relics":[{"not_picked":["Snecko Eye","Tiny House"],"picked":"Sozu"}],"potions_floor_spawned":[1,12],"seed_played":"247637012736363945","killed_by":"3 Byrds","ascension_level":3,"is_trial":false}