{"gold_per_floor":[115,133,133,133,143,143,172,172,218,264,294,306,332,358,370,382],"floor_reached":16,"playtime":2517,"items_purged":[],"score":112,"play_id":"b8891de4-314d-4736-ae9d-cf21e26e4a7a","local_time":"20190121234237","is_ascension_mode":false,"campfire_choices":[{"data":"Turbo","floor":6,"key":"SMITH"},{"floor":8,"key":"REST"},{"floor":12,"key":"REST"},{"data":"Buffer","floor":15,"key":"SMITH"}],"neow_cost":"NONE","seed_source_timestamp":13584953737800,"circlet_count":0,"master_deck":["Strike_B","Defend_B","Defend_B","Defend_B","Defend_B","Zap","Dualcast","Turbo+1","Skim","Fusion","Go for the Eyes","Echo Form","Sweeping Beam","Auto Shields","Rebound","Buffer+1"],"relics":["Cracked Core","Potion Belt","MawBank","Thread and Needle"],"potions_floor_usage":[11,13,14,16],"damage_taken":[{"damage":1,"enemies":"Jaw Worm","floor":1,"turns":3},{"damage":0,"enemies":"2 Louse","floor":2,"turns":2},{"damage":0,"enemies":"Cultist","floor":5,"turns":4},{"damage":48,"enemies":"3 Sentries","floor":7,"turns":10},{"damage":26,"enemies":"Lagavulin","floor":10,"turns":7},{"damage":0,"enemies":"Looter","floor":11,"turns":3},{"damage":1,"enemies":"Large Slime","floor":13,"turns":6},{"damage":16,"enemies":"Lots of Slimes","floor":14,"turns":4},{"damage":28,"enemies":"The Guardian","floor":16,"turns":12}],"seed_played":"8071861641740022795","potions_obtained":[{"floor":7,"key":"Weak Potion"},{"floor":10,"key":"Weak Potion"},{"floor":11,"key":"Dexterity Potion"},{"floor":13,"key":"FearPotion"}],"is_trial":false,"path_per_floor":["M","M","?","?","M","R","E","R","T","E","M","R","M","M","R","B"],"character_chosen":"DEFECT","items_purchased":[],"campfire_rested":2,"item_purchase_floors":[],"current_hp_per_floor":[74,74,74,74,74,74,26,48,48,22,22,44,43,27,27,0],"gold":382,"neow_bonus":"REMOVE_CARD","is_prod":false,"is_daily":false,"chose_seed":false,"campfire_upgraded":2,"win_rate":0.0,"timestamp":1548110557,"path_taken":["M","M","?","?","M","R","E","R","T","E","?","R","M","M","R","BOSS"],"build_version":"2019-01-17v2","purchased_purges":0,"victory":false,"max_hp_per_floor":[75,75,75,75,75,75,75,75,75,75,75,75,75,75,75,75],"card_choices":[{"not_picked":["Streamline","Barrage"],"picked":"Turbo","floor":1},{"not_picked":["Conserve Battery","Sunder"],"picked":"Skim","floor":2},{"not_picked":["Static Discharge","Hologram"],"picked":"Go for the Eyes","floor":5},{"not_picked":["Fission","BootSequence"],"picked":"Echo Form","floor":7},{"not_picked":["Leap","Thunder Strike"],"picked":"Sweeping Beam","floor":10},{"not_picked":["Cold Snap","Turbo"],"picked":"Auto Shields","floor":11},{"not_picked":["Leap","Beam Cell"],"picked":"Rebound","floor":13},{"not_picked":["Turbo","Gash"],"picked":"Buffer","floor":14}],"player_experience":29698,"relics_obtained":[{"floor":7,"key":"Potion Belt"},{"floor":9,"key":"MawBank"},{"floor":10,"key":"Thread and Needle"}],"event_choices":[{"damage_healed":0,"gold_gain":0,"cards_transformed":["Strike_B"],"player_choice":"Change","damage_taken":0,"max_hp_gain":0,"max_hp_loss":0,"event_name":"Living Wall","floor":3,"gold_loss":0,"cards_obtained":["Fusion"]},{"cards_removed":["Strike_B"],"damage_healed":0,"gold_gain":0,"player_choice":"Purged","damage_taken":0,"max_hp_gain":0,"max_hp_loss":0,"event_name":"Purifier","floor":4,"gold_loss":0}],"is_beta":false,"boss_relics":[],"items_purged_floors":[],"is_endless":false,"potions_floor_spawned":[7,10,11,13],"killed_by":"The Guardian","ascension_level":0}