{"gold_per_floor":[112,37,37,37,53,53,67,105,152,152],"floor_reached":10,"playtime":330,"items_purged":["Defend_R"],"score":106,"play_id":"6cde0b03-9792-411d-a949-2b4e0d3c9205","local_time":"20181215143726","is_ascension_mode":true,"campfire_choices":[{"data":"True Grit","floor":6,"key":"SMITH"}],"neow_cost":"NONE","seed_source_timestamp":245945555437812,"circlet_count":0,"master_deck":["AscendersBane","Strike_R","Strike_R","Strike_R","Defend_R","Defend_R","Defend_R","Bash","True Grit+1","Berserk"],"relics":["Burning Blood","Golden Idol","Red Skull","Anchor"],"potions_floor_usage":[],"damage_taken":[{"damage":5,"enemies":"2 Louse","floor":1,"turns":4},{"damage":20,"enemies":"Jaw Worm","floor":5,"turns":6},{"damage":2,"enemies":"Cultist","floor":7,"turns":4},{"damage":32,"enemies":"Gremlin Nob","floor":8,"turns":4},{"damage":50,"enemies":"Lagavulin","floor":10,"turns":3}],"seed_played":"6344741019836800624","potions_obtained":[{"floor":7,"key":"AttackPotion"}],"is_trial":false,"path_per_floor":["M","$","?","?","M","R","M","E","T","E"],"character_chosen":"IRONCLAD","items_purchased":[],"campfire_rested":0,"item_purchase_floors":[],"current_hp_per_floor":[73,73,66,66,52,52,56,30,30,0],"gold":152,"neow_bonus":"TRANSFORM_CARD","is_prod":false,"is_daily":false,"chose_seed":false,"campfire_upgraded":1,"win_rate":0,"timestamp":1544855846,"path_taken":["M","$","?","?","M","R","M","E","T","E"],"build_version":"2018-12-13","purchased_purges":1,"victory":false,"max_hp_per_floor":[80,80,80,74,74,74,74,74,74,74],"card_choices":[{"not_picked":["Headbutt","True Grit","Shrug It Off"],"picked":"SKIP","floor":1},{"not_picked":["True Grit","Body Slam","Pummel"],"picked":"SKIP","floor":5},{"not_picked":["Body Slam","Flex","True Grit"],"picked":"SKIP","floor":7},{"not_picked":["Battle Trance","Warcry"],"picked":"Berserk","floor":8}],"player_experience":575019,"relics_obtained":[{"floor":8,"key":"Red Skull"},{"floor":9,"key":"Anchor"}],"event_choices":[{"cards_removed":["Strike_R"],"damage_healed":0,"gold_gain":0,"player_choice":"Card Removal","damage_taken":7,"max_hp_gain":0,"max_hp_loss":0,"event_name":"Golden Wing","floor":3,"gold_loss":0},{"damage_healed":0,"gold_gain":0,"player_choice":"Lose Max HP","damage_taken":0,"relics_obtained":["Golden Idol"],"max_hp_gain":0,"max_hp_loss":6,"event_name":"Golden Idol","floor":4,"gold_loss":0}],"is_beta":false,"boss_relics":[],"items_purged_floors":[2],"is_endless":false,"potions_floor_spawned":[7],"killed_by":"Lagavulin","ascension_level":12}