{"gold_per_floor":[111,36,47,65,15,15,42,42,42,67,67,67,100,114,114,210,210,226,213,113,131,56,56,85,85,131,131],"floor_reached":27,"playtime":1559,"items_purged":["Strike_R","Strike_R"],"score":374,"play_id":"1945e1d7-7007-4f00-a74f-704f4efbd540","local_time":"20180816105218","is_ascension_mode":true,"campfire_choices":[{"data":"Body Slam","floor":6,"key":"SMITH"},{"data":"Flame Barrier","floor":8,"key":"SMITH"},{"floor":11,"key":"REST"},{"floor":15,"key":"REST"},{"data":"Double Tap","floor":23,"key":"SMITH"},{"data":"Entrench","floor":25,"key":"SMITH"}],"neow_cost":"TEN_PERCENT_HP_LOSS","seed_source_timestamp":9730186614064,"circlet_count":0,"master_deck":["Strike_R","Defend_R","Defend_R","Defend_R","Defend_R","Bash","AscendersBane","Cleave","Headbutt","Flame Barrier","Body Slam+1","Shrug It Off","Flame Barrier+1","Double Tap+1","Entrench","Impervious","Armaments+1","Entrench+1"],"relics":["Burning Blood","Prayer Wheel","Blue Candle","Matryoshka","Oddly Smooth Stone","Sundial","Mark of Pain","Question Card","Vajra","Juzu Bracelet"],"potions_floor_usage":[7,10,16,21],"damage_taken":[{"damage":11,"enemies":"Jaw Worm","floor":1,"turns":5},{"damage":10,"enemies":"Cultist","floor":3,"turns":5},{"damage":0,"enemies":"2 Louse","floor":4,"turns":2},{"damage":9,"enemies":"3 Sentries","floor":7,"turns":7},{"damage":54,"enemies":"Lagavulin","floor":10,"turns":12},{"damage":16,"enemies":"Gremlin Nob","floor":13,"turns":4},{"damage":9,"enemies":"Exordium Thugs","floor":14,"turns":4},{"damage":33,"enemies":"Hexaghost","floor":16,"turns":10},{"damage":6,"enemies":"3 Byrds","floor":18,"turns":2},{"damage":0,"enemies":"2 Thieves","floor":19,"turns":4},{"damage":6,"enemies":"Centurion and Healer","floor":21,"turns":10},{"damage":50,"enemies":"Slavers","floor":24,"turns":8},{"damage":27,"enemies":"Book of Stabbing","floor":27,"turns":5}],"seed_played":"2074986300967040610","potions_obtained":[{"floor":1,"key":"Dexterity Potion"},{"floor":3,"key":"LiquidBronze"},{"floor":13,"key":"GamblersBrew"},{"floor":19,"key":"SkillPotion"}],"is_trial":false,"path_per_floor":["M","$","M","M","?","R","E","R","T","E","R","$","E","M","R","B",null,"M","M","$","M","?","R","E","R","T"],"character_chosen":"IRONCLAD","items_purchased":[],"campfire_rested":2,"item_purchase_floors":[],"current_hp_per_floor":[67,67,63,69,69,69,66,66,66,18,39,39,29,26,47,20,59,59,65,65,65,65,65,21,21,21,0],"gold":131,"neow_bonus":"ONE_RARE_RELIC","is_prod":false,"is_daily":false,"chose_seed":false,"campfire_upgraded":4,"win_rate":0,"timestamp":1534387938,"path_taken":["M","$","M","M","?","R","E","R","T","E","R","$","E","M","R","BOSS","M","M","$","M","?","R","E","R","T","E"],"build_version":"2018-08-09","purchased_purges":2,"victory":false,"max_hp_per_floor":[72,72,72,72,72,72,72,72,72,72,72,72,72,72,72,72,72,72,72,72,72,72,72,72,72,72,72],"card_choices":[{"not_picked":["Shockwave","Havoc"],"picked":"Cleave","floor":1},{"not_picked":["Fire Breathing","Anger"],"picked":"Headbutt","floor":1},{"not_picked":["Clash","Feel No Pain"],"picked":"Flame Barrier","floor":3},{"not_picked":["Heavy Blade","Hemokinesis","Body Slam"],"picked":"SKIP","floor":3},{"not_picked":["Heavy Blade","Hemokinesis"],"picked":"Body Slam","floor":3},{"not_picked":["Iron Wave","Anger"],"picked":"Shrug It Off","floor":4},{"not_picked":["Whirlwind","Warcry","Wild Strike"],"picked":"SKIP","floor":4},{"not_picked":["Pummel","Headbutt"],"picked":"Flame Barrier","floor":7},{"not_picked":["Body Slam","Perfected Strike"],"picked":"Double Tap","floor":10},{"not_picked":["Anger","Iron Wave"],"picked":"Entrench","floor":13},{"not_picked":["Havoc","Power Through","Infernal Blade"],"picked":"SKIP","floor":14},{"not_picked":["Warcry","Clash","Carnage"],"picked":"SKIP","floor":14},{"not_picked":["Fiend Fire","Feed"],"picked":"Impervious","floor":16},{"not_picked":["Heavy Blade","Inflame","Thunderclap"],"picked":"SKIP","floor":18},{"not_picked":["Heavy Blade","Burning Pact","Cleave+1"],"picked":"SKIP","floor":18},{"not_picked":["Warcry","Dropkick"],"picked":"Armaments+1","floor":19},{"not_picked":["Battle Trance","Anger","Impervious"],"picked":"SKIP","floor":19},{"not_picked":["Clothesline","Heavy Blade+1"],"picked":"Entrench","floor":21},{"not_picked":["Sword Boomerang+1","Bloodletting","Infernal Blade+1"],"picked":"SKIP","floor":21},{"not_picked":["Flex","Clash","Rampage"],"picked":"SKIP","floor":24}],"player_experience":464805,"relics_obtained":[{"floor":7,"key":"Blue Candle"},{"floor":9,"key":"Matryoshka"},{"floor":10,"key":"Oddly Smooth Stone"},{"floor":13,"key":"Sundial"},{"floor":24,"key":"Question Card"},{"floor":26,"key":"Vajra"},{"floor":26,"key":"Juzu Bracelet"}],"event_choices":[{"event_name":"The Cleric","player_choice":"Card Removal","floor":5,"damage_taken":0},{"event_name":"Beggar","player_choice":"Gave Gold","floor":22,"damage_taken":0}],"is_beta":false,"boss_relics":[{"not_picked":["Orrery","Empty Cage"],"picked":"Mark of Pain"}],"items_purged_floors":[2,20],"is_endless":false,"potions_floor_spawned":[1,3,13,19],"killed_by":"Book of Stabbing","ascension_level":10}