{"gold_per_floor":[110,120,137,154,79,110,110,140,140,168,188,220,232,232,232,309,309,327,327,327,327,227,227,255,275,275,291,325,339,352,227,227,227],"floor_reached":33,"playtime":1656,"items_purged":["Strike_R","Strike_R+1","Strike_R+1"],"score":571,"play_id":"b9f425f3-6675-4272-b96b-0625dd644fb5","local_time":"20181227133636","is_ascension_mode":true,"campfire_choices":[{"data":"Double Tap","floor":7,"key":"SMITH"},{"floor":15,"key":"REST"},{"data":"Seeing Red","floor":23,"key":"SMITH"},{"data":"Offering","floor":32,"key":"SMITH"}],"neow_cost":"TEN_PERCENT_HP_LOSS","seed_source_timestamp":502559379714466,"circlet_count":0,"master_deck":["AscendersBane","Strike_R+1","Strike_R+1","Defend_R+1","Defend_R+1","Defend_R+1","Defend_R+1","Bash","Double Tap+1","Clothesline","Offering+1","Sword Boomerang","Cleave","Seeing Red+1","Ghostly Armor","Flame Barrier","Blood for Blood","Double Tap","Pommel Strike+1","Thunderclap+1","Bloodletting+1"],"relics":["Burning Blood","Meat on the Bone","Paper Frog","Calipers","Unceasing Top","Champion Belt","Sozu","Enchiridion","Juzu Bracelet","Lantern","Red Skull"],"potions_floor_usage":[6,10,12,16],"damage_taken":[{"damage":1,"enemies":"Cultist","floor":1,"turns":3},{"damage":9,"enemies":"Jaw Worm","floor":2,"turns":4},{"damage":10,"enemies":"Small Slimes","floor":3,"turns":4},{"damage":8,"enemies":"Blue Slaver","floor":4,"turns":3},{"damage":13,"enemies":"Gremlin Nob","floor":6,"turns":3},{"damage":26,"enemies":"3 Sentries","floor":8,"turns":6},{"damage":17,"enemies":"Gremlin Nob","floor":10,"turns":3},{"damage":0,"enemies":"Large Slime","floor":11,"turns":2},{"damage":39,"enemies":"Lagavulin","floor":12,"turns":8},{"damage":18,"enemies":"Exordium Thugs","floor":13,"turns":3},{"damage":44,"enemies":"Hexaghost","floor":16,"turns":8},{"damage":0,"enemies":"Chosen","floor":18,"turns":4},{"damage":29,"enemies":"Book of Stabbing","floor":24,"turns":4},{"damage":8,"enemies":"Spheric Guardian","floor":25,"turns":3},{"damage":9,"enemies":"Snecko","floor":27,"turns":3},{"damage":17,"enemies":"Slavers","floor":28,"turns":3},{"damage":12,"enemies":"3 Cultists","floor":29,"turns":3},{"damage":0,"enemies":"Chosen and Byrds","floor":30,"turns":4},{"damage":49,"enemies":"Automaton","floor":33,"turns":8}],"seed_played":"3878797528969509998","potions_obtained":[{"floor":2,"key":"Strength Potion"},{"floor":8,"key":"Regen Potion"},{"floor":10,"key":"Ancient Potion"},{"floor":13,"key":"Fire Potion"}],"is_trial":false,"path_per_floor":["M","M","M","M","$","E","R","E","T","E","M","E","M","?","R","B",null,"M","?","?","?","$","R","E","M","T","M","E","M","M","$","R","B"],"character_chosen":"IRONCLAD","items_purchased":[],"campfire_rested":1,"item_purchase_floors":[],"current_hp_per_floor":[68,65,61,59,59,52,52,44,44,50,56,35,35,35,55,29,58,64,64,43,39,39,39,28,38,38,47,48,42,48,48,48,0],"gold":227,"neow_bonus":"THREE_RARE_CARDS","is_prod":false,"is_daily":false,"chose_seed":false,"campfire_upgraded":3,"win_rate":0,"timestamp":1545888996,"path_taken":["M","?","?","M","$","E","R","E","T","E","M","E","M","?","R","BOSS","M","?","?","?","$","R","E","M","T","M","E","M","M","$","R","BOSS"],"build_version":"2018-12-20","purchased_purges":3,"victory":false,"max_hp_per_floor":[68,68,68,68,68,68,68,68,68,68,68,68,68,68,68,68,68,68,68,68,68,68,68,68,68,68,68,68,68,68,68,68,68],"card_choices":[{"not_picked":["Juggernaut","Immolate"],"picked":"Double Tap","floor":0},{"not_picked":["Clash","Twin Strike"],"picked":"Clothesline","floor":1},{"not_picked":["Rage","Sword Boomerang"],"picked":"Offering","floor":2},{"not_picked":["Wild Strike","Corruption"],"picked":"Sword Boomerang","floor":3},{"not_picked":["Thunderclap","Clash"],"picked":"Cleave","floor":4},{"not_picked":["Iron Wave","Blood for Blood"],"picked":"Seeing Red","floor":6},{"not_picked":["Sentinel","Rage","Disarm"],"picked":"SKIP","floor":8},{"not_picked":["Sword Boomerang","Rage"],"picked":"Ghostly Armor","floor":10},{"not_picked":["Infernal Blade","Reckless Charge"],"picked":"Flame Barrier","floor":11},{"not_picked":["Heavy Blade","Clothesline","Burning Pact"],"picked":"SKIP","floor":12},{"not_picked":["Warcry","Sever Soul"],"picked":"Blood for Blood","floor":13},{"not_picked":["Juggernaut","Limit Break"],"picked":"Double Tap","floor":16},{"not_picked":["Corruption","True Grit"],"picked":"Pommel Strike+1","floor":18},{"not_picked":["Thunderclap","Warcry","Pommel Strike"],"picked":"SKIP","floor":24},{"not_picked":["Fire Breathing","Perfected Strike"],"picked":"Thunderclap+1","floor":25},{"not_picked":["Shockwave","Body Slam","Shrug It Off"],"picked":"SKIP","floor":27},{"not_picked":["Entrench+1","Searing Blow","Pommel Strike"],"picked":"SKIP","floor":28},{"not_picked":["Hemokinesis","Whirlwind"],"picked":"Bloodletting+1","floor":29},{"not_picked":["Heavy Blade","Flame Barrier","Hemokinesis"],"picked":"SKIP","floor":30}],"player_experience":618996,"relics_obtained":[{"floor":6,"key":"Meat on the Bone"},{"floor":8,"key":"Paper Frog"},{"floor":9,"key":"Calipers"},{"floor":10,"key":"Unceasing Top"},{"floor":12,"key":"Champion Belt"},{"floor":20,"key":"Enchiridion"},{"floor":24,"key":"Juzu Bracelet"},{"floor":26,"key":"Lantern"},{"floor":28,"key":"Red Skull"}],"event_choices":[{"damage_healed":0,"gold_gain":0,"player_choice":"Ignored","damage_taken":0,"max_hp_gain":0,"max_hp_loss":0,"event_name":"Liars Game","floor":14,"gold_loss":0},{"damage_healed":0,"gold_gain":0,"player_choice":"Simplicity","damage_taken":0,"max_hp_gain":0,"max_hp_loss":0,"event_name":"Back to Basics","floor":19,"gold_loss":0,"cards_upgraded":["Strike_R","Strike_R","Strike_R","Strike_R","Defend_R","Defend_R","Defend_R","Defend_R"]},{"damage_healed":0,"gold_gain":0,"player_choice":"Obtained Book","damage_taken":21,"max_hp_gain":0,"max_hp_loss":0,"event_name":"Cursed Tome","floor":20,"gold_loss":0},{"damage_healed":0,"gold_gain":0,"player_choice":"Bought 0 Potions","damage_taken":0,"max_hp_gain":0,"max_hp_loss":0,"event_name":"The Woman in Blue","floor":21,"gold_loss":0}],"is_beta":false,"boss_relics":[{"not_picked":["Philosopher\u0027s Stone","Cursed Key"],"picked":"Sozu"}],"items_purged_floors":[5,22,31],"is_endless":false,"potions_floor_spawned":[2,8,10,13,27,28,29,30],"killed_by":"Automaton","ascension_level":16}