{"gold_per_floor":[109,121,139,214,214,214,241,241,241,241,260,260,288,207,207,281,281,297,313,313],"floor_reached":20,"playtime":828,"items_purged":[],"score":346,"play_id":"c1f965ce-81e9-4f45-9fe9-5402acebd321","local_time":"20190607062837","is_ascension_mode":true,"campfire_choices":[{"data":"Footwork","floor":6.0,"key":"SMITH"},{"floor":8.0,"key":"REST"},{"data":"Catalyst","floor":10.0,"key":"SMITH"},{"data":"Glass Knife","floor":15.0,"key":"SMITH"}],"neow_cost":"NONE","seed_source_timestamp":460986943374820,"circlet_count":0,"master_deck":["AscendersBane","Defend_G","Defend_G","Defend_G","Defend_G","Defend_G","Strike_G","Strike_G","Strike_G","Strike_G","Strike_G","Survivor","Neutralize","Footwork+1","Bouncing Flask","Deadly Poison","Catalyst+1","Skewer","Glass Knife+1","After Image","PiercingWail","Backflip"],"special_seed":0,"relics":["Ring of the Snake","Regal Pillow","Meat on the Bone","Orichalcum","WingedGreaves","Runic Pyramid"],"potions_floor_usage":[20],"damage_taken":[{"damage":0.0,"enemies":"Jaw Worm","floor":1.0,"turns":5.0},{"damage":0.0,"enemies":"2 Louse","floor":2.0,"turns":4.0},{"damage":0.0,"enemies":"Small Slimes","floor":3.0,"turns":3.0},{"damage":22.0,"enemies":"Gremlin Nob","floor":7.0,"turns":5.0},{"damage":5.0,"enemies":"Looter","floor":11.0,"turns":2.0},{"damage":31.0,"enemies":"3 Sentries","floor":13.0,"turns":10.0},{"damage":9.0,"enemies":"The Guardian","floor":16.0,"turns":6.0},{"damage":30,"enemies":"2 Thieves","floor":18,"turns":4},{"damage":26,"enemies":"Spheric Guardian","floor":19,"turns":5},{"damage":52,"enemies":"3 Cultists","floor":20,"turns":6}],"seed_played":"-6874204382529389817","potions_obtained":[{"floor":2.0,"key":"EntropicBrew"},{"floor":3.0,"key":"Ancient Potion"},{"floor":7.0,"key":"GhostInAJar"},{"floor":19,"key":"SkillPotion"}],"is_trial":false,"path_per_floor":["M","M","M","?","?","R","E","R","T","R","M","?","E","$","R","B",null,"M","M","M"],"character_chosen":"THE_SILENT","items_purchased":["Glass Knife"],"campfire_rested":1,"item_purchase_floors":[14],"current_hp_per_floor":[59,59,59,48,48,48,26,60,60,60,55,60,41,41,41,44,64,46,32,0],"gold":313,"neow_bonus":"RANDOM_COMMON_RELIC","is_prod":false,"is_daily":false,"chose_seed":false,"campfire_upgraded":3,"win_rate":0,"timestamp":1559860117,"path_taken":["M","M","M","?","?","R","E","R","T","R","M","?","E","$","R","BOSS","M","M","M"],"build_version":"2019-01-23","purchased_purges":0,"victory":false,"max_hp_per_floor":[66,66,66,66,66,66,66,66,66,66,66,71,71,71,71,71,71,71,71,71],"card_choices":[{"not_picked":["Flying Knee","Blade Dance"],"picked":"Footwork","floor":1.0},{"not_picked":["Underhanded Strike","Endless Agony"],"picked":"Bouncing Flask","floor":2.0},{"not_picked":["Blade Dance","Accuracy"],"picked":"Deadly Poison","floor":3.0},{"not_picked":["Backflip","Quick Slash"],"picked":"Catalyst","floor":7.0},{"not_picked":["All Out Attack","Poisoned Stab"],"picked":"Skewer","floor":11.0},{"not_picked":["Deflect","Concentrate","Outmaneuver"],"picked":"SKIP","floor":13.0},{"not_picked":["Envenom","Adrenaline"],"picked":"After Image","floor":16.0},{"not_picked":["Deflect","Sucker Punch+1"],"picked":"PiercingWail","floor":18},{"not_picked":["Sucker Punch","Flying Knee"],"picked":"Backflip","floor":19}],"player_experience":648147,"relics_obtained":[{"floor":7.0,"key":"Meat on the Bone"},{"floor":9.0,"key":"Orichalcum"},{"floor":13.0,"key":"WingedGreaves"}],"event_choices":[{"damage_healed":0.0,"max_hp_gain":0.0,"max_hp_loss":0.0,"gold_gain":75.0,"event_name":"World of Goop","player_choice":"Gather Gold","floor":4.0,"gold_loss":0.0,"damage_taken":11.0},{"damage_healed":0.0,"max_hp_gain":0.0,"max_hp_loss":0.0,"gold_gain":0.0,"event_name":"Scrap Ooze","player_choice":"Fled","floor":5.0,"gold_loss":0.0,"damage_taken":0.0},{"damage_healed":0.0,"max_hp_gain":5.0,"max_hp_loss":0.0,"gold_gain":0.0,"event_name":"Big Fish","player_choice":"Donut","floor":12.0,"gold_loss":0.0,"damage_taken":0.0}],"is_beta":false,"boss_relics":[{"not_picked":["HoveringKite","Tiny House"],"picked":"Runic Pyramid"}],"items_purged_floors":[],"is_endless":false,"potions_floor_spawned":[2,3,7,11,19],"killed_by":"3 Cultists","ascension_level":18}