{"gold_per_floor":[115,115,115,132,82,110,128,128,208,220,246,246,278,278,278,407,407,427,279,279,302,317,358,358,60,60,60,80,80,93,127,127,258,258,277,298,84,105,174,218,218,237,237,89,110,110,151,176,176,176],"floor_reached":51,"playtime":14688,"items_purged":["Defend_B","Regret"],"score":803,"play_id":"5333618e-f397-4107-a78f-c3643229a3ea","local_time":"20180824171913","is_ascension_mode":true,"campfire_choices":[{"data":"Core Surge","floor":8,"key":"SMITH"},{"data":"Cold Snap","floor":12,"key":"SMITH"},{"floor":15,"key":"REST"},{"floor":24,"key":"REST"},{"data":"Tempest","floor":29,"key":"SMITH"},{"data":"Leap","floor":32,"key":"SMITH"},{"floor":41,"key":"REST"},{"data":"Conserve Battery","floor":46,"key":"SMITH"},{"floor":49,"key":"REST"}],"neow_cost":"NONE","seed_source_timestamp":712396338324275,"circlet_count":0,"master_deck":["Defend_B","Defend_B","Zap","Dualcast","Sweeping Beam","Core Surge+1","Hello World","Leap+1","Cold Snap+1","FTL","Electrodynamics+1","Leap","Sweeping Beam+1","Tempest+1","Defragment+1","Mayhem+1","Compile Driver","Barrage+1","Tempest+1","Reinforced Body+1","Buffer+1","Conserve Battery+1","Echo Form+1","Reinforced Body","Sweeping Beam+1","Defragment+1","Ball Lightning+1","Steam+1"],"relics":["Cracked Core","NeowsBlessing","Oddly Smooth Stone","Kunai","Art of War","Frozen Egg 2","Golden Idol","Empty Cage","Regal Pillow","Potion Belt","Bottled Flame","Cursed Key","Unceasing Top","Gremlin Horn","Omamori","Lantern"],"potions_floor_usage":[16,16,21,23,40,47,50,50,50,50],"damage_taken":[{"damage":0,"enemies":"Small Slimes","floor":1,"turns":1},{"damage":0,"enemies":"Cultist","floor":4,"turns":1},{"damage":0,"enemies":"Lagavulin","floor":6,"turns":1},{"damage":0,"enemies":"2 Louse","floor":7,"turns":1},{"damage":1,"enemies":"Red Slaver","floor":10,"turns":3},{"damage":21,"enemies":"Gremlin Nob","floor":11,"turns":5},{"damage":8,"enemies":"Lagavulin","floor":13,"turns":6},{"damage":8,"enemies":"Slime Boss","floor":16,"turns":7},{"damage":17,"enemies":"2 Thieves","floor":18,"turns":3},{"damage":0,"enemies":"Spheric Guardian","floor":21,"turns":3},{"damage":3,"enemies":"Chosen and Byrds","floor":22,"turns":4},{"damage":28,"enemies":"Slavers","floor":23,"turns":3},{"damage":11,"enemies":"Shelled Parasite and Fungi","floor":28,"turns":5},{"damage":0,"enemies":"Sentry and Sphere","floor":30,"turns":3},{"damage":17,"enemies":"Gremlin Leader","floor":31,"turns":4},{"damage":12,"enemies":"Collector","floor":33,"turns":7},{"damage":3,"enemies":"3 Shapes","floor":35,"turns":4},{"damage":0,"enemies":"Flame Bruiser 1 Orb","floor":36,"turns":4},{"damage":15,"enemies":"4 Shapes","floor":38,"turns":5},{"damage":15,"enemies":"Mysterious Sphere","floor":39,"turns":5},{"damage":0,"enemies":"Nemesis","floor":40,"turns":7},{"damage":8,"enemies":"Sphere and 2 Shapes","floor":42,"turns":3},{"damage":0,"enemies":"Flame Bruiser 2 Orb","floor":45,"turns":4},{"damage":13,"enemies":"2 Orb Walkers","floor":47,"turns":2},{"damage":23,"enemies":"3 Darklings","floor":48,"turns":3},{"damage":39,"enemies":"Awakened One","floor":50,"turns":13}],"seed_played":"4829908269754880941","potions_obtained":[{"floor":1,"key":"Energy Potion"},{"floor":7,"key":"Dexterity Potion"},{"floor":13,"key":"AttackPotion"},{"floor":18,"key":"Ancient Potion"},{"floor":22,"key":"Fire Potion"},{"floor":31,"key":"SteroidPotion"},{"floor":36,"key":"AttackPotion"},{"floor":39,"key":"Ancient Potion"},{"floor":42,"key":"Explosive Potion"},{"floor":45,"key":"Block Potion"},{"floor":48,"key":"Energy Potion"}],"is_trial":false,"path_per_floor":["M","?","?","M","?","E","M","R","T","M","E","R","E","?","R","B",null,"M","$","?","M","M","E","R","$","T","?","M","R","M","E","R","B",null,"M","M","$","M","?","E","R","M","T","$","M","R","E","M","R","B"],"character_chosen":"DEFECT","items_purchased":["Regen Potion","Defragment+1","Mayhem+1","Compile Driver","Echo Form+1","Reinforced Body","Swift Potion"],"campfire_rested":4,"item_purchase_floors":[19,25,25,25,37,37,44],"current_hp_per_floor":[75,75,75,75,75,75,75,75,75,74,53,53,45,27,49,41,75,58,58,58,67,64,36,73,73,73,73,62,62,62,45,45,33,75,72,72,72,57,42,42,75,67,67,67,67,67,54,31,68,29],"gold":176,"neow_bonus":"THREE_ENEMY_KILL","is_prod":false,"is_daily":false,"chose_seed":false,"campfire_upgraded":5,"win_rate":0,"timestamp":1535149153,"path_taken":["M","?","?","M","?","E","M","R","T","M","E","R","E","?","R","BOSS","M","$","?","M","M","E","R","$","T","?","M","R","M","E","R","BOSS","M","M","$","?","?","E","R","M","T","?","M","R","E","M","R","BOSS"],"build_version":"2018-08-23v2","purchased_purges":2,"victory":true,"max_hp_per_floor":[75,75,75,75,75,75,75,75,75,75,75,75,75,75,75,75,75,75,75,75,75,75,75,75,75,75,75,75,75,75,75,75,75,75,75,75,75,75,75,75,75,75,75,75,75,75,75,75,75,75],"card_choices":[{"not_picked":["Darkness","Reprogram","Rebound"],"picked":"SKIP","floor":1},{"not_picked":["Turbo","Beam Cell","Self Repair"],"picked":"SKIP","floor":4},{"not_picked":["Genetic Algorithm","Go for the Eyes"],"picked":"Core Surge","floor":6},{"not_picked":["Recycle","Gash"],"picked":"Hello World","floor":7},{"not_picked":["Rip and Tear","Genetic Algorithm"],"picked":"Leap","floor":10},{"not_picked":["Compile Driver","Conserve Battery"],"picked":"Cold Snap","floor":11},{"not_picked":["Beam Cell","Melter"],"picked":"FTL","floor":13},{"not_picked":["Fission","Creative AI+1"],"picked":"Electrodynamics+1","floor":16},{"not_picked":["Turbo","Stack+1"],"picked":"Leap","floor":18},{"not_picked":["Steam","Chaos","Storm+1"],"picked":"SKIP","floor":21},{"not_picked":["Streamline","Steam"],"picked":"Sweeping Beam+1","floor":22},{"not_picked":["All For One","Rebound"],"picked":"Tempest","floor":23},{"not_picked":["Streamline","Coolheaded+1"],"picked":"Barrage+1","floor":28},{"not_picked":["Steam","Redo+1"],"picked":"Tempest+1","floor":30},{"not_picked":["Sweeping Beam","Ball Lightning+1"],"picked":"Reinforced Body+1","floor":31},{"not_picked":["Multi-Cast","Fission"],"picked":"Buffer+1","floor":33},{"not_picked":["Force Field","Beam Cell"],"picked":"Conserve Battery","floor":35},{"not_picked":["Redo","Consume+1","Coolheaded+1"],"picked":"SKIP","floor":36},{"not_picked":["Conserve Battery","Barrage+1","Rebound+1"],"picked":"SKIP","floor":38},{"not_picked":["Redo","Beam Cell+1"],"picked":"Sweeping Beam+1","floor":39},{"not_picked":["Blizzard","Cold Snap","Core Surge"],"picked":"SKIP","floor":40},{"not_picked":["Conserve Battery","Ball Lightning+1"],"picked":"Defragment+1","floor":42},{"not_picked":["Auto Shields","Compile Driver","Ball Lightning"],"picked":"SKIP","floor":45},{"not_picked":["Go for the Eyes","Steam Power+1"],"picked":"Ball Lightning+1","floor":47},{"not_picked":["Darkness","Aggregate+1"],"picked":"Steam+1","floor":48}],"player_experience":650532,"relics_obtained":[{"floor":6,"key":"Oddly Smooth Stone"},{"floor":9,"key":"Kunai"},{"floor":11,"key":"Art of War"},{"floor":13,"key":"Frozen Egg 2"},{"floor":23,"key":"Regal Pillow"},{"floor":26,"key":"Potion Belt"},{"floor":31,"key":"Bottled Flame"},{"floor":39,"key":"Unceasing Top"},{"floor":40,"key":"Gremlin Horn"},{"floor":43,"key":"Omamori"},{"floor":47,"key":"Lantern"}],"event_choices":[{"event_name":"Purifier","player_choice":"One Purge","floor":2,"damage_taken":0},{"event_name":"Transmorgrifier","player_choice":"Transform","floor":3,"damage_taken":0},{"event_name":"The Cleric","player_choice":"Card Removal","floor":5,"damage_taken":0},{"event_name":"Golden Idol","player_choice":"Take Damage","floor":14,"damage_taken":0},{"event_name":"Vampires","player_choice":"Ignored","floor":20,"damage_taken":0},{"event_name":"The Mausoleum","player_choice":"No","floor":27,"damage_taken":0},{"event_name":"Mysterious Sphere","player_choice":"Fight","floor":39,"damage_taken":0}],"is_beta":false,"boss_relics":[{"not_picked":["Astrolabe","Lizard Tail"],"picked":"Empty Cage"},{"not_picked":["Snecko Eye","Nuclear Battery"],"picked":"Cursed Key"}],"items_purged_floors":[19,44],"is_endless":false,"potions_floor_spawned":[1,7,13,18,22,31,36,39,42,45,48],"ascension_level":1}