{"path_per_floor":["M","?","$","$","M","R","M","M","T","R","$","R","M","M","R","B",null,"M","M","?","M","M","R","?","M","T","R","$","M","M","M","R"],"character_chosen":"THE_SILENT","items_purchased":[],"gold_per_floor":[215,215,140,40,57,57,73,93,93,93,93,93,111,129,129,228,228,248,265,265,278,296,296,296,312,312,312,187,199,212,222,222],"floor_reached":33,"campfire_rested":4,"playtime":1379,"current_hp_per_floor":[66,66,66,66,66,66,65,55,55,55,55,55,48,48,69,25,70,56,51,51,33,8,29,29,29,29,50,50,46,19,13,34],"items_purged":["Strike_G","Defend_G","Strike_G"],"gold":222,"score":243,"play_id":"10001598-c167-493b-9deb-a59b44da1656","is_prod":false,"is_daily":false,"is_ascension_mode":false,"campfire_upgraded":3,"path_taken":["M","?","?","$","?","R","M","M","T","R","$","R","M","M","R","BOSS","M","?","?","M","M","R","?","M","T","R","?","M","M","?","R","BOSS"],"build_version":"2018-02-15-PROD1","purchased_purges":3,"victory":false,"master_deck":["Defend_G","Defend_G","Defend_G","Strike_G","Strike_G","Strike_G","Survivor","Neutralize","Flying Knee+1","Noxious Fumes+1","Dagger Spray+1","Glass Knife","Poisoned Stab+1","All Out Attack+1","Backstab"],"max_hp_per_floor":[70,70,70,70,70,70,70,70,70,70,70,70,70,70,70,70,70,70,70,70,70,70,70,70,70,70,70,70,70,70,70,70],"relics":["Ring of the Snake","Mummified Hand","Velvet Choker","Tingsha"],"card_choices":[{"not_picked":["Dodge and Roll","Choke"],"picked":"Flying Knee"},{"not_picked":["Prepared","Calculated Gamble"],"picked":"Noxious Fumes"},{"not_picked":["Sucker Punch","Outmaneuver"],"picked":"Dagger Spray"},{"not_picked":["Wraith Form","Night Terror"],"picked":"Glass Knife"},{"not_picked":["Caltrops","Underhanded Strike"],"picked":"Poisoned Stab"},{"not_picked":["Backflip","Outmaneuver"],"picked":"All Out Attack"},{"not_picked":["Skewer","Acrobatics"],"picked":"Backstab"}],"player_experience":77567,"potions_floor_usage":[16,19,21,33,33,33],"damage_taken":[{"damage":4,"enemies":"Jaw Worm","floor":1,"turns":6},{"damage":0,"enemies":"Small Slimes","floor":5,"turns":3},{"damage":1,"enemies":"Cultist","floor":7,"turns":3},{"damage":10,"enemies":"Exordium Thugs","floor":8,"turns":4},{"damage":7,"enemies":"Gremlin Gang","floor":13,"turns":2},{"damage":0,"enemies":"3 Louse","floor":14,"turns":3},{"damage":44,"enemies":"The Guardian","floor":16,"turns":10},{"damage":14,"enemies":"Shell Parasite","floor":18,"turns":4},{"damage":5,"enemies":"2 Thieves","floor":19,"turns":3},{"damage":18,"enemies":"Snake Plant","floor":21,"turns":4},{"damage":25,"enemies":"Snecko","floor":22,"turns":4},{"damage":0,"enemies":"Chosen and Byrds","floor":25,"turns":4},{"damage":4,"enemies":"Centurion and Healer","floor":29,"turns":4},{"damage":27,"enemies":"Snake Plant","floor":30,"turns":4},{"damage":6,"enemies":"3 Cultists","floor":31,"turns":4},{"damage":64,"enemies":"Automaton","floor":33,"turns":6}],"event_choices":[{"event_name":"Living Wall","player_choice":"Forget","floor":2,"damage_taken":0},{"event_name":"Drug Dealer","player_choice":"Ignored","floor":20,"damage_taken":0},{"event_name":"Vampires","player_choice":"Ignored","floor":24,"damage_taken":0}],"boss_relics":[{"not_picked":["Philosopher\u0027s Stone","Astrolabe"],"picked":"Velvet Choker"}],"potions_floor_spawned":[13,14,16,19,21,31],"seed_played":"55058162425958162","killed_by":"Automaton","ascension_level":0,"is_trial":false}