{"gold_per_floor":[112,37,37,55,67,67,82,96,122,136,136,153,53,64,64,164,164,164,164,39,39,39,39],"floor_reached":23,"playtime":1239,"items_purged":["Strike_R","Defend_R","Strike_R"],"score":236,"play_id":"70e76552-4034-48cf-a192-41afc30cc88c","local_time":"20180814125549","is_ascension_mode":true,"campfire_choices":[{"data":"Bloodletting","floor":6,"key":"SMITH"},{"data":"Uppercut","floor":11,"key":"SMITH"},{"data":"Defend_R","floor":15,"key":"SMITH"}],"neow_cost":"","seed_source_timestamp":20498765096041,"circlet_count":0,"master_deck":["Strike_R","Strike_R","Strike_R","Defend_R+1","Defend_R+1","Defend_R+1","Bash","Bloodletting+1","Uppercut+1","Immolate","Headbutt+1"],"relics":["Burning Blood","Ancient Tea Set","Ectoplasm"],"potions_floor_usage":[14,16,16,22],"damage_taken":[{"damage":11,"enemies":"Small Slimes","floor":1,"turns":5},{"damage":0,"enemies":"Jaw Worm","floor":4,"turns":4},{"damage":0,"enemies":"Cultist","floor":5,"turns":3},{"damage":13,"enemies":"Gremlin Gang","floor":7,"turns":7},{"damage":4,"enemies":"Looter","floor":8,"turns":5},{"damage":9,"enemies":"Blue Slaver","floor":10,"turns":4},{"damage":15,"enemies":"Large Slime","floor":12,"turns":7},{"damage":0,"enemies":"3 Louse","floor":14,"turns":3},{"damage":38,"enemies":"Slime Boss","floor":16,"turns":13},{"damage":13,"enemies":"Shell Parasite","floor":18,"turns":7},{"damage":9,"enemies":"3 Byrds","floor":19,"turns":4},{"damage":5,"enemies":"3 Cultists","floor":21,"turns":3},{"damage":40,"enemies":"Sentry and Sphere","floor":22,"turns":6},{"damage":35,"enemies":"Slavers","floor":23,"turns":2}],"seed_played":"3076872852627010542","potions_obtained":[{"floor":4,"key":"Explosive Potion"},{"floor":5,"key":"SpeedPotion"},{"floor":7,"key":"FairyPotion"},{"floor":14,"key":"BloodPotion"},{"floor":21,"key":"SteroidPotion"}],"is_trial":false,"path_per_floor":["M","$","?","M","M","R","M","M","T","M","R","M","$","M","R","B",null,"M","M","$","M","M"],"character_chosen":"IRONCLAD","items_purchased":[],"campfire_rested":0,"item_purchase_floors":[],"current_hp_per_floor":[75,75,59,65,71,71,64,66,66,63,63,54,54,60,60,36,69,62,59,59,60,26,0],"gold":39,"neow_bonus":"","is_prod":false,"is_daily":false,"chose_seed":false,"campfire_upgraded":3,"win_rate":0,"timestamp":1534222549,"path_taken":["M","$","?","?","M","R","M","M","T","M","R","M","$","M","R","BOSS","M","?","$","M","M","E"],"build_version":"2018-08-09","purchased_purges":3,"victory":false,"max_hp_per_floor":[80,80,80,80,80,80,80,80,80,80,80,80,80,80,80,80,80,80,80,80,80,80,80],"card_choices":[{"not_picked":["Wild Strike","Pummel","Iron Wave"],"picked":"SKIP","floor":1},{"not_picked":["Metallicize","Sentinel"],"picked":"Bloodletting","floor":4},{"not_picked":["Shockwave","Clothesline","Havoc"],"picked":"SKIP","floor":5},{"not_picked":["Clothesline","Hemokinesis","Battle Trance"],"picked":"SKIP","floor":7},{"not_picked":["True Grit","Clothesline"],"picked":"Uppercut","floor":8},{"not_picked":["Shrug It Off","Perfected Strike","True Grit"],"picked":"SKIP","floor":10},{"not_picked":["Headbutt","Body Slam","Dual Wield"],"picked":"SKIP","floor":12},{"not_picked":["Thunderclap","Body Slam","Pommel Strike"],"picked":"SKIP","floor":14},{"not_picked":["Berserk","Barricade"],"picked":"Immolate","floor":16},{"not_picked":["Wild Strike","Armaments","Havoc"],"picked":"SKIP","floor":18},{"not_picked":["Rupture","Shrug It Off"],"picked":"Headbutt+1","floor":19},{"not_picked":["Combust","Thunderclap","Uppercut+1"],"picked":"SKIP","floor":21},{"not_picked":["Reckless Charge","Wild Strike","Juggernaut"],"picked":"SKIP","floor":22}],"player_experience":414725,"relics_obtained":[{"floor":9,"key":"Ancient Tea Set"}],"event_choices":[{"event_name":"Shining Light","player_choice":"Entered Light","floor":3,"damage_taken":0}],"is_beta":false,"boss_relics":[{"not_picked":["Tiny House","Runic Dome"],"picked":"Ectoplasm"}],"items_purged_floors":[2,13,20],"is_endless":false,"potions_floor_spawned":[4,5,7,14,21],"killed_by":"Slavers","ascension_level":5}