{"path_per_floor":["M","?","M","$","M","E","R","E","T","R","$","R","M","?","R","B",null,"M","$","M","?","?","R","E","R","T","?","?","E","R","E","R","B",null,"M","$","?","?","?","R","$","R","T","T","M","M","?","?","R","B"],"character_chosen":"DEFECT","items_purchased":["Tempest","Cold Snap","Glacier","War Paint","Skim","Hello World","Anchor","Double Energy"],"gold_per_floor":[115,115,134,8,24,53,53,79,106,106,29,29,47,122,122,220,220,236,62,79,79,79,79,111,111,138,138,138,163,163,228,228,330,330,343,197,243,243,243,243,22,22,102,102,120,140,140,0,0,0],"floor_reached":51,"campfire_rested":6,"playtime":2904,"current_hp_per_floor":[59,59,46,46,27,20,42,39,39,39,39,39,24,13,50,7,58,53,53,49,33,33,70,14,51,51,51,51,29,66,62,62,33,65,75,75,19,19,19,55,55,55,55,69,60,76,86,86,86,17],"items_purged":["Normality"],"gold":0,"score":1037,"play_id":"086cca3a-5164-4c96-b218-da17a24af27f","local_time":"20180505160801","is_prod":false,"is_daily":false,"chose_seed":false,"is_ascension_mode":true,"campfire_upgraded":5,"timestamp":1525554481,"path_taken":["M","?","M","$","M","E","R","E","T","R","$","R","M","?","R","BOSS","M","$","M","?","?","R","E","R","T","?","?","E","R","E","R","BOSS","M","$","?","?","?","R","$","R","T","?","M","M","?","?","R","BOSS"],"build_version":"2018-05-03","seed_source_timestamp":704776702858463,"purchased_purges":2,"victory":true,"master_deck":["Zap+1","AscendersBane","Chaos+1","Cold Snap","Tempest","Cold Snap+1","White Noise","Ball Lightning+1","Glacier","Leap","Hyperbeam+1","Capacitor","Go for the Eyes","Axe Kick","Go for the Eyes","Hologram","Defragment+1","Undo+1","Ball Lightning","Skim","Glacier+1","Auto Shields+1","Ball Lightning+1","Undo","Stack","Hyperbeam","Storm","Hello World+1","Heatsinks","Double Energy","Undo+1","Hello World+1","Writhe"],"max_hp_per_floor":[75,75,75,75,75,75,75,75,75,75,75,75,75,75,75,75,75,75,75,75,75,75,75,75,75,75,75,75,75,75,75,75,75,75,75,75,75,75,72,72,72,72,72,86,86,86,86,86,86,86],"relics":["Calling Bell","Vajra","Letter Opener","Bird Faced Urn","Ancient Tea Set","Juzu Bracelet","Regal Pillow","Pandora\u0027s Box","War Paint","Enchiridion","Lantern","Whetstone","Kunai","Pen Nib","Tiny Chest","Sozu","Thread and Needle","Anchor","Bottled Lightning","Mango","Red Mask"],"card_choices":[{"not_picked":["Barrage","Axe Kick"],"picked":"Chaos","floor":1},{"not_picked":["Capacitor","Lockon"],"picked":"Cold Snap","floor":3},{"not_picked":["Skim","Lockon"],"picked":"White Noise","floor":5},{"not_picked":["Axe Kick","Stack"],"picked":"Ball Lightning","floor":6},{"not_picked":["Heatsinks","Skim"],"picked":"Leap","floor":13},{"not_picked":["Seek","Redo"],"picked":"Hyperbeam","floor":16},{"not_picked":["Stack","Go for the Eyes"],"picked":"Glacier","floor":20},{"not_picked":["Skim","Capacitor"],"picked":"Auto Shields","floor":24},{"not_picked":["Auto Shields","Skim"],"picked":"Undo","floor":29},{"not_picked":["Coolheaded","Hologram"],"picked":"Stack","floor":31},{"not_picked":["Reboot","Meteor Strike"],"picked":"Hyperbeam","floor":33},{"not_picked":["Turbo","Cold Snap"],"picked":"Storm","floor":35},{"not_picked":["Rebound","Ball Lightning"],"picked":"Heatsinks","floor":37},{"not_picked":["Storm","Barrage"],"picked":"Undo","floor":45},{"not_picked":["Axe Kick","Rebound"],"picked":"Hello World","floor":46}],"player_experience":154766,"potions_floor_usage":[6,20,24,46,50,50],"damage_taken":[{"damage":9,"enemies":"Cultist","floor":1,"turns":5},{"damage":13,"enemies":"Small Slimes","floor":3,"turns":4},{"damage":19,"enemies":"Jaw Worm","floor":5,"turns":4},{"damage":9,"enemies":"3 Sentries","floor":6,"turns":7},{"damage":5,"enemies":"Gremlin Nob","floor":8,"turns":5},{"damage":15,"enemies":"Exordium Thugs","floor":13,"turns":5},{"damage":45,"enemies":"Hexaghost","floor":16,"turns":15},{"damage":7,"enemies":"Shell Parasite","floor":18,"turns":4},{"damage":10,"enemies":"Chosen","floor":20,"turns":5},{"damage":89,"enemies":"Gremlin Leader","floor":24,"turns":10},{"damage":30,"enemies":"Book of Stabbing","floor":29,"turns":5},{"damage":10,"enemies":"Gremlin Leader","floor":31,"turns":7},{"damage":41,"enemies":"Automaton","floor":33,"turns":13},{"damage":0,"enemies":"Flame Bruiser 1 Orb","floor":35,"turns":7},{"damage":67,"enemies":"Mysterious Sphere","floor":37,"turns":7},{"damage":19,"enemies":"3 Darklings","floor":45,"turns":6},{"damage":5,"enemies":"Maw","floor":46,"turns":7},{"damage":98,"enemies":"Donu and Deca","floor":50,"turns":13}],"event_choices":[{"event_name":"Accursed Blacksmith","player_choice":"Forge","floor":2,"damage_taken":0},{"event_name":"World of Goop","player_choice":"Gather Gold","floor":14,"damage_taken":0},{"event_name":"Cursed Tome","player_choice":"Obtained Book","floor":21,"damage_taken":0},{"event_name":"Drug Dealer","player_choice":"Ignored","floor":22,"damage_taken":0},{"event_name":"The Mausoleum","player_choice":"Yes","floor":27,"damage_taken":0},{"event_name":"Duplicator","player_choice":"One dupe","floor":28,"damage_taken":0},{"event_name":"Mysterious Sphere","player_choice":"Fight","floor":37,"damage_taken":0},{"event_name":"Fountain of Cleansing","player_choice":"Removed Curse","floor":39,"damage_taken":0},{"event_name":"Winding Halls","player_choice":"Writhe","floor":47,"damage_taken":0},{"event_name":"Tomb of Lord Red Mask","player_choice":"Paid","floor":48,"damage_taken":0}],"boss_relics":[{"not_picked":["Eternal Feather","White Beast Statue"],"picked":"Pandora\u0027s Box"},{"not_picked":["Runic Dome","Snecko Eye"],"picked":"Sozu"}],"potions_floor_spawned":[3,5,13,16,29,33,45,46],"seed_played":"3482745686709747037","ascension_level":11,"is_trial":false}