{"path_per_floor":["M","?","?","$","M","R","M","R","T","$","T","?","R","M","R","B",null,"M","?","M","$"],"character_chosen":"DEFECT","items_purchased":["Glacier","Leap","Lockon"],"gold_per_floor":[116,116,116,41,66,66,79,79,102,32,84,159,159,180,180,304,304,327,242,260,39,39],"floor_reached":22,"campfire_rested":0,"playtime":1065,"current_hp_per_floor":[68,68,68,68,67,67,67,67,67,67,67,56,56,56,56,28,59,47,47,45,45,0],"items_purged":["Defend_B","Strike_B"],"gold":39,"score":267,"play_id":"58a90556-661a-4cf2-98f9-c4e283042836","local_time":"20180501193644","is_prod":false,"is_daily":false,"chose_seed":false,"is_ascension_mode":true,"campfire_upgraded":4,"timestamp":1525221404,"path_taken":["M","?","?","$","M","R","M","R","T","$","?","?","R","?","R","BOSS","M","?","?","$","M"],"build_version":"2018-05-01","seed_source_timestamp":373536600280888,"purchased_purges":2,"victory":false,"master_deck":["Strike_B+1","Strike_B+1","Defend_B","Defend_B+1","Defend_B","Zap+1","Dualcast","AscendersBane","Reinforced Body+1","Cold Snap+1","White Noise","Glacier+1","Cold Snap+1","Creative AI","Gash+1","Leap","Lockon"],"max_hp_per_floor":[75,75,69,69,69,69,69,69,69,69,69,69,69,69,69,69,69,69,69,69,69,69],"relics":["Cracked Core","Anchor","Golden Idol","War Paint","Whetstone","Nuclear Battery","Happy Flower"],"card_choices":[{"not_picked":["Beam Cell","Heatsinks"],"picked":"Reinforced Body","floor":1},{"not_picked":["Capacitor","Impulse"],"picked":"Cold Snap","floor":5},{"not_picked":["Capacitor","Amplify"],"picked":"White Noise","floor":7},{"not_picked":["Hologram","Blaster"],"picked":"Cold Snap","floor":14},{"not_picked":["Thunder Strike","Rainbow"],"picked":"Creative AI","floor":16},{"not_picked":["Capacitor","Streamline"],"picked":"Gash","floor":20}],"player_experience":137913,"potions_floor_usage":[16],"damage_taken":[{"damage":0,"enemies":"Jaw Worm","floor":1,"turns":3},{"damage":1,"enemies":"Cultist","floor":5,"turns":3},{"damage":0,"enemies":"Small Slimes","floor":7,"turns":3},{"damage":0,"enemies":"3 Louse","floor":14,"turns":4},{"damage":28,"enemies":"Hexaghost","floor":16,"turns":13},{"damage":12,"enemies":"Chosen","floor":18,"turns":6},{"damage":2,"enemies":"Shell Parasite","floor":20,"turns":9},{"damage":52,"enemies":"3 Cultists","floor":22,"turns":7}],"event_choices":[{"event_name":"Bonfire Elementals","player_choice":"BASIC","floor":2,"damage_taken":0},{"event_name":"Golden Idol","player_choice":"Lose Max HP","floor":3,"damage_taken":0},{"event_name":"World of Goop","player_choice":"Gather Gold","floor":12,"damage_taken":0},{"event_name":"Addict","player_choice":"Obtained Relic","floor":19,"damage_taken":0}],"boss_relics":[{"not_picked":["Black Star","Snecko Eye"],"picked":"Nuclear Battery"}],"potions_floor_spawned":[1,18],"seed_played":"4979080516032315582","killed_by":"3 Cultists","ascension_level":11,"is_trial":false}