{"gold_per_floor":[109,119,44,57,77,77,112,112,112,122,22,48,48,73,85,197,209,231,118,131,151,161,161,171,21,45,72,72,72,103,203,203,301,301,316,176,195,213,213,213,213,213,213,213,227,239,79,79,79,79],"floor_reached":50,"playtime":7382,"items_purged":["Strike_G","Strike_G","Strike_G","Strike_G","Strike_G","Defend_G"],"score":613,"play_id":"db38f456-7abe-48a1-ab50-a4cedbbf1f99","local_time":"20180727135523","is_ascension_mode":true,"campfire_choices":[{"data":"Crippling Poison","floor":6,"key":"SMITH"},{"data":"Crippling Poison","floor":8,"key":"SMITH"},{"floor":13,"key":"REST"},{"floor":15,"key":"REST"},{"floor":23,"key":"REST"},{"data":"Venomology","floor":28,"key":"SMITH"},{"data":"Tools of the Trade","floor":32,"key":"SMITH"},{"floor":41,"key":"REST"},{"data":"Envenom","floor":44,"key":"SMITH"},{"floor":49,"key":"REST"}],"neow_cost":"NONE","seed_source_timestamp":483880258912424,"circlet_count":0,"master_deck":["Defend_G","Defend_G","Defend_G","Survivor","Neutralize+1","Acrobatics","Poisoned Stab","All Out Attack","Crippling Poison+1","Crippling Poison+1","PiercingWail","Caltrops","Corpse Explosion","Bane+1","Venomology+1","Slice+1","Deflect+1","Tools of the Trade+1","Envenom+1","Footwork+1","Outmaneuver+1","Footwork","Crippling Poison+1","Dagger Spray+1","Poisoned Stab+1"],"relics":["Ring of the Snake","Regal Pillow","Bird Faced Urn","Darkstone Periapt","Bottled Flame","MawBank","Velvet Choker","Art of War","StoneCalendar","The Courier","White Beast Statue","Whetstone"],"potions_floor_usage":[12,12,22,22,24,27,30,33,33,38,38,40,45,46,46,46,48,50,50],"damage_taken":[{"damage":0,"enemies":"Cultist","floor":1,"turns":4},{"damage":5,"enemies":"Jaw Worm","floor":2,"turns":6},{"damage":4,"enemies":"Small Slimes","floor":4,"turns":3},{"damage":14,"enemies":"Exordium Thugs","floor":5,"turns":5},{"damage":17,"enemies":"Gremlin Nob","floor":7,"turns":4},{"damage":11,"enemies":"Gremlin Gang","floor":10,"turns":2},{"damage":9,"enemies":"3 Sentries","floor":12,"turns":6},{"damage":22,"enemies":"Lagavulin","floor":14,"turns":7},{"damage":35,"enemies":"Hexaghost","floor":16,"turns":10},{"damage":1,"enemies":"Chosen","floor":18,"turns":6},{"damage":26,"enemies":"2 Thieves","floor":20,"turns":3},{"damage":16,"enemies":"Centurion and Healer","floor":21,"turns":3},{"damage":10,"enemies":"Sentry and Sphere","floor":22,"turns":5},{"damage":6,"enemies":"3 Cultists","floor":24,"turns":4},{"damage":0,"enemies":"Gremlin Leader","floor":27,"turns":6},{"damage":8,"enemies":"Book of Stabbing","floor":30,"turns":5},{"damage":64,"enemies":"Collector","floor":33,"turns":9},{"damage":21,"enemies":"Orb Walker","floor":35,"turns":5},{"damage":15,"enemies":"Flame Bruiser 1 Orb","floor":37,"turns":8},{"damage":33,"enemies":"Transient","floor":38,"turns":5},{"damage":0,"enemies":"Nemesis","floor":40,"turns":1},{"damage":13,"enemies":"3 Darklings","floor":45,"turns":3},{"damage":46,"enemies":"Spire Growth","floor":46,"turns":6},{"damage":12,"enemies":"Flame Bruiser 2 Orb","floor":48,"turns":2},{"damage":60,"enemies":"Awakened One","floor":50,"turns":10}],"seed_played":"-653658053622412938","potions_obtained":[{"floor":2,"key":"Ancient Potion"},{"floor":5,"key":"Block Potion"},{"floor":14,"key":"SmokeBomb"},{"floor":16,"key":"SpeedPotion"},{"floor":18,"key":"Dexterity Potion"},{"floor":22,"key":"FearPotion"},{"floor":30,"key":"SkillPotion"},{"floor":35,"key":"Swift Potion"},{"floor":37,"key":"EssenceOfSteel"},{"floor":38,"key":"SmokeBomb"},{"floor":45,"key":"Swift Potion"},{"floor":46,"key":"Swift Potion"}],"is_trial":false,"path_per_floor":["M","M","$","M","M","R","E","R","T","M","$","E","R","E","R","B",null,"M","$","M","M","M","R","M","$","T","E","R","$","E","?","R","B",null,"M","$","M","M","?","E","R","?","T","R","M","M","$","M","R"],"character_chosen":"THE_SILENT","items_purchased":[],"campfire_rested":5,"item_purchase_floors":[],"current_hp_per_floor":[70,65,65,61,47,47,30,30,30,19,19,10,46,24,60,27,70,69,69,43,27,19,55,51,51,51,53,53,53,47,47,47,2,70,55,55,48,19,19,19,55,55,55,55,50,14,14,6,42,0],"gold":79,"neow_bonus":"RANDOM_COMMON_RELIC","is_prod":false,"is_daily":false,"chose_seed":false,"campfire_upgraded":5,"win_rate":0,"timestamp":1532670923,"path_taken":["M","M","$","M","M","R","E","R","T","M","$","E","R","E","R","BOSS","M","$","M","M","?","R","M","$","T","E","R","?","E","?","R","BOSS","M","$","M","M","?","E","R","?","T","R","?","M","$","M","R","BOSS"],"build_version":"2018-07-26","purchased_purges":6,"victory":false,"max_hp_per_floor":[70,70,70,70,70,70,70,70,70,70,70,70,70,70,70,70,70,70,70,70,70,70,70,70,70,70,70,70,70,70,70,70,70,70,70,70,70,70,70,70,70,70,70,70,70,70,70,70,70,70],"card_choices":[{"not_picked":["Outmaneuver","Riddle With Holes"],"picked":"Acrobatics","floor":1},{"not_picked":["Deflect","PiercingWail"],"picked":"Poisoned Stab","floor":2},{"not_picked":["Tools of the Trade","Deadly Poison"],"picked":"All Out Attack","floor":4},{"not_picked":["Noxious Fumes","Escape Plan"],"picked":"Crippling Poison","floor":5},{"not_picked":["PiercingWail","Phantasmal Killer"],"picked":"Crippling Poison","floor":7},{"not_picked":["Sucker Punch","Cloak And Dagger"],"picked":"PiercingWail","floor":10},{"not_picked":["Bullet Time","Crippling Poison","Outmaneuver"],"picked":"SKIP","floor":12},{"not_picked":["Footwork","All Out Attack"],"picked":"Caltrops","floor":14},{"not_picked":["Tools of the Trade","Die Die Die"],"picked":"Corpse Explosion","floor":16},{"not_picked":["Tactician+1","Blur"],"picked":"Bane+1","floor":18},{"not_picked":["Sucker Punch+1","Backflip","Dodge and Roll"],"picked":"SKIP","floor":20},{"not_picked":["Reflex+1","Infinite Blades"],"picked":"Venomology","floor":21},{"not_picked":["Well Laid Plans","Underhanded Strike","Dagger Throw"],"picked":"SKIP","floor":22},{"not_picked":["Accuracy+1","Underhanded Strike"],"picked":"Slice+1","floor":24},{"not_picked":["Outmaneuver","Skewer"],"picked":"Deflect+1","floor":27},{"not_picked":["Dagger Spray+1","Sucker Punch+1"],"picked":"Tools of the Trade","floor":30},{"not_picked":["After Image","Storm of Steel"],"picked":"Envenom","floor":33},{"not_picked":["Footwork+1","Finisher","Sucker Punch"],"picked":"SKIP","floor":35},{"not_picked":["Finisher","Sucker Punch"],"picked":"Footwork+1","floor":35},{"not_picked":["Slice","Dodge and Roll"],"picked":"Outmaneuver+1","floor":37},{"not_picked":["Outmaneuver","Skewer"],"picked":"Footwork","floor":38},{"not_picked":["Poisoned Stab","Bouncing Flask","Riddle With Holes"],"picked":"SKIP","floor":45},{"not_picked":["Prepared","Backstab"],"picked":"Poisoned Stab+1","floor":46}],"player_experience":277595,"relics_obtained":[{"floor":7,"key":"Bird Faced Urn"},{"floor":9,"key":"Darkstone Periapt"},{"floor":12,"key":"Bottled Flame"},{"floor":14,"key":"MawBank"},{"floor":26,"key":"Art of War"},{"floor":27,"key":"StoneCalendar"},{"floor":30,"key":"The Courier"},{"floor":43,"key":"Whetstone"}],"event_choices":[{"event_name":"Golden Shrine","player_choice":"Pray","floor":31,"damage_taken":0},{"event_name":"Duplicator","player_choice":"One dupe","floor":39,"damage_taken":0},{"event_name":"Transmorgrifier","player_choice":"Transform","floor":42,"damage_taken":0}],"is_beta":false,"boss_relics":[{"not_picked":["Fusion Hammer","Snecko Eye"],"picked":"Velvet Choker"},{"not_picked":["Calling Bell","Astrolabe"],"picked":"White Beast Statue"}],"items_purged_floors":[3,11,19,25,36,47],"is_endless":false,"potions_floor_spawned":[2,5,14,16,18,21,22,30,35,37,38,40,45,46,48],"killed_by":"Awakened One","ascension_level":2}