{"gold_per_floor":[111,127,127,139,102,136,136,166,245,262,262,310,343,355,355,450,450,460,380,399,54,68,68,99,99,177,190,217,217,217],"floor_reached":30,"playtime":1530,"items_purged":[],"score":271,"play_id":"7daf03df-a15e-41c4-93e7-08039005ee53","local_time":"20180727205923","is_ascension_mode":true,"campfire_choices":[{"data":"Chill","floor":7,"key":"SMITH"},{"data":"Ball Lightning","floor":15,"key":"SMITH"},{"floor":23,"key":"REST"},{"floor":25,"key":"REST"},{"data":"Defragment","floor":29,"key":"SMITH"}],"neow_cost":"","seed_source_timestamp":275849348162747,"circlet_count":0,"master_deck":["Strike_B","Strike_B","Strike_B","Strike_B","Defend_B","Defend_B","Defend_B","Defend_B","Zap","Dualcast","Go for the Eyes","Chill+1","Ball Lightning","Defragment+1","Ball Lightning+1","Reinforced Body","Beam Cell+1","Echo Form","Rebound+1","Blizzard+1","Barrage+1","Defragment","Auto Shields","Reinforced Body","Barrage+1","Reinforced Body"],"relics":["Cracked Core","Blood Vial","Tiny Chest","Omamori","Molten Egg 2","Inserter","Bottled Tornado","Dodecahedron","Singing Bowl","Red Mask"],"potions_floor_usage":[13,16,24,28,30],"damage_taken":[{"damage":1,"enemies":"Cultist","floor":1,"turns":3},{"damage":1,"enemies":"2 Louse","floor":2,"turns":3},{"damage":0,"enemies":"Jaw Worm","floor":4,"turns":4},{"damage":5,"enemies":"3 Sentries","floor":6,"turns":6},{"damage":0,"enemies":"3 Louse","floor":10,"turns":4},{"damage":8,"enemies":"Lagavulin","floor":13,"turns":5},{"damage":5,"enemies":"Blue Slaver","floor":14,"turns":3},{"damage":7,"enemies":"Hexaghost","floor":16,"turns":9},{"damage":22,"enemies":"2 Thieves","floor":18,"turns":4},{"damage":13,"enemies":"Shell Parasite","floor":20,"turns":5},{"damage":6,"enemies":"Cultist and Chosen","floor":22,"turns":6},{"damage":20,"enemies":"Slavers","floor":24,"turns":5},{"damage":12,"enemies":"Centurion and Healer","floor":27,"turns":4},{"damage":5,"floor":28,"turns":5},{"damage":69,"enemies":"Gremlin Leader","floor":30,"turns":5}],"seed_played":"8388666943334089526","potions_obtained":[{"floor":4,"key":"Poison Potion"},{"floor":6,"key":"Ancient Potion"},{"floor":13,"key":"EssenceOfSteel"},{"floor":22,"key":"Fire Potion"},{"floor":27,"key":"Regen Potion"},{"floor":28,"key":"AttackPotion"}],"is_trial":false,"path_per_floor":["M","M","$","M","$","E","R","?","T","M","?","T","E","M","R","B",null,"M","$","M","$","M","R","E","R","T","M","?","R"],"character_chosen":"DEFECT","items_purchased":["Defragment","Blizzard+1","Bottled Tornado","Defragment","Auto Shields"],"campfire_rested":2,"item_purchase_floors":[5,19,21,21,21],"current_hp_per_floor":[74,73,73,73,73,68,68,68,68,70,70,70,64,61,61,56,75,53,53,42,42,38,60,42,64,64,54,67,67,0],"gold":217,"neow_bonus":"","is_prod":false,"is_daily":false,"chose_seed":false,"campfire_upgraded":3,"win_rate":0.0,"timestamp":1532743163,"path_taken":["M","M","$","M","$","E","R","?","T","M","?","?","E","M","R","BOSS","M","$","M","$","M","R","E","R","T","M","?","R","E"],"build_version":"2018-07-26","purchased_purges":0,"victory":false,"max_hp_per_floor":[75,75,75,75,75,75,75,75,75,75,75,75,75,75,75,75,75,75,75,75,75,75,75,75,75,75,75,77,77,77],"card_choices":[{"not_picked":["Hologram","Gash"],"picked":"Go for the Eyes","floor":1},{"not_picked":["Gash","Chaos"],"picked":"Chill","floor":2},{"not_picked":["Compile Driver","Gash"],"picked":"Ball Lightning","floor":4},{"not_picked":["Scrape","Amplify"],"picked":"Ball Lightning","floor":6},{"not_picked":["Fusion","Leap"],"picked":"Reinforced Body","floor":10},{"not_picked":["Fission","Auto Shields"],"picked":"Beam Cell","floor":13},{"not_picked":["Go for the Eyes+1","Coolheaded","Chill"],"picked":"SKIP","floor":14},{"not_picked":["Buffer","Seek"],"picked":"Echo Form","floor":16},{"not_picked":["Redo","Leap"],"picked":"Rebound+1","floor":18},{"not_picked":["Stack+1","Steam"],"picked":"Barrage+1","floor":20},{"not_picked":["Go for the Eyes+1","Coolheaded+1"],"picked":"Reinforced Body","floor":22},{"not_picked":["Conserve Battery","Blizzard+1"],"picked":"Barrage+1","floor":24},{"not_picked":["Compile Driver+1","Tempest"],"picked":"Reinforced Body","floor":27},{"not_picked":["Gash+1","Rip and Tear+1","Sweeping Beam+1"],"picked":"Singing Bowl","floor":28}],"player_experience":596769,"relics_obtained":[{"floor":6,"key":"Blood Vial"},{"floor":9,"key":"Tiny Chest"},{"floor":12,"key":"Omamori"},{"floor":13,"key":"Molten Egg 2"},{"floor":24,"key":"Dodecahedron"},{"floor":26,"key":"Singing Bowl"},{"floor":28,"key":"Red Mask"}],"event_choices":[{"event_name":"Dead Adventurer","player_choice":"Searched \u00271\u0027 times","floor":8,"damage_taken":0},{"event_name":"Liars Game","player_choice":"disagreed","floor":11,"damage_taken":0},{"event_name":"Masked Bandits","player_choice":"Fought over 190 gold","floor":28,"damage_taken":0}],"is_beta":false,"boss_relics":[{"not_picked":["Busted Crown","Snecko Eye"],"picked":"Inserter"}],"items_purged_floors":[],"is_endless":false,"potions_floor_spawned":[4,6,13,22,27,28],"killed_by":"Gremlin Leader","ascension_level":1}