{"gold_per_floor":[116,41,58,58,69,69,104,104,104,137,97,97,109,129,129,129],"floor_reached":16,"playtime":446,"items_purged":[],"score":240,"play_id":"b9c8f672-6fd3-4aa5-a41b-16af2bed8387","local_time":"20190614005643","is_ascension_mode":true,"campfire_choices":[{"data":"Consume","floor":6,"key":"SMITH"},{"floor":8,"key":"REST"},{"floor":15,"key":"REST"}],"neow_cost":"NONE","seed_source_timestamp":76489714510925,"circlet_count":0,"master_deck":["AscendersBane","Strike_B","Strike_B","Strike_B","Defend_B","Defend_B","Defend_B","Defend_B","Zap","Dualcast","Rebound","Consume+1","Leap","Gash","Defragment","Gash","Sunder"],"relics":["Cracked Core","Torii","Mango","Potion Belt"],"potions_floor_usage":[7,13,14],"damage_taken":[{"damage":7,"enemies":"2 Louse","floor":1,"turns":3},{"damage":5,"enemies":"Small Slimes","floor":3,"turns":3},{"damage":9,"enemies":"Jaw Worm","floor":5,"turns":3},{"damage":32,"enemies":"Gremlin Nob","floor":7,"turns":4},{"damage":43,"enemies":"3 Sentries","floor":10,"turns":9},{"damage":2,"enemies":"Lots of Slimes","floor":13,"turns":5},{"damage":8,"enemies":"Red Slaver","floor":14,"turns":4},{"damage":37,"enemies":"The Guardian","floor":16,"turns":9}],"seed_played":"2792660801864978715","potions_obtained":[{"floor":3,"key":"Poison Potion"},{"floor":10,"key":"SteroidPotion"},{"floor":13,"key":"Dexterity Potion"}],"is_trial":false,"path_per_floor":["M","?","M","?","M","R","E","R","T","E","$","?","M","M","R","B"],"character_chosen":"DEFECT","items_purchased":["Defragment"],"campfire_rested":2,"item_purchase_floors":[11],"current_hp_per_floor":[64,64,59,64,55,55,23,47,61,18,18,18,16,8,37,0],"gold":129,"neow_bonus":"TEN_PERCENT_HP_BONUS","is_prod":false,"is_daily":false,"chose_seed":false,"campfire_upgraded":1,"win_rate":0,"timestamp":1560445003,"path_taken":["M","?","M","?","M","R","E","R","T","E","$","?","M","M","R","BOSS"],"build_version":"2019-01-23","purchased_purges":0,"victory":false,"max_hp_per_floor":[78,78,78,83,83,83,83,83,97,97,97,97,97,97,97,97],"card_choices":[{"not_picked":["Rebound","Static Discharge","Compile Driver"],"picked":"SKIP","floor":1},{"not_picked":["Hologram","Steam"],"picked":"Rebound","floor":3},{"not_picked":["Force Field","Compile Driver"],"picked":"Consume","floor":5},{"not_picked":["Scrape","Skim"],"picked":"Leap","floor":7},{"not_picked":["Beam Cell","Compile Driver"],"picked":"Gash","floor":10},{"not_picked":["Static Discharge","Ball Lightning"],"picked":"Gash","floor":13},{"not_picked":["Aggregate","Force Field"],"picked":"Sunder","floor":14}],"player_experience":672007,"relics_obtained":[{"floor":7,"key":"Torii"},{"floor":9,"key":"Mango"},{"floor":10,"key":"Potion Belt"}],"event_choices":[{"cards_removed":["Strike_B"],"damage_healed":0,"gold_gain":0,"player_choice":"Card Removal","damage_taken":0,"max_hp_gain":0,"max_hp_loss":0,"event_name":"The Cleric","floor":2,"gold_loss":75},{"damage_healed":0,"gold_gain":0,"player_choice":"Donut","damage_taken":0,"max_hp_gain":5,"max_hp_loss":0,"event_name":"Big Fish","floor":4,"gold_loss":0},{"damage_healed":0,"gold_gain":0,"player_choice":"Ignored","damage_taken":0,"max_hp_gain":0,"max_hp_loss":0,"event_name":"Liars Game","floor":12,"gold_loss":0}],"is_beta":false,"boss_relics":[],"items_purged_floors":[],"is_endless":false,"potions_floor_spawned":[3,10,13],"killed_by":"The Guardian","ascension_level":19}