{"gold_per_floor":[111,6,6,6,6,6,18,18,64,64,80,93,119,136,136,232,232,251,265,21,21,35,35],"floor_reached":23,"playtime":2402,"items_purged":["Defend_R"],"score":191,"play_id":"ac63382e-a8f8-4ebd-8a24-2c43aed2c8bf","local_time":"20190121065706","is_ascension_mode":false,"campfire_choices":[{"data":"Strike_R","floor":6,"key":"SMITH"},{"data":"Bash","floor":8,"key":"SMITH"},{"data":"Pommel Strike","floor":10,"key":"SMITH"},{"data":"Regret","floor":15,"key":"PURGE"}],"neow_cost":"","seed_source_timestamp":186892417894000,"circlet_count":0,"master_deck":["Strike_R+1","Strike_R+1","Strike_R","Strike_R","Strike_R","Defend_R","Defend_R","Defend_R","Bash+1","Armaments+1","Pommel Strike+1","Headbutt","Heavy Blade","Berserk","Metallicize","Twin Strike","Anger","Bludgeon","Iron Wave","Inflame+1","Secret Technique","Pommel Strike+1"],"relics":["Burning Blood","Torii","Blood Vial","Peace Pipe","Mark of Pain","Oddly Smooth Stone"],"potions_floor_usage":[22,22],"damage_taken":[{"damage":10,"enemies":"Small Slimes","floor":1,"turns":4},{"damage":6,"enemies":"2 Louse","floor":7,"turns":2},{"damage":1,"enemies":"Cultist","floor":11,"turns":3},{"damage":8,"enemies":"Lots of Slimes","floor":12,"turns":5},{"damage":28,"enemies":"Gremlin Nob","floor":13,"turns":5},{"damage":2,"enemies":"2 Fungi Beasts","floor":14,"turns":3},{"damage":56,"enemies":"The Guardian","floor":16,"turns":10},{"damage":15,"enemies":"Shell Parasite","floor":18,"turns":4},{"damage":40,"enemies":"2 Thieves","floor":19,"turns":3},{"damage":0,"enemies":"Snecko","floor":22,"turns":2},{"damage":54,"enemies":"Book of Stabbing","floor":23,"turns":4}],"seed_played":"-6119630480031548906","potions_obtained":[{"floor":11,"key":"Poison Potion"},{"floor":12,"key":"SteroidPotion"},{"floor":16,"key":"Block Potion"},{"floor":19,"key":"GamblersBrew"}],"is_trial":false,"path_per_floor":["M","$","?","?","?","R","M","R","T","R","M","M","E","M","R","B",null,"M","M","$","T","M","E"],"character_chosen":"IRONCLAD","items_purchased":["Pommel Strike","Headbutt","Secret Technique"],"campfire_rested":0,"item_purchase_floors":[2,2,20],"current_hp_per_floor":[76,76,76,76,76,76,76,76,76,76,80,78,58,64,64,16,80,71,39,39,39,47,0],"gold":35,"neow_bonus":"","is_prod":false,"is_daily":false,"chose_seed":false,"campfire_upgraded":3,"win_rate":0.0,"timestamp":1548050226,"path_taken":["M","$","?","?","?","R","M","R","T","R","M","M","E","M","R","BOSS","M","M","$","?","M","E"],"build_version":"2019-01-17v2","purchased_purges":1,"victory":false,"max_hp_per_floor":[80,80,80,80,80,80,80,80,80,80,80,80,80,80,80,80,80,80,80,80,80,80,80],"card_choices":[{"not_picked":["Headbutt","Clothesline"],"picked":"Armaments","floor":1},{"not_picked":["Flex","Combust"],"picked":"Heavy Blade","floor":7},{"not_picked":["Flex","Iron Wave"],"picked":"Berserk","floor":11},{"not_picked":["Armaments","Body Slam"],"picked":"Metallicize","floor":12},{"not_picked":["Thunderclap","Warcry"],"picked":"Twin Strike","floor":13},{"not_picked":["Ghostly Armor","Warcry"],"picked":"Anger","floor":14},{"not_picked":["Dark Embrace","Barricade"],"picked":"Bludgeon","floor":16},{"not_picked":["Rupture","Heavy Blade+1"],"picked":"Iron Wave","floor":18},{"not_picked":["Rupture","Spot Weakness"],"picked":"Inflame+1","floor":19},{"not_picked":["Twin Strike","Flex"],"picked":"Pommel Strike+1","floor":22}],"player_experience":0,"relics_obtained":[{"floor":9,"key":"Blood Vial"},{"floor":13,"key":"Peace Pipe"},{"floor":21,"key":"Oddly Smooth Stone"}],"event_choices":[{"damage_healed":0,"gold_gain":0,"player_choice":"Grow","damage_taken":0,"max_hp_gain":0,"max_hp_loss":0,"event_name":"Living Wall","floor":3,"gold_loss":0,"cards_upgraded":["Armaments"]},{"damage_healed":0,"gold_gain":0,"player_choice":"Box","damage_taken":0,"relics_obtained":["Torii"],"max_hp_gain":0,"max_hp_loss":0,"event_name":"Big Fish","floor":4,"gold_loss":0,"cards_obtained":["Regret"]},{"damage_healed":0,"gold_gain":0,"player_choice":"Forge","damage_taken":0,"max_hp_gain":0,"max_hp_loss":0,"event_name":"Accursed Blacksmith","floor":5,"gold_loss":0,"cards_upgraded":["Strike_R"]}],"is_beta":false,"boss_relics":[{"not_picked":["Runic Dome","Tiny House"],"picked":"Mark of Pain"}],"items_purged_floors":[20],"is_endless":false,"potions_floor_spawned":[11,12,16,19],"killed_by":"Book of Stabbing","ascension_level":0}