{"gold_per_floor":[112,82,7,22,22,52,52,80,380,380,409,309,320,332,332,435,435,446,446,167,167,167,197,147,147],"floor_reached":25,"playtime":866,"items_purged":["Defend_B","Defend_B","Strike_B","Defend_B"],"score":363,"play_id":"2caa4b60-99bb-4826-a090-e22da30d32cf","local_time":"20181209220428","is_ascension_mode":true,"campfire_choices":[{"data":"Zap","floor":10,"key":"SMITH"},{"data":"Double Energy","floor":15,"key":"SMITH"}],"neow_cost":"NONE","seed_source_timestamp":568905382792100,"circlet_count":0,"master_deck":["Defend_B+1","Zap+1","Dualcast","Conserve Battery","Conserve Battery","Self Repair","Double Energy+1","Rainbow+1","Bite","Bite","Bite","Bite","Bite","Sweeping Beam"],"relics":["Cracked Core","NeowsBlessing","Emotion Chip","Centennial Puzzle","Old Coin","Symbiotic Virus","Black Star","Dead Branch","War Paint","Smiling Mask","Turnip"],"potions_floor_usage":[8,11,14,16,16,25],"damage_taken":[{"damage":0,"enemies":"Cultist","floor":1,"turns":1},{"damage":0,"enemies":"2 Louse","floor":4,"turns":1},{"damage":0,"enemies":"Lagavulin","floor":6,"turns":1},{"damage":18,"enemies":"Gremlin Nob","floor":8,"turns":3},{"damage":11,"enemies":"Lagavulin","floor":11,"turns":6},{"damage":0,"enemies":"Jaw Worm","floor":13,"turns":3},{"damage":0,"enemies":"2 Fungi Beasts","floor":14,"turns":4},{"damage":48,"enemies":"Hexaghost","floor":16,"turns":9},{"damage":9,"enemies":"Shell Parasite","floor":18,"turns":5},{"damage":53,"enemies":"Book of Stabbing","floor":23,"turns":6},{"damage":20,"enemies":"Slavers","floor":25,"turns":1}],"seed_played":"9010196649519617048","potions_obtained":[{"floor":2,"key":"EssenceOfSteel"},{"floor":2,"key":"Fire Potion"},{"floor":7,"key":"LiquidBronze"},{"floor":7,"key":"Energy Potion"},{"floor":8,"key":"Strength Potion"},{"floor":11,"key":"EssenceOfSteel"},{"floor":13,"key":"Regen Potion"},{"floor":18,"key":"Explosive Potion"}],"is_trial":false,"path_per_floor":["M","?","$","M","$","E","?","E","T","R","E","$","M","M","R","B",null,"M","T","$","?","?","E","$","E"],"character_chosen":"DEFECT","items_purchased":["War Paint"],"campfire_rested":0,"item_purchase_floors":[20],"current_hp_per_floor":[68,68,68,68,68,68,68,50,50,50,46,46,53,72,72,31,64,62,62,62,52,52,18,18,0],"gold":147,"neow_bonus":"THREE_ENEMY_KILL","is_prod":false,"is_daily":false,"chose_seed":false,"campfire_upgraded":2,"win_rate":0,"timestamp":1544364268,"path_taken":["M","?","?","M","$","E","?","E","T","R","E","$","M","M","R","BOSS","M","?","$","?","?","E","$","E"],"build_version":"2018-12-06","purchased_purges":4,"victory":false,"max_hp_per_floor":[75,75,75,75,75,75,75,75,75,75,75,75,75,75,75,75,75,75,75,75,52,52,52,52,52],"card_choices":[{"not_picked":["Gash","Rebound"],"picked":"Conserve Battery","floor":1},{"not_picked":["Recycle","Consume","Sweeping Beam"],"picked":"SKIP","floor":4},{"not_picked":["Leap","Steam"],"picked":"Conserve Battery","floor":6},{"not_picked":["Sweeping Beam","Undo"],"picked":"Self Repair","floor":8},{"not_picked":["Fusion","Streamline"],"picked":"Double Energy","floor":11},{"not_picked":["Leap","Chill","Rebound"],"picked":"SKIP","floor":13},{"not_picked":["Go for the Eyes","Glacier","Rebound"],"picked":"SKIP","floor":14},{"not_picked":["Amplify","Multi-Cast"],"picked":"Rainbow","floor":16},{"not_picked":["Ball Lightning","Sweeping Beam","Storm"],"picked":"SKIP","floor":18},{"not_picked":["Recycle","Conserve Battery"],"picked":"Sweeping Beam","floor":23}],"player_experience":534809,"relics_obtained":[{"floor":6,"key":"Emotion Chip"},{"floor":8,"key":"Centennial Puzzle"},{"floor":9,"key":"Old Coin"},{"floor":11,"key":"Symbiotic Virus"},{"floor":19,"key":"Dead Branch"},{"floor":23,"key":"Smiling Mask"},{"floor":23,"key":"Turnip"}],"event_choices":[{"damage_healed":0,"gold_gain":0,"player_choice":"Bought 2 Potions","damage_taken":0,"max_hp_gain":0,"max_hp_loss":0,"event_name":"The Woman in Blue","floor":2,"gold_loss":0},{"damage_healed":0,"gold_gain":0,"player_choice":"Got Potions","damage_taken":0,"max_hp_gain":0,"max_hp_loss":0,"event_name":"Lab","floor":7,"gold_loss":0},{"damage_healed":0,"gold_gain":0,"player_choice":"Became a vampire","damage_taken":0,"max_hp_gain":0,"max_hp_loss":23,"event_name":"Vampires","floor":21,"gold_loss":0,"cards_obtained":["Bite","Bite","Bite","Bite","Bite"]},{"damage_healed":0,"gold_gain":0,"player_choice":"Ignored","damage_taken":0,"max_hp_gain":0,"max_hp_loss":0,"event_name":"Ghosts","floor":22,"gold_loss":0}],"is_beta":false,"boss_relics":[{"not_picked":["Cursed Key","Runic Dome"],"picked":"Black Star"}],"items_purged_floors":[3,12,20,24],"is_endless":false,"potions_floor_spawned":[8,11,13,18],"killed_by":"Slavers","ascension_level":6}