{"gold_per_floor":[118,137,137,151,151,151,179,191,191,191,210,210,237,249,249,346,346,316,241,2,2,19,19,119,119,119,135,135,135,155,173,173,274,274,290,240,45,59,59,59,59,159,159,36,36,82,0,31,31,31],"floor_reached":51,"playtime":2864,"items_purged":["Defend_B","Strike_B","Defend_B"],"score":993,"play_id":"295c96b0-fc9a-4935-b1f0-90bd4a82e8ab","local_time":"20190602173626","is_ascension_mode":true,"campfire_choices":[{"data":"Defragment","floor":6,"key":"SMITH"},{"data":"Hologram","floor":12,"key":"SMITH"},{"data":"Defragment","floor":15,"key":"SMITH"},{"data":"Creative AI","floor":23,"key":"SMITH"},{"data":"Defragment","floor":25,"key":"SMITH"},{"floor":28,"key":"REST"},{"data":"Dualcast","floor":32,"key":"SMITH"},{"data":"Lockon","floor":41,"key":"SMITH"},{"floor":49,"key":"REST"}],"neow_cost":"NONE","seed_source_timestamp":1296774392550100,"circlet_count":0,"master_deck":["Strike_B","Strike_B","Strike_B","Defend_B","Zap+1","Dualcast+1","Defragment+1","Hologram+1","Defragment+1","Glacier","Capacitor+1","Defragment+1","Chill","Creative AI+1","Coolheaded","Storm","Cold Snap","BootSequence","Barrage+1","Steam","Lockon+1","PanicButton","Glacier","Madness","Madness","Go for the Eyes+1"],"relics":["Cracked Core","Art of War","Smiling Mask","Mummified Hand","Runic Pyramid","Juzu Bracelet","Girya","Frozen Egg 2","Vajra","Sozu","Strawberry","Torii","Symbiotic Virus","Peace Pipe","Red Mask","Bronze Scales"],"potions_floor_usage":[13,14,14,16,24,50,50],"damage_taken":[{"damage":0,"enemies":"Cultist","floor":1,"turns":3},{"damage":4,"enemies":"Small Slimes","floor":2,"turns":3},{"damage":3,"enemies":"Jaw Worm","floor":4,"turns":4},{"damage":39,"enemies":"Gremlin Nob","floor":7,"turns":5},{"damage":0,"enemies":"Looter","floor":8,"turns":3},{"damage":0,"enemies":"3 Louse","floor":11,"turns":4},{"damage":2,"enemies":"3 Sentries","floor":13,"turns":8},{"damage":0,"enemies":"Lots of Slimes","floor":14,"turns":6},{"damage":13,"enemies":"The Guardian","floor":16,"turns":9},{"damage":9,"enemies":"2 Thieves","floor":18,"turns":5},{"damage":0,"enemies":"Spheric Guardian","floor":22,"turns":4},{"damage":13,"enemies":"Colosseum Slavers","floor":24,"turns":5},{"damage":0,"enemies":"Colosseum Nobs","floor":24,"turns":5},{"damage":8,"enemies":"Chosen and Byrds","floor":27,"turns":4},{"damage":10,"enemies":"Shelled Parasite and Fungi","floor":30,"turns":5},{"damage":0,"enemies":"Sentry and Sphere","floor":31,"turns":4},{"damage":13,"enemies":"Champ","floor":33,"turns":8},{"damage":0,"enemies":"3 Darklings","floor":35,"turns":4},{"damage":0,"enemies":"3 Shapes","floor":38,"turns":4},{"damage":0,"enemies":"Mind Bloom Boss Battle","floor":42,"turns":6},{"damage":0,"enemies":"2 Orb Walkers","floor":46,"turns":5},{"damage":0,"enemies":"Nemesis","floor":48,"turns":7},{"damage":14,"enemies":"Time Eater","floor":50,"turns":8}],"seed_played":"-5025256669572962387","potions_obtained":[{"floor":2,"key":"SteroidPotion"},{"floor":7,"key":"Energy Potion"},{"floor":11,"key":"Fire Potion"},{"floor":13,"key":"SkillPotion"},{"floor":14,"key":"SkillPotion"},{"floor":18,"key":"Regen Potion"},{"floor":31,"key":"Dexterity Potion"},{"floor":33,"key":"Strength Potion"}],"is_trial":false,"path_per_floor":["M","M","?","M","?","R","E","M","T","?","M","R","E","M","R","B",null,"M","?","$","?","M","R","?","R","T","M","R","?","M","M","R","B",null,"M","$","$","M","?","?","R","?","T","$","?","?","?","E","R","B",null],"character_chosen":"DEFECT","items_purchased":["Storm","Cold Snap","Juzu Bracelet","Strawberry","Glacier"],"campfire_rested":2,"item_purchase_floors":[20,20,20,37,44],"current_hp_per_floor":[68,64,64,61,66,66,27,27,27,27,27,27,25,25,25,12,63,54,54,54,39,39,39,40,40,40,32,57,57,47,47,47,34,72,72,72,79,79,79,79,79,79,79,79,67,67,67,67,92,78],"gold":31,"neow_bonus":"UPGRADE_CARD","is_prod":false,"is_daily":false,"chose_seed":false,"campfire_upgraded":7,"win_rate":0,"timestamp":1559511386,"path_taken":["M","?","?","M","?","R","E","M","T","?","M","R","E","M","R","BOSS","M","?","$","?","M","R","?","R","T","M","R","?","M","M","R","BOSS","M","?","$","M","?","?","R","?","T","$","?","?","?","E","R","BOSS"],"build_version":"2019-01-23","purchased_purges":3,"victory":true,"max_hp_per_floor":[75,75,75,75,80,80,80,80,80,80,80,80,80,80,80,80,80,80,80,80,85,85,85,85,85,85,85,85,85,85,85,85,85,85,85,85,92,92,92,92,92,92,92,92,92,92,92,92,92,92],"card_choices":[{"not_picked":["Sweeping Beam","Turbo"],"picked":"Defragment","floor":1},{"not_picked":["Steam Power","Compile Driver"],"picked":"Hologram","floor":2},{"not_picked":["Skim","Redo"],"picked":"Defragment","floor":4},{"not_picked":["Core Surge","Lockon"],"picked":"Glacier","floor":7},{"not_picked":["Blizzard","BootSequence"],"picked":"Capacitor","floor":8},{"not_picked":["Stack","Turbo","Barrage"],"picked":"SKIP","floor":11},{"not_picked":["Streamline","Fission"],"picked":"Defragment","floor":13},{"not_picked":["Sweeping Beam","Scrape"],"picked":"Chill","floor":14},{"not_picked":["Buffer","Hyperbeam"],"picked":"Creative AI","floor":16},{"not_picked":["Genetic Algorithm+1","Ball Lightning"],"picked":"Coolheaded","floor":18},{"not_picked":["Go for the Eyes","Leap"],"picked":"BootSequence","floor":22},{"not_picked":["Genetic Algorithm","Steam"],"picked":"Barrage+1","floor":27},{"not_picked":["Conserve Battery","Static Discharge+1","Rip and Tear"],"picked":"SKIP","floor":30},{"not_picked":["Ball Lightning","Gash"],"picked":"Steam","floor":31},{"not_picked":["Melter","Heatsinks+1","Self Repair+1"],"picked":"SKIP","floor":35},{"not_picked":["Compile Driver+1","Doom and Gloom+1"],"picked":"Lockon","floor":38},{"not_picked":["Bandage Up","Swift Strike"],"picked":"PanicButton","floor":39},{"not_picked":["Cold Snap","Conserve Battery"],"picked":"Go for the Eyes+1","floor":46},{"not_picked":["Turbo+1","FTL","BootSequence"],"picked":"SKIP","floor":48}],"player_experience":687173,"relics_obtained":[{"floor":7,"key":"Art of War"},{"floor":9,"key":"Smiling Mask"},{"floor":13,"key":"Mummified Hand"},{"floor":24,"key":"Girya"},{"floor":24,"key":"Frozen Egg 2"},{"floor":26,"key":"Vajra"},{"floor":42,"key":"Torii"},{"floor":43,"key":"Symbiotic Virus"},{"floor":46,"key":"Peace Pipe"},{"floor":48,"key":"Bronze Scales"}],"event_choices":[{"damage_healed":0,"gold_gain":0,"player_choice":"Fled","damage_taken":0,"max_hp_gain":0,"max_hp_loss":0,"event_name":"Scrap Ooze","floor":3,"gold_loss":0},{"damage_healed":0,"gold_gain":0,"player_choice":"Donut","damage_taken":0,"max_hp_gain":5,"max_hp_loss":0,"event_name":"Big Fish","floor":5,"gold_loss":0},{"damage_healed":0,"gold_gain":0,"player_choice":"Upgraded","damage_taken":0,"max_hp_gain":0,"max_hp_loss":0,"event_name":"Upgrade Shrine","floor":10,"gold_loss":0,"cards_upgraded":["Capacitor"]},{"cards_removed":["Defend_B"],"damage_healed":0,"gold_gain":0,"player_choice":"Gave Gold","damage_taken":0,"max_hp_gain":0,"max_hp_loss":0,"event_name":"Beggar","floor":19,"gold_loss":75},{"damage_healed":0,"gold_gain":0,"player_choice":"Shed Blood","damage_taken":20,"max_hp_gain":5,"max_hp_loss":0,"event_name":"Forgotten Altar","floor":21,"gold_loss":0},{"damage_healed":0,"gold_gain":0,"player_choice":"Fight","damage_taken":0,"max_hp_gain":0,"max_hp_loss":0,"event_name":"Colosseum","floor":24,"gold_loss":0},{"damage_healed":0,"gold_gain":0,"player_choice":"Fought Nobs","damage_taken":0,"max_hp_gain":0,"max_hp_loss":0,"event_name":"Colosseum","floor":24,"gold_loss":0},{"damage_healed":0,"gold_gain":0,"player_choice":"Ignored","damage_taken":0,"max_hp_gain":0,"max_hp_loss":0,"event_name":"N\u0027loth","floor":29,"gold_loss":0},{"damage_healed":0,"gold_gain":0,"player_choice":"Memory 1","damage_taken":0,"max_hp_gain":0,"max_hp_loss":0,"event_name":"SensoryStone","floor":39,"gold_loss":0},{"damage_healed":0,"gold_gain":0,"player_choice":"Bought 0 Potions","damage_taken":0,"max_hp_gain":0,"max_hp_loss":0,"event_name":"The Woman in Blue","floor":40,"gold_loss":0},{"damage_healed":0,"gold_gain":0,"player_choice":"Fight","damage_taken":0,"max_hp_gain":0,"max_hp_loss":0,"event_name":"MindBloom","floor":42,"gold_loss":0},{"damage_healed":0,"gold_gain":0,"player_choice":"Embrace Madness","damage_taken":12,"max_hp_gain":0,"max_hp_loss":0,"event_name":"Winding Halls","floor":45,"gold_loss":0,"cards_obtained":["Madness","Madness"]},{"damage_healed":0,"gold_gain":0,"player_choice":"Fight","damage_taken":0,"max_hp_gain":0,"max_hp_loss":0,"event_name":"Mysterious Sphere","floor":46,"gold_loss":0},{"damage_healed":0,"gold_gain":0,"player_choice":"Paid","damage_taken":0,"relics_obtained":["Red Mask"],"max_hp_gain":0,"max_hp_loss":0,"event_name":"Tomb of Lord Red Mask","floor":47,"gold_loss":82}],"is_beta":false,"boss_relics":[{"not_picked":["Nuclear Battery","Philosopher\u0027s Stone"],"picked":"Runic Pyramid"},{"not_picked":["Black Star","Tiny House"],"picked":"Sozu"}],"items_purged_floors":[36,37,44],"is_endless":false,"potions_floor_spawned":[2,7,11,13,14,18,31,33,38,48],"ascension_level":8}