{"gold_per_floor":[113,127,127,127,139,139,173,173,254,274,306,319,319,337,337,441,441,454,454,379,397,297,297,314,314],"floor_reached":25,"playtime":994,"items_purged":["Strike_R","Strike_R"],"score":330,"play_id":"2ffe8115-1345-4b91-b991-b56d5409a8f1","local_time":"20180821200507","is_ascension_mode":true,"campfire_choices":[{"data":"Rampage","floor":6,"key":"SMITH"},{"data":"Uppercut","floor":8,"key":"SMITH"},{"floor":13,"key":"REST"},{"data":"Bash","floor":15,"key":"SMITH"}],"neow_cost":"NONE","seed_source_timestamp":9274764681653,"circlet_count":0,"master_deck":["Strike_R","Strike_R","Strike_R","Defend_R","Defend_R","Defend_R","Defend_R","Bash+1","AscendersBane","Uppercut+1","Rampage+1","Cleave","Bloodletting","Shrug It Off","Immolate","Seeing Red","RitualDagger","True Grit+1"],"relics":["Burning Blood","Juzu Bracelet","Letter Opener","Question Card","Velvet Choker","Blue Candle"],"potions_floor_usage":[7,11,16,16,25],"damage_taken":[{"damage":2,"enemies":"2 Louse","floor":1,"turns":3},{"damage":0,"enemies":"Small Slimes","floor":2,"turns":3},{"damage":1,"enemies":"Cultist","floor":5,"turns":3},{"damage":42,"enemies":"Lagavulin","floor":7,"turns":7},{"damage":18,"enemies":"2 Fungi Beasts","floor":10,"turns":4},{"damage":35,"enemies":"3 Sentries","floor":11,"turns":8},{"damage":15,"enemies":"3 Louse","floor":12,"turns":4},{"damage":1,"enemies":"Exordium Wildlife","floor":14,"turns":3},{"damage":36,"enemies":"The Guardian","floor":16,"turns":14},{"damage":8,"enemies":"Chosen","floor":18,"turns":4},{"damage":10,"enemies":"2 Thieves","floor":21,"turns":4},{"damage":46,"enemies":"3 Cultists","floor":24,"turns":6},{"damage":20,"enemies":"Book of Stabbing","floor":25,"turns":3}],"seed_played":"-7404598128877866017","potions_obtained":[{"floor":1,"key":"Weak Potion"},{"floor":2,"key":"SneckoOil"},{"floor":10,"key":"SteroidPotion"},{"floor":12,"key":"AttackPotion"},{"floor":14,"key":"LiquidBronze"},{"floor":24,"key":"EssenceOfSteel"}],"is_trial":false,"path_per_floor":["M","M","?","?","M","R","E","R","T","M","E","M","R","M","R","B",null,"M","?","$","M","$","?","M"],"character_chosen":"IRONCLAD","items_purchased":[],"campfire_rested":1,"item_purchase_floors":[],"current_hp_per_floor":[84,88,88,93,93,93,57,57,57,45,16,7,34,39,39,9,72,70,70,70,66,66,60,20,0],"gold":314,"neow_bonus":"TEN_PERCENT_HP_BONUS","is_prod":false,"is_daily":false,"chose_seed":false,"campfire_upgraded":3,"win_rate":0,"timestamp":1534853107,"path_taken":["M","M","?","?","M","R","E","R","T","M","E","M","R","M","R","BOSS","M","?","$","M","$","?","M","E"],"build_version":"2018-08-16","purchased_purges":2,"victory":false,"max_hp_per_floor":[88,88,88,93,93,93,93,93,93,93,93,93,93,93,93,93,93,93,93,93,93,93,93,93,93],"card_choices":[{"not_picked":["Clash","Wild Strike"],"picked":"Uppercut","floor":1},{"not_picked":["Rupture","Clothesline"],"picked":"Rampage","floor":2},{"not_picked":["Second Wind","Reckless Charge","Warcry"],"picked":"SKIP","floor":5},{"not_picked":["Wild Strike","Clash","Clothesline"],"picked":"SKIP","floor":7},{"not_picked":["Heavy Blade","Headbutt"],"picked":"Cleave","floor":10},{"not_picked":["Thunderclap","Armaments","Clash"],"picked":"SKIP","floor":11},{"not_picked":["Evolve","Second Wind","Barricade"],"picked":"Bloodletting","floor":12},{"not_picked":["Havoc","Flex","Reckless Charge"],"picked":"Shrug It Off","floor":14},{"not_picked":["Demon Form","Berserk","Reaper"],"picked":"Immolate","floor":16},{"not_picked":["Body Slam","Havoc","Headbutt"],"picked":"Seeing Red","floor":18},{"not_picked":["Disarm+1","Dark Embrace","Second Wind","Sever Soul+1"],"picked":"SKIP","floor":21},{"not_picked":["Anger","Wild Strike+1","Rupture"],"picked":"True Grit+1","floor":24}],"player_experience":495954,"relics_obtained":[{"floor":7,"key":"Juzu Bracelet"},{"floor":9,"key":"Letter Opener"},{"floor":11,"key":"Question Card"}],"event_choices":[{"event_name":"Liars Game","player_choice":"disagreed","floor":3,"damage_taken":0},{"event_name":"Big Fish","player_choice":"Donut","floor":4,"damage_taken":0},{"event_name":"The Mausoleum","player_choice":"Yes","floor":19,"damage_taken":0},{"event_name":"Nest","player_choice":"Joined the Cult","floor":23,"damage_taken":0}],"is_beta":false,"boss_relics":[{"not_picked":["Snecko Eye","Runic Pyramid"],"picked":"Velvet Choker"}],"items_purged_floors":[20,22],"is_endless":false,"potions_floor_spawned":[1,2,10,12,14,24],"killed_by":"Book of Stabbing","ascension_level":11}