{"gold_per_floor":[119,44,44,58,75,75,104,115,115,115,115,35,135,151,151,251,251,261,184,8,8,25,25,25,25,95,95,105,105,121,1,1,1],"floor_reached":33,"playtime":1658,"items_purged":["Strike_R","Strike_R","Strike_R","Strike_R"],"score":279,"play_id":"e96fbc0b-f3d0-4e51-a38e-f99655ff5cdb","local_time":"20180809232415","is_ascension_mode":true,"campfire_choices":[{"data":"Warcry","floor":6,"key":"SMITH"},{"data":"Warcry","floor":10,"key":"SMITH"},{"data":"Rampage","floor":15,"key":"SMITH"},{"floor":23,"key":"REST"},{"data":"Bludgeon","floor":25,"key":"SMITH"},{"floor":32,"key":"REST"}],"neow_cost":"NONE","seed_source_timestamp":315199839843605,"circlet_count":0,"master_deck":["Defend_R+1","Defend_R","Defend_R","Defend_R","Bash+1","Rampage+1","Warcry+1","Flex","Warcry+1","Cleave","Bludgeon+1","True Grit+1","J.A.X.","Swift Strike","Headbutt+1","Demon Form","Rampage"],"relics":["Burning Blood","Kunai","The Courier","Lizard Tail","Happy Flower","Dodecahedron","FaceOfCleric"],"potions_floor_usage":[14,16,16,28,33],"damage_taken":[{"damage":14,"enemies":"Small Slimes","floor":1,"turns":5},{"damage":0,"enemies":"Cultist","floor":4,"turns":3},{"damage":4,"enemies":"2 Louse","floor":5,"turns":3},{"damage":47,"enemies":"Lagavulin","floor":7,"turns":6},{"damage":12,"enemies":"Gremlin Gang","floor":8,"turns":6},{"damage":0,"enemies":"2 Fungi Beasts","floor":14,"turns":3},{"damage":3,"enemies":"The Guardian","floor":16,"turns":9},{"damage":31,"enemies":"3 Byrds","floor":18,"turns":6},{"damage":36,"enemies":"Chosen","floor":22,"turns":5},{"damage":58,"enemies":"Centurion and Healer","floor":28,"turns":6},{"damage":24,"enemies":"Cultist and Chosen","floor":30,"turns":5},{"damage":62,"enemies":"Collector","floor":33,"turns":5}],"seed_played":"3046649279715345464","potions_obtained":[{"floor":1,"key":"SpeedPotion"},{"floor":5,"key":"Dexterity Potion"},{"floor":11,"key":"Explosive Potion"},{"floor":11,"key":"LiquidBronze"},{"floor":11,"key":"Swift Potion"},{"floor":14,"key":"Block Potion"},{"floor":28,"key":"Poison Potion"}],"is_trial":false,"path_per_floor":["M","$","?","M","M","R","E","M","T","R","?","$","?","M","R","B",null,"M","?","$","T","M","R","$","R","T","?","M","$","M","$","R"],"character_chosen":"IRONCLAD","items_purchased":["Swift Strike"],"campfire_rested":2,"item_purchase_floors":[20],"current_hp_per_floor":[72,72,56,62,64,64,23,17,17,17,17,17,17,23,23,26,80,55,55,55,55,25,49,49,49,49,49,47,47,30,30,54,0],"gold":1,"neow_bonus":"REMOVE_CARD","is_prod":false,"is_daily":false,"chose_seed":false,"campfire_upgraded":4,"win_rate":0,"timestamp":1533828255,"path_taken":["M","$","?","M","M","R","E","M","T","R","?","$","?","M","R","BOSS","M","?","$","?","M","R","$","R","T","?","?","$","M","?","R","BOSS"],"build_version":"2018-08-02","purchased_purges":4,"victory":false,"max_hp_per_floor":[80,80,80,80,80,80,80,80,80,80,80,80,80,80,80,80,80,80,80,80,80,80,80,80,80,80,80,81,81,82,82,82,82],"card_choices":[{"not_picked":["Armaments","Twin Strike"],"picked":"Rampage","floor":1},{"not_picked":["Heavy Blade","Sword Boomerang"],"picked":"Warcry","floor":4},{"not_picked":["Pummel","Fiend Fire","Fire Breathing"],"picked":"SKIP","floor":5},{"not_picked":["Reckless Charge","Cleave"],"picked":"Flex","floor":7},{"not_picked":["Burning Pact","Combust"],"picked":"Warcry","floor":8},{"not_picked":["Sword Boomerang","Twin Strike"],"picked":"Cleave","floor":14},{"not_picked":["Impervious","Reaper"],"picked":"Bludgeon","floor":16},{"not_picked":["Warcry","Rage"],"picked":"True Grit+1","floor":18},{"not_picked":["Blood for Blood+1","Pommel Strike+1"],"picked":"Headbutt+1","floor":22},{"not_picked":["Heavy Blade+1","Blood for Blood"],"picked":"Demon Form","floor":28},{"not_picked":["Burning Pact","Body Slam+1"],"picked":"Rampage","floor":30}],"player_experience":326109,"relics_obtained":[{"floor":7,"key":"Kunai"},{"floor":9,"key":"The Courier"},{"floor":21,"key":"Happy Flower"},{"floor":26,"key":"Dodecahedron"}],"event_choices":[{"event_name":"Shining Light","player_choice":"Entered Light","floor":3,"damage_taken":0},{"event_name":"The Lab","player_choice":"Got Potions","floor":11,"damage_taken":0},{"event_name":"Wheel of Change","player_choice":"Gold","floor":13,"damage_taken":0},{"event_name":"Drug Dealer","player_choice":"Got JAXXED","floor":19,"damage_taken":0},{"event_name":"FaceTrader","player_choice":"Trade","floor":27,"damage_taken":0}],"is_beta":false,"boss_relics":[{"not_picked":["Runic Dome","Runic Cube"],"picked":"Lizard Tail"}],"items_purged_floors":[2,12,20,31],"is_endless":false,"potions_floor_spawned":[1,5,14,28],"killed_by":"Collector","ascension_level":3}