{"gold_per_floor":[114,124,49,49,65,65,80,95,175,189,202,202,102,121,121,121],"floor_reached":16,"playtime":688,"items_purged":["Defend_R","Strike_R"],"score":96,"play_id":"a83dbc81-c4e6-4d8f-b584-71d0d4e52a4e","local_time":"20180813133830","is_ascension_mode":false,"campfire_choices":[{"data":"Double Tap","floor":6,"key":"SMITH"},{"data":"Corruption","floor":12,"key":"SMITH"},{"floor":15,"key":"REST"}],"neow_cost":"PERCENT_DAMAGE","seed_source_timestamp":99864391363896,"circlet_count":0,"master_deck":["Strike_R","Strike_R","Defend_R","Defend_R","Defend_R","Bash","Pommel Strike","Corruption+1","Double Tap+1","Offering"],"relics":["Burning Blood","Letter Opener"],"potions_floor_usage":[],"damage_taken":[{"damage":5,"enemies":"Jaw Worm","floor":1,"turns":4},{"damage":9,"enemies":"2 Louse","floor":2,"turns":4},{"damage":1,"enemies":"Cultist","floor":5,"turns":4},{"damage":12,"enemies":"3 Louse","floor":7,"turns":4},{"damage":6,"enemies":"2 Fungi Beasts","floor":8,"turns":4},{"damage":26,"enemies":"Large Slime","floor":10,"turns":4},{"damage":4,"enemies":"3 Louse","floor":11,"turns":6},{"damage":29,"enemies":"Gremlin Gang","floor":14,"turns":5},{"damage":53,"enemies":"Slime Boss","floor":16,"turns":5}],"seed_played":"5747460594845459564","potions_obtained":[{"floor":5,"key":"LiquidBronze"},{"floor":7,"key":"FearPotion"},{"floor":8,"key":"GamblersBrew"}],"is_trial":false,"path_per_floor":["M","M","$","?","M","R","M","M","T","M","M","R","$","M","R"],"character_chosen":"IRONCLAD","items_purchased":[],"campfire_rested":1,"item_purchase_floors":[],"current_hp_per_floor":[57,54,54,59,64,64,58,58,58,38,40,40,40,17,42,0],"gold":121,"neow_bonus":"TRANSFORM_TWO_CARDS","is_prod":false,"is_daily":false,"chose_seed":false,"campfire_upgraded":2,"win_rate":0,"timestamp":1534138710,"path_taken":["M","M","$","?","?","R","M","M","T","M","M","R","$","M","R","BOSS"],"build_version":"2018-08-09","purchased_purges":2,"victory":false,"max_hp_per_floor":[80,80,80,85,85,85,85,85,85,85,85,85,85,85,85,85],"card_choices":[{"not_picked":["Iron Wave","Anger","Twin Strike"],"picked":"SKIP","floor":1},{"not_picked":["Headbutt","Havoc","Body Slam"],"picked":"SKIP","floor":2},{"not_picked":["Twin Strike","Thunderclap"],"picked":"Double Tap","floor":5},{"not_picked":["Second Wind","Thunderclap","Iron Wave"],"picked":"SKIP","floor":7},{"not_picked":["Iron Wave","Flex","Carnage"],"picked":"SKIP","floor":8},{"not_picked":["Flex","Clash","Anger"],"picked":"SKIP","floor":10},{"not_picked":["Combust","Anger"],"picked":"Offering","floor":11},{"not_picked":["Shrug It Off","Evolve","Battle Trance"],"picked":"SKIP","floor":14}],"player_experience":407647,"relics_obtained":[{"floor":9,"key":"Letter Opener"}],"event_choices":[{"event_name":"Big Fish","player_choice":"Donut","floor":4,"damage_taken":0}],"is_beta":false,"boss_relics":[],"items_purged_floors":[3,13],"is_endless":false,"potions_floor_spawned":[5,7,8,10],"killed_by":"Slime Boss","ascension_level":0}