{"path_per_floor":["M","?","M","$","M","R","M","?","T","$","R","M","R","M","R","B",null,"M","?","M","M","$"],"character_chosen":"THE_SILENT","items_purchased":["Acrobatics"],"gold_per_floor":[115,65,85,10,27,27,37,37,37,37,37,50,50,70,70,166,166,166,81,81,81,36],"floor_reached":23,"campfire_rested":1,"playtime":1566,"current_hp_per_floor":[69,69,61,61,61,61,48,36,36,36,57,56,56,46,46,41,70,68,68,49,48,48],"items_purged":["Defend_G"],"gold":36,"score":220,"play_id":"80bc6f19-a6de-4afa-8c10-3ee14129dfa9","is_prod":false,"is_daily":false,"is_ascension_mode":true,"campfire_upgraded":3,"path_taken":["M","?","M","?","M","R","M","?","T","?","R","?","R","M","R","BOSS","M","?","M","M","?","M"],"build_version":"2018-02-15-PROD1","purchased_purges":1,"victory":false,"master_deck":["Defend_G","Defend_G","Defend_G","Defend_G","Strike_G","Strike_G","Strike_G","Strike_G","Survivor+1","Neutralize+1","Bullet Time","Escape Plan+1","Adrenaline","Backflip","Acrobatics","Acrobatics"],"max_hp_per_floor":[70,70,70,70,70,70,70,70,70,70,70,70,70,70,70,70,70,70,70,70,70,70],"relics":["Ring of the Snake","Letter Opener","Torii","Ectoplasm","Calipers"],"card_choices":[{"not_picked":["Crippling Poison","Concentrate"],"picked":"Bullet Time"},{"not_picked":["Prepared","Bane"],"picked":"Escape Plan"},{"not_picked":["Bullet Time","Tactician"],"picked":"Adrenaline"},{"not_picked":["Deadly Poison","Skewer"],"picked":"Backflip"},{"not_picked":["Blur","Poisoned Stab"],"picked":"Acrobatics"}],"player_experience":151024,"potions_floor_usage":[7,16,16,20,23],"damage_taken":[{"damage":1,"enemies":"Jaw Worm","floor":1,"turns":3},{"damage":8,"enemies":"Small Slimes","floor":3,"turns":4},{"damage":0,"enemies":"2 Louse","floor":5,"turns":3},{"damage":13,"enemies":"Exordium Thugs","floor":7,"turns":6},{"damage":1,"enemies":"3 Louse","floor":12,"turns":4},{"damage":10,"enemies":"Large Slime","floor":14,"turns":10},{"damage":5,"enemies":"The Guardian","floor":16,"turns":17},{"damage":2,"enemies":"Shell Parasite","floor":18,"turns":9},{"damage":19,"enemies":"Spheric Guardian","floor":20,"turns":5},{"damage":1,"enemies":"Snecko","floor":21,"turns":7},{"damage":51,"enemies":"Cultist and Chosen","floor":23,"turns":7}],"event_choices":[{"event_name":"The Cleric","player_choice":"Card Removal","floor":2,"damage_taken":0},{"event_name":"Scrap Ooze","player_choice":"success","floor":8,"damage_taken":12},{"event_name":"Addict","player_choice":"Obtained Relic","floor":19,"damage_taken":0}],"boss_relics":[{"not_picked":["Tiny House","Orrery"],"picked":"Ectoplasm"}],"potions_floor_spawned":[1,3,7,12,16,18,21],"seed_played":"-588525198144303116","killed_by":"Cultist and Chosen","ascension_level":4,"is_trial":false}