{"gold_per_floor":[116,1,1,1,12,12,22,0,24,24,24,24,47,47,47,167,167,185,204,220,220,718,759,759,795,875,893,936,961,961,1086,1086,1086],"floor_reached":33,"playtime":2301,"items_purged":["Defend_B","Strike_B"],"score":477,"play_id":"5fe4cb14-6579-4147-85ab-cd87bd7255fc","local_time":"20190613081520","is_ascension_mode":true,"campfire_choices":[{"data":"Dualcast","floor":6.0,"key":"SMITH"},{"data":"Turbo","floor":10.0,"key":"SMITH"},{"data":"Defragment","floor":12.0,"key":"SMITH"},{"data":"Storm","floor":15.0,"key":"SMITH"},{"data":"Beam Cell","floor":24,"key":"SMITH"},{"data":"FTL","floor":32,"key":"SMITH"}],"neow_cost":"NONE","seed_source_timestamp":222501149709500,"circlet_count":0,"master_deck":["AscendersBane","Strike_B","Strike_B+1","Defend_B","Defend_B+1","Defend_B+1","Zap+1","Dualcast+1","Turbo+1","Defragment+1","All For One","Go for the Eyes","Storm+1","All For One","Normality","Beam Cell+1","Streamline+1","Bandage Up","Chill","Gash","Gash+1","Heatsinks+1","Reprogram","FTL+1"],"special_seed":0,"relics":["Cracked Core","Bag of Preparation","Omamori","Golden Idol","Calling Bell","Orichalcum","Pear","Incense Burner","MutagenicStrength","War Paint","Matryoshka","Question Card","Unceasing Top","PreservedInsect","Sundial","Bird Faced Urn","Smiling Mask","Pocketwatch","Mummified Hand"],"potions_floor_usage":[16],"damage_taken":[{"damage":3.0,"enemies":"2 Louse","floor":1.0,"turns":3.0},{"damage":0.0,"enemies":"Small Slimes","floor":5.0,"turns":2.0},{"damage":2.0,"enemies":"Jaw Worm","floor":7.0,"turns":2.0},{"damage":0.0,"enemies":"Looter","floor":13.0,"turns":2.0},{"damage":35,"enemies":"Hexaghost","floor":16,"turns":8},{"damage":53,"enemies":"3 Byrds","floor":18,"turns":5},{"damage":5,"enemies":"Spheric Guardian","floor":19,"turns":3},{"damage":40,"enemies":"Cultist and Chosen","floor":20,"turns":6},{"damage":47,"enemies":"Slavers","floor":23,"turns":6},{"damage":36,"enemies":"Gremlin Leader","floor":25,"turns":5},{"damage":29,"enemies":"Chosen and Byrds","floor":27,"turns":6},{"damage":24,"enemies":"Book of Stabbing","floor":28,"turns":3},{"damage":0,"enemies":"3 Cultists","floor":29,"turns":4},{"damage":16,"enemies":"Colosseum Slavers","floor":31,"turns":2},{"damage":0,"enemies":"Colosseum Nobs","floor":31,"turns":1},{"damage":57,"enemies":"Automaton","floor":33,"turns":6}],"seed_played":"4352123408756881238","potions_obtained":[{"floor":13.0,"key":"EssenceOfSteel"},{"floor":16,"key":"GamblersBrew"},{"floor":18,"key":"EntropicBrew"},{"floor":19,"key":"Weak Potion"},{"floor":29,"key":"AttackPotion"}],"is_trial":false,"path_per_floor":["M","$","?","?","M","R","M","?","T","R","?","R","M","$","R","B",null,"M","M","M","?","$","E","R","E","T","M","E","M","T","?","R","B"],"character_chosen":"DEFECT","items_purchased":["Defragment","War Paint","Matryoshka","Bandage Up"],"campfire_rested":0,"item_purchase_floors":[2,22,22,22],"current_hp_per_floor":[65,65,58,43,43,43,41,41,41,41,41,41,41,41,41,10,64,11,7,39,39,39,106,106,65,65,40,20,30,30,28,28,0],"gold":1086,"neow_bonus":"REMOVE_CARD","is_prod":false,"is_daily":false,"chose_seed":false,"campfire_upgraded":6,"win_rate":0,"timestamp":1560406520,"path_taken":["M","$","?","?","M","R","M","?","T","R","?","R","M","$","R","BOSS","M","M","M","?","$","E","R","E","T","M","E","M","?","?","R","BOSS"],"build_version":"2019-01-23","purchased_purges":2,"victory":false,"max_hp_per_floor":[75,75,75,75,75,75,75,75,75,75,69,69,69,69,69,69,79,79,79,79,79,79,79,79,79,79,79,79,79,79,79,79,79],"card_choices":[{"not_picked":["Steam","Barrage"],"picked":"Turbo","floor":1.0},{"not_picked":["Defragment","Gash"],"picked":"All For One","floor":5.0},{"not_picked":["Redo","Ball Lightning"],"picked":"Go for the Eyes","floor":7.0},{"not_picked":["Blizzard","Coolheaded"],"picked":"Storm","floor":13.0},{"not_picked":["Thunder Strike","Amplify"],"picked":"All For One","floor":16},{"not_picked":["Cold Snap+1","Loop+1"],"picked":"Beam Cell","floor":18},{"not_picked":["Sweeping Beam","Consume"],"picked":"Streamline+1","floor":19},{"not_picked":["Loop","Consume","Go for the Eyes+1"],"picked":"SKIP","floor":20},{"not_picked":["Steam","Darkness"],"picked":"Chill","floor":23},{"not_picked":["Hyperbeam","Steam Power","Beam Cell"],"picked":"Gash","floor":25},{"not_picked":["Reprogram","Beam Cell","Hologram+1"],"picked":"Gash+1","floor":27},{"not_picked":["Hologram","Go for the Eyes","Sweeping Beam"],"picked":"Heatsinks+1","floor":28},{"not_picked":["BootSequence","Compile Driver","Chill"],"picked":"Reprogram","floor":29},{"not_picked":["Ball Lightning","Sweeping Beam","Hologram+1"],"picked":"FTL","floor":31}],"player_experience":208483,"relics_obtained":[{"floor":9.0,"key":"Omamori"},{"floor":17,"key":"Orichalcum"},{"floor":17,"key":"Pear"},{"floor":17,"key":"Incense Burner"},{"floor":23,"key":"Question Card"},{"floor":25,"key":"Unceasing Top"},{"floor":26,"key":"PreservedInsect"},{"floor":26,"key":"Sundial"},{"floor":28,"key":"Bird Faced Urn"},{"floor":30,"key":"Smiling Mask"},{"floor":31,"key":"Pocketwatch"},{"floor":31,"key":"Mummified Hand"}],"event_choices":[{"damage_healed":0.0,"max_hp_gain":0.0,"max_hp_loss":0.0,"gold_gain":0.0,"event_name":"Scrap Ooze","player_choice":"Success","floor":3.0,"gold_loss":0.0,"damage_taken":7.0,"relics_obtained":["Bag of Preparation"]},{"damage_healed":0.0,"max_hp_gain":0.0,"max_hp_loss":0.0,"gold_gain":0.0,"event_name":"Shining Light","player_choice":"Entered Light","floor":4.0,"gold_loss":0.0,"damage_taken":15.0,"cards_upgraded":["Strike_B","Zap"]},{"damage_healed":0.0,"max_hp_gain":0.0,"max_hp_loss":0.0,"gold_gain":0.0,"event_name":"World of Goop","player_choice":"Left Gold","floor":8.0,"gold_loss":22.0,"damage_taken":0.0},{"damage_healed":0.0,"max_hp_gain":0.0,"max_hp_loss":6.0,"gold_gain":0.0,"event_name":"Golden Idol","player_choice":"Lose Max HP","floor":11.0,"gold_loss":0.0,"damage_taken":0.0,"relics_obtained":["Golden Idol"]},{"damage_healed":0,"gold_gain":0,"player_choice":"Inject Mutagens","damage_taken":0,"relics_obtained":["MutagenicStrength"],"max_hp_gain":0,"max_hp_loss":0,"event_name":"Drug Dealer","floor":21,"gold_loss":0},{"damage_healed":0,"gold_gain":0,"player_choice":"Fight","damage_taken":0,"max_hp_gain":0,"max_hp_loss":0,"event_name":"Colosseum","floor":31,"gold_loss":0},{"damage_healed":0,"gold_gain":0,"player_choice":"Fought Nobs","damage_taken":0,"max_hp_gain":0,"max_hp_loss":0,"event_name":"Colosseum","floor":31,"gold_loss":0}],"is_beta":false,"boss_relics":[{"not_picked":["Ectoplasm","Philosopher\u0027s Stone"],"picked":"Calling Bell"}],"items_purged_floors":[2,22],"is_endless":false,"potions_floor_spawned":[13,16,18,19,25,29,31,31],"killed_by":"Automaton","ascension_level":10}