{"gold_per_floor":[119,137,155,80,80,105,105,137,163,176,208,208,235,246,246,325,325,325,275,275,275,225,225,225,225,225,225,175,175,90,90,90,90],"floor_reached":33,"playtime":1502,"items_purged":["Strike_R","Strike_R","Strike_R","Defend_R"],"score":506,"play_id":"ba563150-4f9b-44d8-9e4e-1b117a40ab81","local_time":"20181220153621","is_ascension_mode":true,"campfire_choices":[{"data":"Uppercut","floor":7,"key":"SMITH"},{"floor":12,"key":"REST"},{"data":"Inflame","floor":15,"key":"SMITH"},{"data":"Cleave","floor":23,"key":"SMITH"},{"data":"Pummel","floor":29,"key":"SMITH"},{"data":"Twin Strike","floor":32,"key":"SMITH"}],"neow_cost":"NONE","seed_source_timestamp":680309662058044,"circlet_count":0,"master_deck":["AscendersBane","Strike_R","Strike_R+1","Defend_R+1","Defend_R","Defend_R","Bash+1","Twin Strike+1","Uppercut+1","Pummel+1","Cleave","Cleave+1","Immolate","Inflame+1","Clash+1","Ghostly","Ghostly","Ghostly","Ghostly","Ghostly","Seeing Red"],"relics":["Burning Blood","Smiling Mask","Pen Nib","PreservedInsect","Dead Branch","Odd Mushroom","Ectoplasm","MutagenicStrength","Blood Vial","Omamori","Boot"],"potions_floor_usage":[6,14,16,33,33],"damage_taken":[{"damage":1,"enemies":"Cultist","floor":1,"turns":3},{"damage":10,"enemies":"2 Louse","floor":2,"turns":3},{"damage":2,"enemies":"Jaw Worm","floor":3,"turns":3},{"damage":25,"enemies":"Lagavulin","floor":6,"turns":8},{"damage":22,"enemies":"Gremlin Nob","floor":8,"turns":4},{"damage":8,"enemies":"Blue Slaver","floor":10,"turns":3},{"damage":10,"enemies":"3 Sentries","floor":11,"turns":4},{"damage":0,"enemies":"The Mushroom Lair","floor":13,"turns":1},{"damage":3,"enemies":"Looter","floor":14,"turns":2},{"damage":16,"enemies":"The Guardian","floor":16,"turns":8},{"damage":17,"enemies":"Shell Parasite","floor":18,"turns":4},{"damage":0,"enemies":"Chosen","floor":21,"turns":5},{"damage":6,"enemies":"Shelled Parasite and Fungi","floor":24,"turns":4},{"damage":0,"enemies":"Snake Plant","floor":27,"turns":5},{"damage":8,"enemies":"Gremlin Leader","floor":31,"turns":4},{"damage":43,"enemies":"Champ","floor":33,"turns":6}],"seed_played":"-5288894327484516563","potions_obtained":[{"floor":2,"key":"EssenceOfSteel"},{"floor":11,"key":"SteroidPotion"},{"floor":14,"key":"Block Potion"},{"floor":16,"key":"SteroidPotion"},{"floor":18,"key":"SpeedPotion"},{"floor":21,"key":"Fire Potion"}],"is_trial":false,"path_per_floor":["M","M","M","$","?","E","R","E","T","M","E","R","?","M","R","B",null,"M","$","?","M","$","R","M","?","T","M","$","R","?","E","R","B"],"character_chosen":"IRONCLAD","items_purchased":[],"campfire_rested":1,"item_purchase_floors":[],"current_hp_per_floor":[73,69,73,73,58,39,39,23,23,21,17,39,45,48,48,38,66,55,55,37,37,37,37,37,37,37,37,37,37,37,35,35,0],"gold":90,"neow_bonus":"UPGRADE_CARD","is_prod":false,"is_daily":false,"chose_seed":false,"campfire_upgraded":5,"win_rate":0,"timestamp":1545291381,"path_taken":["M","M","M","$","?","E","R","E","T","M","E","R","?","M","R","BOSS","M","$","?","M","$","R","M","?","T","M","$","R","?","E","R","BOSS"],"build_version":"2018-12-13","purchased_purges":4,"victory":false,"max_hp_per_floor":[75,75,75,75,75,75,75,75,75,75,75,75,75,75,75,75,75,75,75,37,37,37,37,37,37,37,37,37,37,37,37,37,37],"card_choices":[{"not_picked":["Perfected Strike","Body Slam"],"picked":"Twin Strike","floor":1},{"not_picked":["Pummel","Shrug It Off"],"picked":"Uppercut","floor":2},{"not_picked":["Havoc","Iron Wave"],"picked":"Pummel","floor":3},{"not_picked":["Body Slam","Havoc","Limit Break"],"picked":"SKIP","floor":6},{"not_picked":["Headbutt","Limit Break"],"picked":"Cleave","floor":8},{"not_picked":["Sword Boomerang","Clash"],"picked":"Cleave","floor":10},{"not_picked":["Iron Wave","Armaments"],"picked":"Immolate","floor":11},{"not_picked":["Clothesline","Burning Pact"],"picked":"Inflame","floor":14},{"not_picked":["Perfected Strike","Inflame"],"picked":"Clash+1","floor":18},{"not_picked":["Perfected Strike","Clothesline","Rampage"],"picked":"SKIP","floor":21},{"not_picked":["Twin Strike","Reckless Charge","True Grit"],"picked":"SKIP","floor":24},{"not_picked":["Sword Boomerang","Warcry","True Grit+1"],"picked":"SKIP","floor":27},{"not_picked":["Spot Weakness","Reckless Charge"],"picked":"Seeing Red","floor":31}],"player_experience":600783,"relics_obtained":[{"floor":6,"key":"Smiling Mask"},{"floor":8,"key":"Pen Nib"},{"floor":9,"key":"PreservedInsect"},{"floor":11,"key":"Dead Branch"},{"floor":13,"key":"Odd Mushroom"},{"floor":26,"key":"Blood Vial"},{"floor":31,"key":"Boot"}],"event_choices":[{"damage_healed":0,"gold_gain":0,"player_choice":"Entered Light","damage_taken":15,"max_hp_gain":0,"max_hp_loss":0,"event_name":"Shining Light","floor":5,"gold_loss":0,"cards_upgraded":["Strike_R","Defend_R"]},{"damage_healed":0,"gold_gain":0,"player_choice":"Fought Mushrooms","damage_taken":0,"max_hp_gain":0,"max_hp_loss":0,"event_name":"Mushrooms","floor":13,"gold_loss":0},{"damage_healed":0,"gold_gain":0,"player_choice":"Became a Ghost","damage_taken":0,"max_hp_gain":0,"max_hp_loss":38,"event_name":"Ghosts","floor":20,"gold_loss":0,"cards_obtained":["Ghostly","Ghostly","Ghostly","Ghostly","Ghostly"]},{"damage_healed":0,"gold_gain":0,"player_choice":"Inject Mutagens","damage_taken":0,"relics_obtained":["MutagenicStrength"],"max_hp_gain":0,"max_hp_loss":0,"event_name":"Drug Dealer","floor":25,"gold_loss":0},{"damage_healed":0,"gold_gain":0,"player_choice":"Obtained Relic","damage_taken":0,"relics_obtained":["Omamori"],"max_hp_gain":0,"max_hp_loss":0,"event_name":"Addict","floor":30,"gold_loss":85}],"is_beta":false,"boss_relics":[{"not_picked":["White Beast Statue","Lizard Tail"],"picked":"Ectoplasm"}],"items_purged_floors":[4,19,22,28],"is_endless":false,"potions_floor_spawned":[2,11,14,16,18,21],"killed_by":"Champ","ascension_level":14}