{"gold_per_floor":[114,128,140,140,152,152,77,90,90,104,104],"floor_reached":11,"playtime":376,"items_purged":["Strike_R"],"score":104,"play_id":"00098fa1-0065-4a29-9a16-c9408bd44aa4","local_time":"20181209123002","is_ascension_mode":true,"campfire_choices":[{"data":"Bash","floor":6,"key":"SMITH"}],"neow_cost":"NONE","seed_source_timestamp":534929778483580,"circlet_count":0,"master_deck":["AscendersBane","Strike_R","Strike_R","Strike_R","Strike_R","Defend_R","Defend_R","Defend_R","Defend_R","Bash+1","Cleave","Shrug It Off","Dark Embrace","Dropkick","Battle Trance"],"relics":["Burning Blood","NeowsBlessing","Gremlin Horn"],"potions_floor_usage":[11],"damage_taken":[{"damage":0,"enemies":"2 Louse","floor":1,"turns":1},{"damage":0,"enemies":"Cultist","floor":2,"turns":1},{"damage":0,"enemies":"Small Slimes","floor":3,"turns":1},{"damage":50,"enemies":"Exordium Thugs","floor":5,"turns":6},{"damage":12,"enemies":"2 Fungi Beasts","floor":8,"turns":4},{"damage":8,"enemies":"Blue Slaver","floor":10,"turns":5},{"damage":32,"enemies":"Gremlin Nob","floor":11,"turns":3}],"seed_played":"1123217556453160811","potions_obtained":[{"floor":8,"key":"Fire Potion"}],"is_trial":false,"path_per_floor":["M","M","M","?","M","R","$","M","T","M","E"],"character_chosen":"IRONCLAD","items_purchased":[],"campfire_rested":0,"item_purchase_floors":[],"current_hp_per_floor":[78,80,80,80,36,36,36,30,30,28,0],"gold":104,"neow_bonus":"THREE_ENEMY_KILL","is_prod":false,"is_daily":false,"chose_seed":false,"campfire_upgraded":1,"win_rate":0,"timestamp":1544329802,"path_taken":["M","M","M","?","M","R","$","M","T","M","E"],"build_version":"2018-12-06","purchased_purges":1,"victory":false,"max_hp_per_floor":[80,80,80,80,80,80,80,80,80,80,80],"card_choices":[{"not_picked":["Body Slam","Headbutt"],"picked":"Cleave","floor":1},{"not_picked":["Perfected Strike","Battle Trance","Armaments"],"picked":"SKIP","floor":2},{"not_picked":["Twin Strike","Sword Boomerang"],"picked":"Shrug It Off","floor":3},{"not_picked":["Clash","Pommel Strike","Fire Breathing"],"picked":"SKIP","floor":5},{"not_picked":["Blood for Blood","Headbutt"],"picked":"Battle Trance","floor":8},{"not_picked":["Shockwave","Reckless Charge","Sword Boomerang"],"picked":"SKIP","floor":10}],"player_experience":515308,"relics_obtained":[{"floor":9,"key":"Gremlin Horn"}],"event_choices":[{"damage_healed":0,"gold_gain":0,"player_choice":"2 cards matched","damage_taken":0,"max_hp_gain":0,"max_hp_loss":0,"event_name":"Match and Keep!","floor":4,"gold_loss":0,"cards_obtained":["Dark Embrace","Dropkick"]},{"damage_healed":0,"gold_gain":0,"player_choice":"2 cards matched","damage_taken":0,"max_hp_gain":0,"max_hp_loss":0,"event_name":"Match and Keep!","floor":4,"gold_loss":0,"cards_obtained":["Dark Embrace","Dropkick"]}],"is_beta":false,"boss_relics":[],"items_purged_floors":[7],"is_endless":false,"potions_floor_spawned":[8],"killed_by":"Gremlin Nob","ascension_level":11}