{"path_per_floor":["M","M","$","?","?","E","R","M","T","$","M","R","T","E","R","B",null,"M","?","M","?","?"],"character_chosen":"DEFECT","items_purchased":[],"gold_per_floor":[111,130,55,55,5,32,32,48,48,48,66,66,147,177,177,280,280,296,296,314,314,314,314],"floor_reached":23,"campfire_rested":3,"playtime":950,"current_hp_per_floor":[59,58,58,58,58,16,38,33,33,33,41,63,63,28,50,5,58,52,52,46,30,30,0],"items_purged":["Strike_B"],"gold":314,"score":305,"play_id":"f7787fc2-fb3b-4494-bc40-fd696a7743c7","local_time":"20180501004743","is_prod":false,"is_daily":false,"chose_seed":false,"is_ascension_mode":true,"campfire_upgraded":0,"timestamp":1525153663,"path_taken":["M","M","$","?","?","E","R","?","T","?","M","R","?","E","R","BOSS","M","?","M","?","?","E"],"build_version":"2018-04-27v3","seed_source_timestamp":305902293352506,"purchased_purges":1,"victory":false,"master_deck":["Defend_B","Defend_B","Defend_B","Zap","AscendersBane","Barrage","Tempest","Tempest","White Noise","Barrage","Reboot","Heatsinks+1","Flux Capacitor+1","Rainbow+1","Leap+1","Decay"],"max_hp_per_floor":[75,75,75,75,75,75,75,75,75,75,75,75,75,75,75,75,75,75,75,75,75,75,75],"relics":["Cracked Core","Centennial Puzzle","Mummified Hand","Smiling Mask","Art of War","Astrolabe","Enchiridion"],"card_choices":[{"not_picked":["Impulse","Loop"],"picked":"Barrage","floor":1},{"not_picked":["Cold Snap","Sweeping Beam"],"picked":"Tempest","floor":2},{"not_picked":["Rebound","Skim"],"picked":"Tempest","floor":6},{"not_picked":["Flux Capacitor","Conserve Battery"],"picked":"White Noise","floor":11},{"not_picked":["Redo","Chill"],"picked":"Barrage","floor":14},{"not_picked":["Multi-Cast","Creative AI"],"picked":"Reboot","floor":16},{"not_picked":["Barrage","Beam Cell"],"picked":"Leap","floor":18}],"player_experience":132543,"potions_floor_usage":[11,14],"damage_taken":[{"damage":9,"enemies":"2 Louse","floor":1,"turns":3},{"damage":1,"enemies":"Cultist","floor":2,"turns":4},{"damage":42,"enemies":"3 Sentries","floor":6,"turns":8},{"damage":5,"enemies":"Small Slimes","floor":8,"turns":4},{"damage":1,"enemies":"Exordium Wildlife","floor":11,"turns":4},{"damage":35,"enemies":"Gremlin Nob","floor":14,"turns":4},{"damage":45,"enemies":"The Guardian","floor":16,"turns":13},{"damage":6,"enemies":"Spheric Guardian","floor":18,"turns":3},{"damage":6,"enemies":"3 Byrds","floor":20,"turns":4},{"damage":40,"enemies":"Book of Stabbing","floor":23,"turns":3}],"event_choices":[{"event_name":"The Woman in Blue","player_choice":"Bought 0 Potions","floor":4,"damage_taken":0},{"event_name":"The Cleric","player_choice":"Card Removal","floor":5,"damage_taken":0},{"event_name":"Vampires","player_choice":"Ignored","floor":19,"damage_taken":0},{"event_name":"Cursed Tome","player_choice":"Obtained Book","floor":21,"damage_taken":0},{"event_name":"Forgotten Altar","player_choice":"Smashed Altar","floor":22,"damage_taken":0}],"boss_relics":[{"not_picked":["Cursed Key","Pandora\u0027s Box"],"picked":"Astrolabe"}],"potions_floor_spawned":[8,11,16,18],"seed_played":"7005862811049502255","killed_by":"Book of Stabbing","ascension_level":11,"is_trial":false}