{"gold_per_floor":[110,35,89,100,110,140,140,166,247,280,299,309,309,327,327,424,424,444,367,164,164,183,209,209,241,314,325,325,336,43,60,60,160,160,173,123,135,148,203,203,235,235,235,265,283,283,310,327,327,327],"floor_reached":51,"playtime":4619,"items_purged":["Strike_R","Strike_R","Defend_R+1","Strike_R+1"],"score":1012,"play_id":"ca06dc65-72a5-4ce5-a047-16ba33f88816","local_time":"20180802132219","is_ascension_mode":true,"campfire_choices":[{"data":"Bash","floor":7,"key":"SMITH"},{"floor":13,"key":"REST"},{"data":"Armaments","floor":15,"key":"SMITH"},{"data":"Strike_R+1","floor":24,"key":"PURGE"},{"data":"Barricade","floor":32,"key":"SMITH"},{"data":"Seeing Red","floor":40,"key":"SMITH"},{"data":"Seeing Red","floor":42,"key":"SMITH"},{"data":"Bludgeon","floor":46,"key":"SMITH"},{"data":"Seeing Red","floor":49,"key":"SMITH"}],"neow_cost":"","seed_source_timestamp":86463210693931,"circlet_count":0,"master_deck":["Defend_R+1","Defend_R+1","Bash+1","Dropkick","Thunderclap","Clash","Clash","Seeing Red+1","Armaments+1","Bludgeon+1","Ghostly Armor+1","J.A.X.","Flame Barrier+1","Fire Breathing+1","Seeing Red+1","Barricade+1","Cleave+1","Flash of Steel","Twin Strike+1","Juggernaut","Infernal Blade+1","Blood for Blood+1","Seeing Red+1","Seeing Red+1","Bloodletting+1","Hemokinesis+1","Flame Barrier+1"],"relics":["Black Blood","Omamori","Letter Opener","Ice Cream","Smiling Mask","Thread and Needle","War Paint","Peace Pipe","Centennial Puzzle","Mummified Hand","Ancient Tea Set","Empty Cage","Nunchaku","Gremlin Horn","Bottled Lightning","Dead Branch","Happy Flower"],"potions_floor_usage":[11,14,16,23,27,37,41,41,44,50,50],"damage_taken":[{"damage":15,"enemies":"Cultist","floor":1,"turns":5},{"damage":3,"enemies":"Small Slimes","floor":4,"turns":5},{"damage":8,"enemies":"2 Louse","floor":5,"turns":2},{"damage":16,"enemies":"Lagavulin","floor":6,"turns":6},{"damage":33,"enemies":"3 Sentries","floor":8,"turns":7},{"damage":21,"enemies":"Lagavulin","floor":10,"turns":5},{"damage":0,"enemies":"Large Slime","floor":11,"turns":1},{"damage":2,"enemies":"Exordium Wildlife","floor":12,"turns":3},{"damage":0,"enemies":"2 Fungi Beasts","floor":14,"turns":2},{"damage":36,"enemies":"The Guardian","floor":16,"turns":7},{"damage":7,"enemies":"Shell Parasite","floor":18,"turns":4},{"damage":3,"enemies":"Spheric Guardian","floor":22,"turns":3},{"damage":11,"enemies":"Slavers","floor":23,"turns":5},{"damage":48,"enemies":"Gremlin Leader","floor":25,"turns":7},{"damage":3,"enemies":"Centurion and Healer","floor":27,"turns":3},{"damage":3,"enemies":"Snake Plant","floor":29,"turns":3},{"damage":3,"enemies":"Sentry and Sphere","floor":31,"turns":4},{"damage":3,"enemies":"Collector","floor":33,"turns":5},{"damage":0,"enemies":"Orb Walker","floor":35,"turns":2},{"damage":9,"enemies":"3 Shapes","floor":37,"turns":4},{"damage":5,"enemies":"Sphere and 2 Shapes","floor":38,"turns":3},{"damage":17,"floor":39,"turns":4},{"damage":3,"enemies":"Giant Head","floor":41,"turns":5},{"damage":6,"enemies":"2 Orb Walkers","floor":44,"turns":3},{"damage":5,"enemies":"Flame Bruiser 2 Orb","floor":45,"turns":3},{"damage":6,"enemies":"Nemesis","floor":47,"turns":1},{"damage":11,"enemies":"4 Shapes","floor":48,"turns":2},{"damage":10,"enemies":"Time Eater","floor":50,"turns":7}],"seed_played":"4555967178274671806","potions_obtained":[{"floor":1,"key":"Swift Potion"},{"floor":8,"key":"Fire Potion"},{"floor":12,"key":"Energy Potion"},{"floor":14,"key":"PowerPotion"},{"floor":16,"key":"BloodPotion"},{"floor":18,"key":"Ancient Potion"},{"floor":31,"key":"SpeedPotion"},{"floor":33,"key":"Poison Potion"},{"floor":38,"key":"Energy Potion"},{"floor":39,"key":"SteroidPotion"},{"floor":41,"key":"LiquidBronze"},{"floor":45,"key":"Strength Potion"},{"floor":47,"key":"SpeedPotion"},{"floor":48,"key":"PowerPotion"}],"is_trial":false,"path_per_floor":["M","$","T","M","M","E","R","E","T","E","M","M","R","M","R","B",null,"M","?","$","?","M","E","R","E","T","M","?","M","$","M","R","B",null,"M","$","M","M","?","R","E","R","T","E","M","R","E","M","R","B"],"character_chosen":"IRONCLAD","items_purchased":["War Paint","Flash of Steel","Ancient Tea Set"],"campfire_rested":1,"item_purchase_floors":[20,30,30],"current_hp_per_floor":[71,71,71,74,72,62,62,35,35,20,26,30,54,60,60,30,80,80,80,80,80,80,79,79,41,41,56,56,63,63,70,70,77,80,80,80,80,80,73,73,80,80,80,80,80,80,80,82,82,82],"gold":327,"neow_bonus":"","is_prod":false,"is_daily":false,"chose_seed":false,"campfire_upgraded":7,"win_rate":0,"timestamp":1533187339,"path_taken":["M","$","?","M","M","E","R","E","T","E","M","M","R","?","R","BOSS","M","?","$","?","?","E","R","E","T","M","?","M","$","M","R","BOSS","M","$","M","M","?","R","E","R","T","E","M","R","E","M","R","BOSS"],"build_version":"2018-07-26","purchased_purges":4,"victory":true,"max_hp_per_floor":[80,80,80,80,80,80,80,80,80,80,80,80,80,80,80,80,80,80,80,80,80,80,80,80,80,80,80,80,80,80,80,80,80,80,80,80,80,80,80,80,80,80,80,80,80,80,80,83,83,83],"card_choices":[{"not_picked":["Seeing Red","Iron Wave"],"picked":"Dropkick","floor":1},{"not_picked":["Armaments","Iron Wave"],"picked":"Thunderclap","floor":4},{"not_picked":["Combust","Sword Boomerang"],"picked":"Clash","floor":5},{"not_picked":["Sword Boomerang","Warcry","Anger"],"picked":"SKIP","floor":6},{"not_picked":["Whirlwind","Sword Boomerang"],"picked":"Clash","floor":8},{"not_picked":["Immolate","Juggernaut"],"picked":"Seeing Red","floor":10},{"not_picked":["Anger","Headbutt"],"picked":"Armaments","floor":11},{"not_picked":["Warcry","Pommel Strike","Cleave"],"picked":"SKIP","floor":12},{"not_picked":["True Grit","Evolve","Perfected Strike"],"picked":"SKIP","floor":14},{"not_picked":["Juggernaut","Offering"],"picked":"Bludgeon","floor":16},{"not_picked":["Headbutt","Cleave"],"picked":"Ghostly Armor+1","floor":18},{"not_picked":["Carnage","Anger","Armaments"],"picked":"SKIP","floor":22},{"not_picked":["Power Through","Blood for Blood"],"picked":"Flame Barrier+1","floor":23},{"not_picked":["Rage","Warcry"],"picked":"Fire Breathing+1","floor":25},{"not_picked":["Ghostly Armor","Spot Weakness"],"picked":"Seeing Red","floor":27},{"not_picked":["Warcry","Dark Embrace"],"picked":"Cleave+1","floor":29},{"not_picked":["Feel No Pain","Havoc"],"picked":"Twin Strike+1","floor":31},{"not_picked":["Exhume","Immolate"],"picked":"Juggernaut","floor":33},{"not_picked":["Second Wind+1","Headbutt"],"picked":"Infernal Blade+1","floor":35},{"not_picked":["Clash","Iron Wave"],"picked":"Blood for Blood+1","floor":37},{"not_picked":["Headbutt+1","Armaments"],"picked":"Seeing Red","floor":38},{"not_picked":["Hemokinesis","Twin Strike"],"picked":"Seeing Red","floor":41},{"not_picked":["Perfected Strike","Warcry","Offering"],"picked":"SKIP","floor":44},{"not_picked":["Perfected Strike+1","Wild Strike+1"],"picked":"Bloodletting+1","floor":45},{"not_picked":["Perfected Strike","Anger+1"],"picked":"Hemokinesis+1","floor":47},{"not_picked":["Iron Wave+1","Entrench"],"picked":"Flame Barrier+1","floor":48}],"player_experience":300809,"relics_obtained":[{"floor":3,"key":"Omamori"},{"floor":6,"key":"Letter Opener"},{"floor":8,"key":"Ice Cream"},{"floor":9,"key":"Smiling Mask"},{"floor":10,"key":"Thread and Needle"},{"floor":23,"key":"Peace Pipe"},{"floor":25,"key":"Centennial Puzzle"},{"floor":26,"key":"Mummified Hand"},{"floor":39,"key":"Nunchaku"},{"floor":41,"key":"Gremlin Horn"},{"floor":43,"key":"Bottled Lightning"},{"floor":44,"key":"Dead Branch"},{"floor":47,"key":"Happy Flower"}],"event_choices":[{"event_name":"Drug Dealer","player_choice":"Got JAXXED","floor":19,"damage_taken":0},{"event_name":"Back to Basics","player_choice":"Simplicity","floor":21,"damage_taken":0},{"event_name":"The Library","player_choice":"Read","floor":28,"damage_taken":0},{"event_name":"Mysterious Sphere","player_choice":"Fight","floor":39,"damage_taken":0}],"is_beta":false,"boss_relics":[{"not_picked":["Lizard Tail","Tiny House"],"picked":"Black Blood"},{"not_picked":["Velvet Choker","Runic Dome"],"picked":"Empty Cage"}],"items_purged_floors":[2,20,30,36],"is_endless":false,"potions_floor_spawned":[1,8,12,14,16,18,31,33,38,39,41,45,47,48],"ascension_level":2}