{"gold_per_floor":[359,284,284,284,303,303,322,339,407,422,439,289,323,333,333,438,438,457,468,484,484],"floor_reached":21,"playtime":995,"items_purged":["Defend_B","Strike_B"],"score":185,"play_id":"8e0efb85-62cc-495c-9ae7-ae489a2f1e13","local_time":"20190614010801","is_ascension_mode":false,"campfire_choices":[{"data":"Gash","floor":6,"key":"SMITH"},{"floor":15,"key":"REST"}],"neow_cost":"TEN_PERCENT_HP_LOSS","seed_source_timestamp":31954391870400,"circlet_count":0,"master_deck":["Strike_B","Strike_B","Strike_B","Defend_B","Defend_B","Defend_B","Zap","Dualcast","Conserve Battery+1","Gash+1","Go for the Eyes","Conserve Battery","Gash","Streamline","Streamline","Machine Learning","Hologram","Self Repair","Beam Cell"],"relics":["Cracked Core"],"potions_floor_usage":[11,13,19],"damage_taken":[{"damage":0,"enemies":"Small Slimes","floor":1,"turns":2},{"damage":1,"enemies":"2 Louse","floor":5,"turns":2},{"damage":1,"enemies":"Cultist","floor":7,"turns":3},{"damage":4,"enemies":"Exordium Thugs","floor":8,"turns":4},{"damage":5,"enemies":"Large Slime","floor":10,"turns":5},{"damage":0,"enemies":"Gremlin Gang","floor":11,"turns":2},{"damage":14,"enemies":"Gremlin Nob","floor":13,"turns":4},{"damage":1,"enemies":"Exordium Wildlife","floor":14,"turns":3},{"damage":34,"enemies":"Slime Boss","floor":16,"turns":10},{"damage":17,"enemies":"Shell Parasite","floor":18,"turns":5},{"damage":5,"enemies":"3 Byrds","floor":19,"turns":6},{"damage":39,"enemies":"Sentry and Sphere","floor":20,"turns":7},{"damage":14,"enemies":"Snake Plant","floor":21,"turns":2}],"seed_played":"-8919201486787692070","potions_obtained":[{"floor":1,"key":"EssenceOfSteel"},{"floor":7,"key":"Explosive Potion"},{"floor":13,"key":"Block Potion"},{"floor":14,"key":"Strength Potion"},{"floor":19,"key":"Fire Potion"}],"is_trial":false,"path_per_floor":["M","$","?","?","M","R","M","M","T","M","M","$","E","M","R","B",null,"M","M","M","M"],"character_chosen":"DEFECT","items_purchased":["Streamline"],"campfire_rested":1,"item_purchase_floors":[12],"current_hp_per_floor":[68,68,65,65,64,64,63,59,59,54,54,54,40,39,59,25,68,51,46,14,0],"gold":484,"neow_bonus":"TWO_FIFTY_GOLD","is_prod":false,"is_daily":false,"chose_seed":false,"campfire_upgraded":1,"win_rate":0,"timestamp":1560485281,"path_taken":["M","$","?","?","M","R","M","?","T","M","M","$","E","M","R","BOSS","M","M","M","M"],"build_version":"2019-01-23","purchased_purges":2,"victory":false,"max_hp_per_floor":[68,68,68,68,68,68,68,68,68,68,68,68,68,68,68,68,68,68,68,68,68],"card_choices":[{"not_picked":["Darkness","Compile Driver"],"picked":"Conserve Battery","floor":1},{"not_picked":["Static Discharge","Leap"],"picked":"Gash","floor":5},{"not_picked":["Compile Driver","Turbo"],"picked":"Go for the Eyes","floor":7},{"not_picked":["Cold Snap","Rip and Tear","Loop"],"picked":"SKIP","floor":8},{"not_picked":["Amplify","Chill"],"picked":"Conserve Battery","floor":10},{"not_picked":["Beam Cell","Stack"],"picked":"Gash","floor":11},{"not_picked":["Steam","Fission","Doom and Gloom"],"picked":"SKIP","floor":13},{"not_picked":["Beam Cell","Ball Lightning"],"picked":"Streamline","floor":14},{"not_picked":["Thunder Strike","Meteor Strike"],"picked":"Machine Learning","floor":16},{"not_picked":["Redo+1","Doom and Gloom"],"picked":"Hologram","floor":18},{"not_picked":["Stack","Sweeping Beam"],"picked":"Self Repair","floor":19},{"not_picked":["Sweeping Beam","Storm"],"picked":"Beam Cell","floor":20}],"player_experience":248484,"relics_obtained":[],"event_choices":[{"damage_healed":0,"gold_gain":0,"player_choice":"Fled","damage_taken":3,"max_hp_gain":0,"max_hp_loss":0,"event_name":"Scrap Ooze","floor":3,"gold_loss":0},{"damage_healed":0,"gold_gain":0,"player_choice":"Upgraded","damage_taken":0,"max_hp_gain":0,"max_hp_loss":0,"event_name":"Upgrade Shrine","floor":4,"gold_loss":0,"cards_upgraded":["Conserve Battery"]}],"is_beta":false,"boss_relics":[{"not_picked":["Ectoplasm","Runic Pyramid","Runic Dome"]}],"items_purged_floors":[2,12],"is_endless":false,"potions_floor_spawned":[1,7,13,14,19],"killed_by":"Snake Plant","ascension_level":0}