{"gold_per_floor":[114,127,127,145,70,70,89,121,144,162,162,172,207,222,222,321,321,332,342,99,99,99,99,131,131,156,166,76,76,93,125,125,125],"floor_reached":33,"playtime":1856,"items_purged":["Strike_G","Strike_G"],"score":434,"play_id":"64d4702c-82e2-40b2-92f2-bb1cbd82ba3d","local_time":"20190609043151","is_ascension_mode":true,"campfire_choices":[{"data":"Bane","floor":6,"key":"SMITH"},{"data":"Bane","floor":15,"key":"SMITH"},{"data":"Caltrops","floor":23,"key":"SMITH"},{"floor":25,"key":"REST"},{"floor":29,"key":"REST"},{"floor":32,"key":"REST"}],"neow_cost":"NONE","seed_source_timestamp":124206155815932,"circlet_count":0,"master_deck":["Defend_G","Defend_G","Defend_G","Survivor","Neutralize","Cloak And Dagger+1","Crippling Poison+1","Bane+1","Bane+1","Poisoned Stab+1","Bane+1","Deadly Poison+1","Caltrops+1","Backstab+1","Poisoned Stab+1"],"relics":["Astrolabe","Whetstone","Orichalcum","Empty Cage","Bag of Marbles","CultistMask","Ginger","Regal Pillow","Snake Skull"],"potions_floor_usage":[8,8,13,13,24,30,31,33,33],"damage_taken":[{"damage":0,"enemies":"Cultist","floor":1,"turns":3},{"damage":0,"enemies":"2 Louse","floor":2,"turns":3},{"damage":0,"enemies":"Small Slimes","floor":4,"turns":2},{"damage":2,"enemies":"Exordium Thugs","floor":7,"turns":3},{"damage":9,"enemies":"Lagavulin","floor":8,"turns":4},{"damage":6,"enemies":"3 Louse","floor":10,"turns":3},{"damage":4,"enemies":"Lots of Slimes","floor":12,"turns":2},{"damage":13,"enemies":"Gremlin Nob","floor":13,"turns":3},{"damage":6,"enemies":"Gremlin Gang","floor":14,"turns":4},{"damage":0,"enemies":"Slime Boss","floor":16,"turns":6},{"damage":22,"enemies":"2 Thieves","floor":18,"turns":4},{"damage":13,"enemies":"Shell Parasite","floor":19,"turns":3},{"damage":5,"enemies":"Colosseum Slavers","floor":21,"turns":3},{"damage":19,"enemies":"Slavers","floor":24,"turns":4},{"damage":5,"enemies":"Snecko","floor":27,"turns":3},{"damage":12,"enemies":"Snake Plant","floor":30,"turns":2},{"damage":13,"enemies":"Book of Stabbing","floor":31,"turns":3},{"damage":69,"enemies":"Automaton","floor":33,"turns":6}],"seed_played":"-7681772113804649384","potions_obtained":[{"floor":2,"key":"EssenceOfSteel"},{"floor":4,"key":"Energy Potion"},{"floor":7,"key":"SteroidPotion"},{"floor":11,"key":"SteroidPotion"},{"floor":11,"key":"SteroidPotion"},{"floor":13,"key":"LiquidBronze"},{"floor":14,"key":"Ancient Potion"},{"floor":24,"key":"LiquidBronze"},{"floor":27,"key":"Poison Potion"},{"floor":30,"key":"Explosive Potion"}],"is_trial":false,"path_per_floor":["M","M","?","M","$","R","M","E","T","M","?","M","E","M","R","B",null,"M","M","$","?","?","R","E","R","T","M","?","R","M","E","R","B"],"character_chosen":"THE_SILENT","items_purchased":["Bag of Marbles"],"campfire_rested":3,"item_purchase_floors":[20],"current_hp_per_floor":[70,70,70,70,70,70,68,59,59,53,53,49,36,30,30,30,60,38,25,25,20,20,20,1,22,22,17,17,53,41,28,64,0],"gold":125,"neow_bonus":"BOSS_RELIC","is_prod":false,"is_daily":false,"chose_seed":false,"campfire_upgraded":3,"win_rate":0,"timestamp":1560025911,"path_taken":["M","?","?","?","$","R","M","E","T","M","?","M","E","M","R","BOSS","M","?","$","?","?","R","E","R","T","?","?","R","?","E","R","BOSS"],"build_version":"2019-01-23","purchased_purges":2,"victory":false,"max_hp_per_floor":[70,70,70,70,70,70,70,70,70,70,70,70,70,70,70,70,70,70,70,70,70,70,70,70,70,70,70,70,70,70,70,70,70],"card_choices":[{"not_picked":["Blade Dance","Acrobatics"],"picked":"Infinite Blades","floor":1},{"not_picked":["Dagger Throw","Blur"],"picked":"Bane","floor":2},{"not_picked":["Phantasmal Killer","Dodge and Roll"],"picked":"Bane","floor":4},{"not_picked":["Dash","PiercingWail"],"picked":"Poisoned Stab","floor":7},{"not_picked":["Flying Knee","Glass Knife","Dagger Spray"],"picked":"SKIP","floor":8},{"not_picked":["Slice","Backflip"],"picked":"Bane","floor":10},{"not_picked":["Dodge and Roll","Cloak And Dagger"],"picked":"Deadly Poison","floor":12},{"not_picked":["Blade Dance","Underhanded Strike"],"picked":"Caltrops","floor":13},{"not_picked":["Slice","Infinite Blades","Burst"],"picked":"SKIP","floor":14},{"not_picked":["Dagger Throw","Finisher+1"],"picked":"Backstab+1","floor":18},{"not_picked":["Blade Dance+1","All Out Attack"],"picked":"Poisoned Stab+1","floor":19},{"not_picked":["Dagger Throw","Skewer","After Image"],"picked":"SKIP","floor":24},{"not_picked":["Backflip","Flying Knee","Dodge and Roll"],"picked":"SKIP","floor":27},{"not_picked":["Eviscerate","Acrobatics+1","Reflex"],"picked":"SKIP","floor":30},{"not_picked":["Underhanded Strike","PiercingWail","Blade Dance"],"picked":"SKIP","floor":31}],"player_experience":691272,"relics_obtained":[{"floor":8,"key":"Whetstone"},{"floor":13,"key":"Orichalcum"},{"floor":24,"key":"Ginger"},{"floor":26,"key":"Regal Pillow"},{"floor":31,"key":"Snake Skull"}],"event_choices":[{"cards_removed":["Infinite Blades"],"damage_healed":0,"gold_gain":0,"player_choice":"Offered Uncommon","damage_taken":0,"max_hp_gain":0,"max_hp_loss":0,"event_name":"Bonfire Elementals","floor":3,"gold_loss":0},{"damage_healed":0,"gold_gain":0,"player_choice":"Got Potions","damage_taken":0,"max_hp_gain":0,"max_hp_loss":0,"event_name":"Lab","floor":11,"gold_loss":0},{"damage_healed":0,"gold_gain":0,"player_choice":"Fight","damage_taken":0,"max_hp_gain":0,"max_hp_loss":0,"event_name":"Colosseum","floor":21,"gold_loss":0},{"damage_healed":0,"gold_gain":0,"player_choice":"Fled From Nobs","damage_taken":0,"max_hp_gain":0,"max_hp_loss":0,"event_name":"Colosseum","floor":21,"gold_loss":0},{"damage_healed":0,"gold_gain":0,"player_choice":"Trade","damage_taken":0,"relics_obtained":["CultistMask"],"max_hp_gain":0,"max_hp_loss":0,"event_name":"FaceTrader","floor":22,"gold_loss":0},{"cards_removed":["Defend_G"],"damage_healed":0,"gold_gain":0,"player_choice":"Upgrade and Remove","damage_taken":0,"max_hp_gain":0,"max_hp_loss":0,"event_name":"Designer","floor":28,"gold_loss":90,"cards_upgraded":["Deadly Poison"]}],"is_beta":false,"boss_relics":[{"not_picked":["Cursed Key","HoveringKite"],"picked":"Empty Cage"}],"items_purged_floors":[5,20],"is_endless":false,"potions_floor_spawned":[2,4,7,13,14,21,24,27,30],"killed_by":"Automaton","ascension_level":5}