{"path_per_floor":["M","$","?","?","M","R","?","R","T","E","R","M","R","?","R","B",null,"M","M","M","?","?","R","T","R","T","M","$","?","R","M","R"],"character_chosen":"DEFECT","items_purchased":["Ball Lightning","Cold Snap","Barrage","Cold Snap","War Paint","Regen Potion"],"gold_per_floor":[115,16,16,191,210,210,210,210,235,263,263,282,282,232,232,331,331,349,365,385,300,300,300,300,300,327,347,65,65,65,78,78,78],"floor_reached":33,"campfire_rested":4,"playtime":1008,"current_hp_per_floor":[61,61,61,61,61,61,54,54,54,38,38,38,38,38,38,20,61,31,27,5,5,5,27,27,49,49,28,28,28,50,29,51,0],"items_purged":[],"gold":78,"score":374,"play_id":"ebd5815d-942b-4c71-ba26-fc28ea21896d","local_time":"20180430230353","is_prod":false,"is_daily":false,"chose_seed":false,"is_ascension_mode":true,"campfire_upgraded":5,"timestamp":1525147433,"path_taken":["M","$","?","?","?","R","?","R","T","E","R","?","R","?","R","BOSS","M","?","M","?","?","R","?","R","T","?","$","?","R","M","R","BOSS"],"build_version":"2018-04-27v3","seed_source_timestamp":299607308620427,"purchased_purges":0,"victory":false,"master_deck":["Strike_B","Strike_B","Strike_B","Defend_B","Defend_B+1","Defend_B+1","Defend_B","Zap+1","Dualcast","AscendersBane","Rebound+1","Rip and Tear+1","Ball Lightning+1","Cold Snap+1","Leap+1","Leap","Leap","Doom and Gloom+1","Barrage","Cold Snap"],"max_hp_per_floor":[75,75,75,75,75,75,75,75,75,75,75,75,75,75,75,75,75,75,75,75,75,75,75,75,75,75,75,75,75,75,75,75,75],"relics":["Cracked Core","Ancient Tea Set","DataDisk","Inserter","Matryoshka","Happy Flower","Blood Vial","Oddly Smooth Stone","Lantern","War Paint"],"card_choices":[{"not_picked":["Chaos","Stack"],"picked":"Rip and Tear","floor":1},{"not_picked":["Gash","Storm"],"picked":"Leap","floor":12},{"not_picked":["Hologram","Streamline"],"picked":"Leap","floor":18},{"not_picked":["Thunder Strike","Chill"],"picked":"Leap","floor":20},{"not_picked":["Chaos","Coolheaded"],"picked":"Doom and Gloom","floor":27}],"player_experience":129479,"potions_floor_usage":[10,16,20,31,33],"damage_taken":[{"damage":7,"enemies":"Jaw Worm","floor":1,"turns":3},{"damage":0,"enemies":"2 Louse","floor":5,"turns":2},{"damage":16,"enemies":"Lagavulin","floor":10,"turns":4},{"damage":0,"enemies":"Cultist","floor":12,"turns":2},{"damage":18,"enemies":"Hexaghost","floor":16,"turns":8},{"damage":30,"enemies":"2 Thieves","floor":18,"turns":3},{"damage":4,"enemies":"3 Byrds","floor":19,"turns":4},{"damage":22,"enemies":"Snecko","floor":20,"turns":7},{"damage":23,"enemies":"3 Cultists","floor":27,"turns":6},{"damage":29,"enemies":"Snake Plant","floor":31,"turns":3},{"damage":67,"enemies":"Champ","floor":33,"turns":10}],"event_choices":[{"event_name":"The Cleric","player_choice":"Leave","floor":3,"damage_taken":0},{"event_name":"Liars Game","player_choice":"agreed","floor":4,"damage_taken":0},{"event_name":"Golden Wing","player_choice":"Card Removal","floor":7,"damage_taken":0},{"event_name":"World of Goop","player_choice":"Left","floor":14,"damage_taken":0},{"event_name":"Addict","player_choice":"Obtained Relic","floor":21,"damage_taken":0},{"event_name":"Upgrade Shrine","player_choice":"Upgraded","floor":22,"damage_taken":0},{"event_name":"Beggar","player_choice":"Ignored","floor":29,"damage_taken":0}],"boss_relics":[{"not_picked":["Runic Dome","Calling Bell"],"picked":"Inserter"}],"potions_floor_spawned":[1,5,18,19],"seed_played":"1161217973584993035","killed_by":"Champ","ascension_level":11,"is_trial":false}