{"gold_per_floor":[114,39,39,39,58,58,58,92,142,142,173,173,202,102,102,198,198,198,198,198,198,198,198,198,198,198,198,198,73,73,73,73,73,73,73,73,73,73,73,73,73,73,73,73,73,73,73,73,73,73],"floor_reached":51,"playtime":3012,"items_purged":["Defend_G","Strike_G","Strike_G"],"score":949,"play_id":"3bcc0a78-e1c8-4841-aab1-b7074d10f252","local_time":"20190609105601","is_ascension_mode":true,"campfire_choices":[{"data":"Terror","floor":6,"key":"SMITH"},{"data":"Crippling Poison","floor":10,"key":"SMITH"},{"data":"Bane","floor":12,"key":"SMITH"},{"data":"Blur","floor":15,"key":"SMITH"},{"data":"Catalyst","floor":23,"key":"SMITH"},{"data":"Envenom","floor":27,"key":"SMITH"},{"data":"Noxious Fumes","floor":30,"key":"SMITH"},{"floor":32,"key":"REST"},{"data":"Adrenaline","floor":40,"key":"SMITH"},{"floor":42,"key":"REST"},{"data":"Survivor","floor":44,"key":"SMITH"},{"floor":47,"key":"REST"},{"floor":49,"key":"REST"}],"neow_cost":"TEN_PERCENT_HP_LOSS","seed_source_timestamp":146087627973783,"circlet_count":0,"master_deck":["Defend_G","Survivor+1","Neutralize","Terror+1","Escape Plan","Blur+1","Bouncing Flask","Crippling Poison+1","Bane+1","Cloak And Dagger+1","Envenom+1","Catalyst+1","Backflip+1","Noxious Fumes+1","Deadly Poison+1","Adrenaline+1","Venomology+1","Flechettes+1","Envenom+1","Backflip+1","Catalyst+1","Noxious Fumes+1","Noxious Fumes+1","Blur","Blur+1"],"relics":["Ring of the Snake","Tingsha","Bag of Marbles","Shovel","Dream Catcher","Ectoplasm","Enchiridion","MutagenicStrength","Tough Bandages","MawBank","Orichalcum","Astrolabe","Smiling Mask","Bronze Scales"],"potions_floor_usage":[8,31,33,36,37,41,41,45,45,46,48,48,48,50,50],"damage_taken":[{"damage":0,"enemies":"Small Slimes","floor":1,"turns":6},{"damage":0,"enemies":"Jaw Worm","floor":5,"turns":4},{"damage":5,"enemies":"Lagavulin","floor":8,"turns":6},{"damage":16,"enemies":"3 Sentries","floor":11,"turns":6},{"damage":15,"enemies":"Lagavulin","floor":13,"turns":4},{"damage":1,"enemies":"Hexaghost","floor":16,"turns":8},{"damage":8,"enemies":"Spheric Guardian","floor":18,"turns":3},{"damage":0,"enemies":"Chosen","floor":20,"turns":4},{"damage":2,"enemies":"Snecko","floor":21,"turns":4},{"damage":4,"enemies":"Snake Plant","floor":28,"turns":3},{"damage":0,"enemies":"Book of Stabbing","floor":31,"turns":4},{"damage":11,"enemies":"Collector","floor":33,"turns":6},{"damage":0,"enemies":"3 Darklings","floor":35,"turns":5},{"damage":0,"enemies":"Orb Walker","floor":36,"turns":1},{"damage":17,"enemies":"Writhing Mass","floor":37,"turns":3},{"damage":19,"enemies":"Spire Growth","floor":38,"turns":3},{"damage":15,"enemies":"Nemesis","floor":41,"turns":3},{"damage":17,"enemies":"Jaw Worm Horde","floor":45,"turns":3},{"damage":0,"enemies":"Writhing Mass","floor":46,"turns":3},{"damage":0,"enemies":"3 Darklings","floor":48,"turns":4},{"damage":14,"enemies":"Time Eater","floor":50,"turns":6}],"seed_played":"-7839245844622235278","potions_obtained":[{"floor":5,"key":"Block Potion"},{"floor":11,"key":"LiquidBronze"},{"floor":13,"key":"FearPotion"},{"floor":20,"key":"Ancient Potion"},{"floor":31,"key":"SpeedPotion"},{"floor":33,"key":"Strength Potion"},{"floor":45,"key":"AttackPotion"},{"floor":46,"key":"GhostInAJar"},{"floor":48,"key":"PowerPotion"}],"is_trial":false,"path_per_floor":["M","$","?","?","M","R","?","E","T","R","E","R","E","$","R","B",null,"M","?","M","M","?","R","?","T","T","R","M","$","R","E","R","B",null,"M","M","M","M","?","R","E","R","T","R","M","M","R","M","R","B",null],"character_chosen":"THE_SILENT","items_purchased":[],"campfire_rested":4,"item_purchase_floors":[],"current_hp_per_floor":[63,63,63,63,63,63,63,58,58,58,42,42,27,27,27,26,54,46,30,30,28,28,28,17,17,17,17,13,13,13,13,33,22,57,57,57,40,21,21,21,6,26,26,26,9,9,29,29,49,35],"gold":73,"neow_bonus":"TRANSFORM_TWO_CARDS","is_prod":false,"is_daily":false,"chose_seed":false,"campfire_upgraded":9,"win_rate":0,"timestamp":1560048961,"path_taken":["M","$","?","?","M","R","?","E","T","R","E","R","E","$","R","BOSS","M","?","M","M","?","R","?","?","T","R","M","$","R","E","R","BOSS","M","M","M","M","?","R","E","R","T","R","M","M","R","M","R","BOSS"],"build_version":"2019-01-23","purchased_purges":3,"victory":true,"max_hp_per_floor":[63,63,63,63,63,63,63,63,63,63,63,63,63,63,63,63,63,63,63,63,63,63,63,68,68,68,68,68,68,68,68,68,68,68,68,68,68,68,68,68,68,68,68,68,68,68,68,68,68,68],"card_choices":[{"not_picked":["Deflect","PiercingWail"],"picked":"Blur","floor":1},{"not_picked":["Flying Knee","Bane"],"picked":"Bouncing Flask","floor":5},{"not_picked":["Dodge and Roll","Choke"],"picked":"Crippling Poison","floor":8},{"not_picked":["Quick Slash","Cloak And Dagger"],"picked":"Bane","floor":11},{"not_picked":["Choke","Caltrops"],"picked":"Cloak And Dagger","floor":13},{"not_picked":["Die Die Die","Glass Knife"],"picked":"Envenom","floor":16},{"not_picked":["Deadly Poison","Slice"],"picked":"Catalyst","floor":18},{"not_picked":["Flying Knee","Prepared"],"picked":"Backflip+1","floor":20},{"not_picked":["Acrobatics","Eviscerate"],"picked":"Noxious Fumes","floor":21},{"not_picked":["Terror","Dodge and Roll","Accuracy"],"picked":"SKIP","floor":28},{"not_picked":["Endless Agony","Leg Sweep"],"picked":"Deadly Poison+1","floor":31},{"not_picked":["Die Die Die","Tools of the Trade"],"picked":"Adrenaline","floor":33},{"not_picked":["Backflip","Eviscerate+1","Acrobatics+1"],"picked":"SKIP","floor":35},{"not_picked":["Flying Knee+1","Quick Slash"],"picked":"Backflip+1","floor":36},{"not_picked":["Flechettes+1","Dash+1"],"picked":"Catalyst+1","floor":37},{"not_picked":["Finisher+1","Reflex+1","Outmaneuver"],"picked":"SKIP","floor":38},{"not_picked":["Blade Dance+1","Dodge and Roll+1"],"picked":"Noxious Fumes+1","floor":41},{"not_picked":["PiercingWail","Cloak And Dagger"],"picked":"Noxious Fumes+1","floor":42},{"not_picked":["Outmaneuver+1","Cloak And Dagger+1","Flechettes+1"],"picked":"SKIP","floor":45},{"not_picked":["Caltrops","Masterful Stab+1"],"picked":"Blur","floor":46},{"not_picked":["Envenom","Acrobatics","Cloak And Dagger+1"],"picked":"SKIP","floor":48},{"not_picked":["Accuracy+1","Distraction+1"],"picked":"Blur+1","floor":49}],"player_experience":712073,"relics_obtained":[{"floor":8,"key":"Tingsha"},{"floor":9,"key":"Bag of Marbles"},{"floor":11,"key":"Shovel"},{"floor":13,"key":"Dream Catcher"},{"floor":19,"key":"Enchiridion"},{"floor":25,"key":"Tough Bandages"},{"floor":26,"key":"MawBank"},{"floor":31,"key":"Orichalcum"},{"floor":41,"key":"Smiling Mask"},{"floor":43,"key":"Bronze Scales"}],"event_choices":[{"damage_healed":0,"gold_gain":0,"player_choice":"Leave","damage_taken":0,"max_hp_gain":0,"max_hp_loss":0,"event_name":"The Cleric","floor":3,"gold_loss":0},{"cards_removed":["Defend_G"],"damage_healed":0,"gold_gain":0,"player_choice":"Forget","damage_taken":0,"max_hp_gain":0,"max_hp_loss":0,"event_name":"Living Wall","floor":4,"gold_loss":0},{"damage_healed":0,"gold_gain":0,"player_choice":"Ignored","damage_taken":0,"max_hp_gain":0,"max_hp_loss":0,"event_name":"Liars Game","floor":7,"gold_loss":0},{"damage_healed":0,"gold_gain":0,"player_choice":"Obtained Book","damage_taken":16,"max_hp_gain":0,"max_hp_loss":0,"event_name":"Cursed Tome","floor":19,"gold_loss":0},{"damage_healed":0,"gold_gain":0,"player_choice":"Inject Mutagens","damage_taken":0,"relics_obtained":["MutagenicStrength"],"max_hp_gain":0,"max_hp_loss":0,"event_name":"Drug Dealer","floor":22,"gold_loss":0},{"damage_healed":0,"gold_gain":0,"player_choice":"Shed Blood","damage_taken":16,"max_hp_gain":5,"max_hp_loss":0,"event_name":"Forgotten Altar","floor":24,"gold_loss":0},{"damage_healed":0,"gold_gain":0,"player_choice":"Upgraded","damage_taken":0,"max_hp_gain":0,"max_hp_loss":0,"event_name":"Upgrade Shrine","floor":39,"gold_loss":0,"cards_upgraded":["Cloak And Dagger"]}],"is_beta":false,"boss_relics":[{"not_picked":["Pandora\u0027s Box","Fusion Hammer"],"picked":"Ectoplasm"},{"not_picked":["Snecko Eye","WristBlade"],"picked":"Astrolabe"}],"items_purged_floors":[2,14,29],"is_endless":false,"potions_floor_spawned":[5,11,13,20,31,33,45,46,48],"ascension_level":6}