{"gold_per_floor":[119,89,102,27,42,42,42,52,132,132,142,158,186,206,206,206],"floor_reached":16,"playtime":685,"items_purged":["Strike_R"],"score":161,"play_id":"ff0c19bb-7e04-45a0-ab64-0f54e6cf836c","local_time":"20181209120132","is_ascension_mode":true,"campfire_choices":[{"data":"Clothesline","floor":6,"key":"SMITH"},{"data":"Rampage","floor":10,"key":"SMITH"},{"floor":15,"key":"REST"}],"neow_cost":"PERCENT_DAMAGE","seed_source_timestamp":532911539160745,"circlet_count":0,"master_deck":["AscendersBane","Strike_R","Strike_R","Strike_R","Strike_R","Defend_R","Defend_R","Defend_R","Defend_R","Bash","Clothesline+1","Rampage+1","Cleave","Cleave","True Grit"],"relics":["Burning Blood","Nunchaku","Mummified Hand","Art of War"],"potions_floor_usage":[],"damage_taken":[{"damage":0,"enemies":"2 Louse","floor":1,"turns":4},{"damage":0,"enemies":"Cultist","floor":3,"turns":4},{"damage":4,"enemies":"Jaw Worm","floor":5,"turns":4},{"damage":24,"enemies":"Exordium Thugs","floor":8,"turns":5},{"damage":9,"enemies":"Looter","floor":11,"turns":4},{"damage":15,"enemies":"Blue Slaver","floor":12,"turns":5},{"damage":52,"enemies":"Lagavulin","floor":13,"turns":7},{"damage":11,"enemies":"3 Louse","floor":14,"turns":2},{"damage":36,"enemies":"Slime Boss","floor":16,"turns":5}],"seed_played":"3201743915475159706","potions_obtained":[{"floor":2,"key":"FairyPotion"},{"floor":2,"key":"SpeedPotion"},{"floor":3,"key":"SmokeBomb"}],"is_trial":false,"path_per_floor":["M","?","M","$","M","R","$","M","T","R","M","M","E","M","R","B"],"character_chosen":"IRONCLAD","items_purchased":[],"campfire_rested":1,"item_purchase_floors":[],"current_hp_per_floor":[57,57,63,63,65,65,65,47,47,47,44,35,14,9,33,0],"gold":206,"neow_bonus":"ONE_RARE_RELIC","is_prod":false,"is_daily":false,"chose_seed":false,"campfire_upgraded":2,"win_rate":0,"timestamp":1544328092,"path_taken":["M","?","M","$","M","R","?","M","T","R","?","M","E","M","R","BOSS"],"build_version":"2018-12-06","purchased_purges":1,"victory":false,"max_hp_per_floor":[80,80,80,80,80,80,80,80,80,80,80,80,80,80,80,80],"card_choices":[{"not_picked":["Shrug It Off","Wild Strike"],"picked":"Clothesline","floor":1},{"not_picked":["Pommel Strike","Twin Strike"],"picked":"Rampage","floor":3},{"not_picked":["Clothesline","Blood for Blood","Carnage"],"picked":"SKIP","floor":5},{"not_picked":["Shrug It Off","Clash"],"picked":"Cleave","floor":8},{"not_picked":["Heavy Blade","Combust"],"picked":"Cleave","floor":11},{"not_picked":["Havoc","Disarm"],"picked":"True Grit","floor":12},{"not_picked":["Entrench","Warcry","Demon Form"],"picked":"SKIP","floor":13},{"not_picked":["Pummel","Sentinel","Pommel Strike"],"picked":"SKIP","floor":14}],"player_experience":514237,"relics_obtained":[{"floor":9,"key":"Mummified Hand"},{"floor":13,"key":"Art of War"}],"event_choices":[{"damage_healed":0,"gold_gain":0,"player_choice":"Bought 2 Potions","damage_taken":0,"max_hp_gain":0,"max_hp_loss":0,"event_name":"The Woman in Blue","floor":2,"gold_loss":0}],"is_beta":false,"boss_relics":[],"items_purged_floors":[4],"is_endless":false,"potions_floor_spawned":[3,5,8],"killed_by":"Slime Boss","ascension_level":11}