{"gold_per_floor":[115,40,51,68,68,68,88,88,88,98,98],"floor_reached":11,"playtime":465,"items_purged":["Strike_R"],"score":101,"play_id":"446d5dae-6318-4292-9394-61b37af004c4","local_time":"20181215200927","is_ascension_mode":true,"campfire_choices":[{"data":"Deep Breath","floor":6,"key":"SMITH"},{"data":"Bash","floor":8,"key":"SMITH"}],"neow_cost":"NONE","seed_source_timestamp":265731561883274,"circlet_count":0,"master_deck":["AscendersBane","Strike_R","Strike_R","Strike_R","Strike_R","Defend_R","Defend_R","Defend_R","Defend_R","Bash+1","Deep Breath+1","True Grit"],"relics":["Burning Blood","Odd Mushroom","Mango"],"potions_floor_usage":[7],"damage_taken":[{"damage":16,"enemies":"Cultist","floor":1,"turns":4},{"damage":10,"enemies":"Small Slimes","floor":3,"turns":5},{"damage":13,"enemies":"2 Louse","floor":4,"turns":4},{"damage":28,"enemies":"The Mushroom Lair","floor":7,"turns":5},{"damage":10,"enemies":"2 Fungi Beasts","floor":10,"turns":4},{"damage":55,"enemies":"Exordium Thugs","floor":11,"turns":5}],"seed_played":"736222099218401519","potions_obtained":[{"floor":1,"key":"FearPotion"},{"floor":4,"key":"LiquidBronze"}],"is_trial":false,"path_per_floor":["M","$","M","M","$","R","?","R","T","M","M"],"character_chosen":"IRONCLAD","items_purchased":[],"campfire_rested":0,"item_purchase_floors":[],"current_hp_per_floor":[62,62,58,51,51,51,29,29,43,39,0],"gold":98,"neow_bonus":"RANDOM_COLORLESS","is_prod":false,"is_daily":false,"chose_seed":false,"campfire_upgraded":2,"win_rate":0,"timestamp":1544875767,"path_taken":["M","?","?","M","$","R","?","R","T","M","M"],"build_version":"2018-12-13","purchased_purges":1,"victory":false,"max_hp_per_floor":[80,80,80,80,80,80,80,80,94,94,94],"card_choices":[{"not_picked":["Havoc","Wild Strike"],"picked":"True Grit","floor":1},{"not_picked":["Power Through","Evolve","Perfected Strike"],"picked":"SKIP","floor":3},{"not_picked":["Thunderclap","Sword Boomerang","Second Wind"],"picked":"SKIP","floor":4},{"not_picked":["Twin Strike","Wild Strike","Body Slam"],"picked":"SKIP","floor":10}],"player_experience":577860,"relics_obtained":[{"floor":7,"key":"Odd Mushroom"},{"floor":9,"key":"Mango"}],"event_choices":[{"damage_healed":0,"gold_gain":0,"player_choice":"Fought Mushrooms","damage_taken":0,"max_hp_gain":0,"max_hp_loss":0,"event_name":"Mushrooms","floor":7,"gold_loss":0}],"is_beta":false,"boss_relics":[],"items_purged_floors":[2],"is_endless":false,"potions_floor_spawned":[1,4],"killed_by":"Exordium Thugs","ascension_level":12}