{"gold_per_floor":[119,130,140,140,140,140,175,189,263,263,282,282,247,280,280,355,355,355,280,280,205,205,205,205,205,205,205,205,205,205,205,205,205],"floor_reached":33,"playtime":1307,"items_purged":["Strike_R"],"score":605,"play_id":"31cec743-7ce9-40d7-b250-c03a4a823926","local_time":"20190113110700","is_ascension_mode":true,"campfire_choices":[{"data":"Metamorphosis","floor":6,"key":"SMITH"},{"data":"True Grit","floor":10,"key":"SMITH"},{"floor":15,"key":"REST"},{"data":"Bash","floor":23,"key":"SMITH"},{"data":"Double Tap","floor":30,"key":"SMITH"},{"data":"Inflame","floor":32,"key":"SMITH"}],"neow_cost":"TEN_PERCENT_HP_LOSS","seed_source_timestamp":44654963206807,"circlet_count":0,"master_deck":["AscendersBane","Strike_R+1","Strike_R","Strike_R","Defend_R","Defend_R","Defend_R+1","Defend_R","Bash+1","Good Instincts","Metamorphosis+1","Inflame+1","True Grit+1","Twin Strike+1","Double Tap+1","Immolate+1","Thunderclap+1","Rampage+1","Cleave+1","Flex+1","Twin Strike+1","Uppercut+1"],"relics":["Burning Blood","FossilizedHelix","Molten Egg 2","Oddly Smooth Stone","Ectoplasm","Boot","Meat on the Bone","Gremlin Horn"],"potions_floor_usage":[8,8,14,16,18,24,33,33],"damage_taken":[{"damage":6,"enemies":"Jaw Worm","floor":1,"turns":4},{"damage":2,"enemies":"2 Louse","floor":2,"turns":2},{"damage":18,"enemies":"Cultist","floor":3,"turns":5},{"damage":5,"enemies":"Lagavulin","floor":7,"turns":4},{"damage":22,"enemies":"2 Fungi Beasts","floor":8,"turns":4},{"damage":9,"enemies":"Looter","floor":11,"turns":4},{"damage":28,"enemies":"Gremlin Nob","floor":14,"turns":5},{"damage":0,"enemies":"Slime Boss","floor":16,"turns":6},{"damage":17,"enemies":"3 Byrds","floor":18,"turns":4},{"damage":0,"enemies":"Shell Parasite","floor":20,"turns":3},{"damage":20,"enemies":"Gremlin Leader","floor":24,"turns":4},{"damage":18,"enemies":"Snecko","floor":27,"turns":4},{"damage":0,"enemies":"Chosen and Byrds","floor":28,"turns":3},{"damage":16,"enemies":"Snake Plant","floor":29,"turns":3},{"damage":0,"enemies":"Snecko","floor":31,"turns":3},{"damage":80,"enemies":"Collector","floor":33,"turns":6}],"seed_played":"7304433979238214480","potions_obtained":[{"floor":3,"key":"Ancient Potion"},{"floor":5,"key":"SneckoOil"},{"floor":5,"key":"EntropicBrew"},{"floor":7,"key":"BloodPotion"},{"floor":14,"key":"Fire Potion"},{"floor":16,"key":"BloodPotion"},{"floor":18,"key":"FearPotion"},{"floor":20,"key":"PowerPotion"},{"floor":24,"key":"Weak Potion"}],"is_trial":false,"path_per_floor":["M","M","M","?","?","R","E","M","T","R","M","?","?","E","R","B",null,"M","$","M","?","?","R","E","T","T","M","M","M","R","M","R","B"],"character_chosen":"IRONCLAD","items_purchased":[],"campfire_rested":1,"item_purchase_floors":[],"current_hp_per_floor":[68,68,56,56,56,56,57,47,47,47,44,24,41,19,39,45,62,57,57,63,63,63,63,49,49,49,49,55,45,45,51,51,0],"gold":205,"neow_bonus":"RANDOM_COLORLESS_2","is_prod":false,"is_daily":false,"chose_seed":false,"campfire_upgraded":5,"win_rate":0,"timestamp":1547348820,"path_taken":["M","M","M","?","?","R","E","M","T","R","?","?","?","E","R","BOSS","M","$","M","?","?","R","E","?","T","M","M","?","R","M","R","BOSS"],"build_version":"2019-01-10","purchased_purges":1,"victory":false,"max_hp_per_floor":[68,68,68,68,68,68,68,68,68,68,68,68,68,68,68,68,68,68,68,68,68,68,68,68,68,68,68,68,68,68,68,68,68],"card_choices":[{"not_picked":["Disarm","Warcry","Havoc"],"picked":"SKIP","floor":1},{"not_picked":["Entrench","Iron Wave","Flex"],"picked":"SKIP","floor":2},{"not_picked":["Reckless Charge","Reaper"],"picked":"Inflame","floor":3},{"not_picked":["Twin Strike","Evolve"],"picked":"True Grit","floor":7},{"not_picked":["Feel No Pain","Headbutt","Sword Boomerang"],"picked":"SKIP","floor":8},{"not_picked":["Body Slam+1","Anger+1"],"picked":"Twin Strike+1","floor":11},{"not_picked":["Inflame","Armaments"],"picked":"Double Tap","floor":14},{"not_picked":["Brutality","Limit Break"],"picked":"Immolate+1","floor":16},{"not_picked":["Wild Strike+1","Anger+1"],"picked":"Thunderclap+1","floor":18},{"not_picked":["Sentinel","Twin Strike+1"],"picked":"Rampage+1","floor":20},{"not_picked":["Perfected Strike+1","Armaments"],"picked":"Flex+1","floor":24},{"not_picked":["Metallicize","Shrug It Off"],"picked":"Twin Strike+1","floor":27},{"not_picked":["Wild Strike+1","Warcry","Fire Breathing"],"picked":"SKIP","floor":28},{"not_picked":["Sever Soul+1","Thunderclap+1","Combust"],"picked":"SKIP","floor":29},{"not_picked":["Inflame+1","Pommel Strike+1"],"picked":"Uppercut+1","floor":31}],"player_experience":666985,"relics_obtained":[{"floor":7,"key":"FossilizedHelix"},{"floor":9,"key":"Molten Egg 2"},{"floor":14,"key":"Oddly Smooth Stone"},{"floor":24,"key":"Boot"},{"floor":25,"key":"Meat on the Bone"},{"floor":26,"key":"Gremlin Horn"}],"event_choices":[{"damage_healed":0,"gold_gain":0,"player_choice":"Ignored","damage_taken":0,"max_hp_gain":0,"max_hp_loss":0,"event_name":"Liars Game","floor":4,"gold_loss":0},{"damage_healed":0,"gold_gain":0,"player_choice":"Got Potions","damage_taken":0,"max_hp_gain":0,"max_hp_loss":0,"event_name":"Lab","floor":5,"gold_loss":0},{"damage_healed":0,"gold_gain":0,"player_choice":"Entered Light","damage_taken":20,"max_hp_gain":0,"max_hp_loss":0,"event_name":"Shining Light","floor":12,"gold_loss":0,"cards_upgraded":["Strike_R","Defend_R"]},{"damage_healed":17,"gold_gain":0,"player_choice":"Healed","damage_taken":0,"max_hp_gain":0,"max_hp_loss":0,"event_name":"The Cleric","floor":13,"gold_loss":35},{"cards_removed":["Strike_R"],"damage_healed":0,"gold_gain":0,"player_choice":"Gave Gold","damage_taken":0,"max_hp_gain":0,"max_hp_loss":0,"event_name":"Beggar","floor":21,"gold_loss":75},{"damage_healed":0,"gold_gain":0,"player_choice":"Read","damage_taken":0,"max_hp_gain":0,"max_hp_loss":0,"event_name":"The Library","floor":22,"gold_loss":0,"cards_obtained":["Cleave"]}],"is_beta":false,"boss_relics":[{"not_picked":["Tiny House","Empty Cage"],"picked":"Ectoplasm"}],"items_purged_floors":[19],"is_endless":false,"potions_floor_spawned":[3,7,14,16,18,20,24],"killed_by":"Collector","ascension_level":17}