{"path_per_floor":["M","$","M","M","$","E","R","E","T","M","?","?","?","E","R","B",null,"M"],"character_chosen":"DEFECT","items_purchased":["Rip and Tear","Cold Snap"],"gold_per_floor":[110,28,46,64,10,37,37,368,368,386,386,386,386,419,419,517,517,533,533],"floor_reached":19,"campfire_rested":1,"playtime":1069,"current_hp_per_floor":[48,48,48,43,43,27,49,42,42,42,60,75,75,69,69,47,68,47,0],"items_purged":[],"gold":533,"score":287,"play_id":"8caa1704-3dd1-4f29-b231-31e9a34e9a3d","local_time":"20180501195444","is_prod":false,"is_daily":false,"chose_seed":false,"is_ascension_mode":true,"campfire_upgraded":1,"timestamp":1525222484,"path_taken":["M","$","M","M","$","E","R","E","T","M","?","?","?","E","R","BOSS","M","M"],"build_version":"2018-05-01","seed_source_timestamp":374613729247349,"purchased_purges":0,"victory":false,"master_deck":["Strike_B","Strike_B","Strike_B","Defend_B","Defend_B","Defend_B","Defend_B","Zap","Dualcast","AscendersBane","Chill","Rip and Tear","Go for the Eyes","Reinforced Body","Cold Snap","Chill","Leap","Cold Snap","Beam Cell","Parasite","Defragment+1","Creative AI"],"max_hp_per_floor":[75,75,75,75,75,75,75,75,75,75,75,75,75,75,75,75,75,75,75],"relics":["Philosopher\u0027s Stone","Dream Catcher","Old Coin","Cables","Happy Flower","Cursed Key"],"card_choices":[{"not_picked":["Reprogram","Skim"],"picked":"Chill","floor":1},{"not_picked":["Melter","Impulse"],"picked":"Go for the Eyes","floor":3},{"not_picked":["Sweeping Beam","Streamline"],"picked":"Reinforced Body","floor":4},{"not_picked":["Chaos","FTL"],"picked":"Chill","floor":6},{"not_picked":["Hologram","Rip and Tear"],"picked":"Leap","floor":7},{"not_picked":["Nova","Streamline"],"picked":"Cold Snap","floor":8},{"not_picked":["Storm","Go for the Eyes"],"picked":"Beam Cell","floor":10},{"not_picked":["Static Discharge","Biased Cognition"],"picked":"Defragment","floor":14},{"not_picked":["Fusion","All For One"],"picked":"Creative AI","floor":16}],"player_experience":138978,"potions_floor_usage":[8,8],"damage_taken":[{"damage":20,"enemies":"Jaw Worm","floor":1,"turns":4},{"damage":0,"enemies":"Small Slimes","floor":3,"turns":4},{"damage":5,"enemies":"2 Louse","floor":4,"turns":3},{"damage":16,"enemies":"Lagavulin","floor":6,"turns":7},{"damage":7,"enemies":"3 Sentries","floor":8,"turns":10},{"damage":0,"enemies":"Exordium Wildlife","floor":10,"turns":4},{"damage":6,"enemies":"Lagavulin","floor":14,"turns":9},{"damage":22,"enemies":"Slime Boss","floor":16,"turns":14},{"damage":21,"enemies":"Spheric Guardian","floor":18,"turns":7},{"damage":49,"enemies":"3 Byrds","floor":19,"turns":5}],"event_choices":[{"event_name":"Mushrooms","player_choice":"Healed and dodged fight","floor":11,"damage_taken":0},{"event_name":"Big Fish","player_choice":"Banana","floor":12,"damage_taken":0},{"event_name":"Living Wall","player_choice":"Forget","floor":13,"damage_taken":0}],"boss_relics":[{"not_picked":["Orrery","Calling Bell"],"picked":"Cursed Key"}],"potions_floor_spawned":[1,3,4],"seed_played":"1393292453714830514","killed_by":"3 Byrds","ascension_level":11,"is_trial":false}