{"gold_per_floor":[116,136,148,162,162,162,205,229,229,229,229,229,242,221,221,351,351,331,61,61,80,95,95,95,95],"floor_reached":25,"playtime":1230,"items_purged":["Strike_B"],"score":203,"play_id":"a6118485-4ac2-43ea-8c67-071dc522e4f3","local_time":"20190517191123","is_ascension_mode":false,"campfire_choices":[{"data":"Zap","floor":6,"key":"SMITH"},{"data":"Chaos","floor":10,"key":"SMITH"},{"data":"Conserve Battery","floor":12,"key":"SMITH"},{"data":"Defend_B","floor":15,"key":"SMITH"},{"data":"Self Repair","floor":23,"key":"SMITH"}],"neow_cost":"NONE","seed_source_timestamp":182825496156494,"circlet_count":0,"master_deck":["Strike_B","Strike_B","Strike_B","Defend_B+1","Defend_B","Defend_B","Defend_B","Zap+1","Dualcast","Ball Lightning","Conserve Battery+1","Capacitor","Chaos+1","Amplify","Sunder+1","Self Repair+1","RitualDagger"],"relics":["Philosopher\u0027s Stone","Golden Idol","Oddly Smooth Stone","Ornamental Fan","Sozu","ClockworkSouvenir"],"potions_floor_usage":[16,16],"damage_taken":[{"damage":4,"enemies":"Jaw Worm","floor":1,"turns":4},{"damage":7,"enemies":"2 Louse","floor":2,"turns":2},{"damage":0,"enemies":"Small Slimes","floor":3,"turns":2},{"damage":5,"enemies":"Looter","floor":4,"turns":3},{"damage":35,"enemies":"3 Sentries","floor":7,"turns":7},{"damage":8,"enemies":"Lots of Slimes","floor":8,"turns":3},{"damage":3,"enemies":"Large Slime","floor":13,"turns":8},{"damage":24,"enemies":"Slime Boss","floor":16,"turns":12},{"damage":21,"enemies":"2 Thieves","floor":18,"turns":5},{"damage":1,"enemies":"Chosen","floor":21,"turns":4},{"damage":19,"enemies":"Snake Plant","floor":22,"turns":5},{"damage":39,"enemies":"Slavers","floor":25,"turns":3}],"seed_played":"7544183408088004047","potions_obtained":[{"floor":3,"key":"Swift Potion"},{"floor":8,"key":"Strength Potion"},{"floor":13,"key":"GamblersBrew"}],"is_trial":false,"path_per_floor":["M","M","M","M","?","R","E","M","T","R","?","R","M","?","R","B",null,"M","$","?","M","M","R","?","E"],"character_chosen":"DEFECT","items_purchased":["ClockworkSouvenir"],"campfire_rested":0,"item_purchase_floors":[19],"current_hp_per_floor":[71,64,64,59,59,59,24,16,16,16,39,39,36,36,36,12,69,48,48,48,47,42,42,36,0],"gold":95,"neow_bonus":"BOSS_RELIC","is_prod":false,"is_daily":false,"chose_seed":false,"campfire_upgraded":5,"win_rate":0,"timestamp":1558134683,"path_taken":["M","M","M","M","?","R","E","M","T","R","?","R","M","?","R","BOSS","M","$","?","M","M","R","?","E"],"build_version":"2019-01-23","purchased_purges":1,"victory":false,"max_hp_per_floor":[75,75,75,75,69,69,69,69,69,69,69,69,69,69,69,69,69,69,69,69,69,69,69,69,69],"card_choices":[{"not_picked":["Conserve Battery","Gash"],"picked":"Ball Lightning","floor":1},{"not_picked":["Hologram","Stack"],"picked":"Conserve Battery","floor":2},{"not_picked":["Compile Driver","Stack"],"picked":"Capacitor","floor":3},{"not_picked":["Heatsinks","Melter","Beam Cell"],"picked":"SKIP","floor":4},{"not_picked":["Compile Driver","Beam Cell","Streamline"],"picked":"SKIP","floor":7},{"not_picked":["Turbo","Stack"],"picked":"Chaos","floor":8},{"not_picked":["Lockon","Amplify","Barrage"],"picked":"SKIP","floor":13},{"not_picked":["Meteor Strike","Buffer"],"picked":"Amplify","floor":16},{"not_picked":["Steam","Gash"],"picked":"Sunder+1","floor":18},{"not_picked":["Reinforced Body","Hello World+1"],"picked":"Self Repair","floor":21},{"not_picked":["Go for the Eyes","Darkness","Rip and Tear+1"],"picked":"SKIP","floor":22}],"player_experience":596973,"relics_obtained":[{"floor":7,"key":"Oddly Smooth Stone"},{"floor":9,"key":"Ornamental Fan"}],"event_choices":[{"damage_healed":0,"gold_gain":0,"player_choice":"Lose Max HP","damage_taken":0,"relics_obtained":["Golden Idol"],"max_hp_gain":0,"max_hp_loss":6,"event_name":"Golden Idol","floor":5,"gold_loss":0},{"damage_healed":23,"gold_gain":0,"player_choice":"Banana","damage_taken":0,"max_hp_gain":0,"max_hp_loss":0,"event_name":"Big Fish","floor":11,"gold_loss":0},{"damage_healed":0,"gold_gain":0,"player_choice":"Left Gold","damage_taken":0,"max_hp_gain":0,"max_hp_loss":0,"event_name":"World of Goop","floor":14,"gold_loss":21},{"damage_healed":0,"gold_gain":0,"player_choice":"Ignored","damage_taken":0,"max_hp_gain":0,"max_hp_loss":0,"event_name":"Ghosts","floor":20,"gold_loss":0},{"damage_healed":0,"gold_gain":0,"player_choice":"Joined the Cult","damage_taken":6,"max_hp_gain":0,"max_hp_loss":0,"event_name":"Nest","floor":24,"gold_loss":0,"cards_obtained":["RitualDagger"]}],"is_beta":false,"boss_relics":[{"not_picked":["Cursed Key","Fusion Hammer"],"picked":"Sozu"}],"items_purged_floors":[19],"is_endless":false,"potions_floor_spawned":[3,8,13,18,21],"killed_by":"Slavers","ascension_level":0}