{"gold_per_floor":[114,114,64,64,75,102,42,76,76,76,94,129,148,68,68,163,163,181,181,201,218,230,230,230],"floor_reached":24,"playtime":1531,"items_purged":["Strike_G","Strike_G"],"score":326,"play_id":"d7a7e3d1-5eb5-40fa-9ab7-d2003ea07ead","local_time":"20190609053851","is_ascension_mode":true,"campfire_choices":[{"data":"Outmaneuver","floor":10,"key":"SMITH"},{"floor":15,"key":"REST"},{"floor":23,"key":"REST"}],"neow_cost":"NONE","seed_source_timestamp":128550004879621,"circlet_count":0,"master_deck":["Defend_G","Defend_G","Defend_G","Defend_G","Defend_G","Strike_G","Strike_G","Survivor","Neutralize+1","Deadly Poison","Poisoned Stab","Dagger Spray","Outmaneuver+1","Dagger Throw","Poisoned Stab","Backflip+1","Acrobatics"],"relics":["Ring of the Snake","The Courier","Vajra","Singing Bowl","Ninja Scroll","Velvet Choker","Strawberry"],"potions_floor_usage":[6,6,6,8,20,21],"damage_taken":[{"damage":8,"enemies":"Small Slimes","floor":1,"turns":7},{"damage":0,"enemies":"2 Louse","floor":5,"turns":3},{"damage":0,"enemies":"Lagavulin","floor":6,"turns":7},{"damage":30,"enemies":"Gremlin Nob","floor":8,"turns":4},{"damage":0,"enemies":"Cultist","floor":11,"turns":3},{"damage":20,"enemies":"3 Sentries","floor":12,"turns":7},{"damage":0,"enemies":"3 Louse","floor":13,"turns":1},{"damage":20,"enemies":"Hexaghost","floor":16,"turns":8},{"damage":15,"enemies":"Shell Parasite","floor":18,"turns":5},{"damage":10,"enemies":"2 Thieves","floor":20,"turns":4},{"damage":21,"enemies":"Centurion and Healer","floor":21,"turns":5},{"damage":12,"enemies":"Snecko","floor":22,"turns":5},{"damage":51,"enemies":"Gremlin Leader","floor":24,"turns":7}],"seed_played":"3211379478405608474","potions_obtained":[{"floor":4,"key":"GhostInAJar"},{"floor":4,"key":"EssenceOfSteel"},{"floor":4,"key":"Block Potion"},{"floor":6,"key":"FearPotion"},{"floor":12,"key":"Explosive Potion"},{"floor":16,"key":"Fire Potion"},{"floor":18,"key":"Explosive Potion"}],"is_trial":false,"path_per_floor":["M","?","?","?","M","E","$","E","T","R","M","E","M","$","R","B",null,"M","?","M","M","M","R","E"],"character_chosen":"THE_SILENT","items_purchased":[],"campfire_rested":2,"item_purchase_floors":[],"current_hp_per_floor":[62,62,62,62,62,62,62,32,32,32,34,14,14,14,35,17,60,47,54,44,23,13,38,0],"gold":230,"neow_bonus":"UPGRADE_CARD","is_prod":false,"is_daily":false,"chose_seed":false,"campfire_upgraded":1,"win_rate":0,"timestamp":1560029931,"path_taken":["M","?","?","?","?","E","$","E","T","R","M","E","M","$","R","BOSS","M","?","M","?","M","R","E"],"build_version":"2019-01-23","purchased_purges":2,"victory":false,"max_hp_per_floor":[70,70,70,70,70,70,70,70,70,70,72,72,72,72,72,74,74,76,83,83,83,85,85,85],"card_choices":[{"not_picked":["Cloak And Dagger","Quick Slash"],"picked":"Deadly Poison","floor":1},{"not_picked":["Deflect","Dagger Throw"],"picked":"Poisoned Stab","floor":5},{"not_picked":["PiercingWail","Tactician"],"picked":"Dagger Spray","floor":6},{"not_picked":["Dodge and Roll","Poisoned Stab"],"picked":"Outmaneuver","floor":8},{"not_picked":["Flying Knee","Deflect","Flechettes"],"picked":"Singing Bowl","floor":11},{"not_picked":["Cloak And Dagger","Quick Slash"],"picked":"Dagger Throw","floor":12},{"not_picked":["PiercingWail","Unload"],"picked":"Poisoned Stab","floor":13},{"not_picked":["Burst","Night Terror","Tools of the Trade"],"picked":"Singing Bowl","floor":16},{"not_picked":["Slice","Flying Knee","Backstab"],"picked":"Singing Bowl","floor":18},{"not_picked":["Infinite Blades","Dodge and Roll"],"picked":"Backflip+1","floor":20},{"not_picked":["Dodge and Roll","Deadly Poison+1"],"picked":"Acrobatics","floor":21},{"not_picked":["Heel Hook","Sucker Punch+1","Slice"],"picked":"Singing Bowl","floor":22}],"player_experience":694975,"relics_obtained":[{"floor":6,"key":"The Courier"},{"floor":8,"key":"Vajra"},{"floor":9,"key":"Singing Bowl"},{"floor":12,"key":"Ninja Scroll"}],"event_choices":[{"damage_healed":0,"gold_gain":0,"player_choice":"Ignored","damage_taken":0,"max_hp_gain":0,"max_hp_loss":0,"event_name":"Liars Game","floor":2,"gold_loss":0},{"cards_removed":["Strike_G"],"damage_healed":0,"gold_gain":0,"player_choice":"Card Removal","damage_taken":0,"max_hp_gain":0,"max_hp_loss":0,"event_name":"The Cleric","floor":3,"gold_loss":50},{"damage_healed":0,"gold_gain":0,"player_choice":"Got Potions","damage_taken":0,"max_hp_gain":0,"max_hp_loss":0,"event_name":"Lab","floor":4,"gold_loss":0},{"damage_healed":0,"gold_gain":0,"player_choice":"Gave Potion","damage_taken":0,"relics_obtained":["Strawberry"],"max_hp_gain":0,"max_hp_loss":0,"event_name":"WeMeetAgain","floor":19,"gold_loss":0}],"is_beta":false,"boss_relics":[{"not_picked":["Runic Pyramid","Empty Cage"],"picked":"Velvet Choker"}],"items_purged_floors":[7,14],"is_endless":false,"potions_floor_spawned":[6,12,16,18],"killed_by":"Gremlin Leader","ascension_level":5}