{"gold_per_floor":[112,123,123,48,64,98,98,133,160,192,192,192,209,159,159,159],"floor_reached":16,"playtime":717,"items_purged":["Strike_R","Strike_R"],"score":218,"play_id":"6ae176b8-6ad5-4ff7-9506-73c8f0870483","local_time":"20190113104459","is_ascension_mode":true,"campfire_choices":[{"floor":7,"key":"REST"},{"floor":15,"key":"REST"}],"neow_cost":"NONE","seed_source_timestamp":43924100006839,"circlet_count":0,"master_deck":["AscendersBane","Strike_R","Strike_R","Strike_R","Defend_R","Defend_R","Defend_R","Defend_R","Bash","Twin Strike","Iron Wave","Impervious","Clothesline","Ghostly Armor"],"relics":["Burning Blood","Oddly Smooth Stone","Potion Belt","Smiling Mask","Pantograph","Question Card"],"potions_floor_usage":[8,13,16],"damage_taken":[{"damage":4,"enemies":"2 Louse","floor":1,"turns":3},{"damage":4,"enemies":"Small Slimes","floor":2,"turns":3},{"damage":6,"enemies":"Cultist","floor":5,"turns":3},{"damage":35,"enemies":"3 Sentries","floor":6,"turns":13},{"damage":30,"enemies":"Lagavulin","floor":8,"turns":6},{"damage":40,"enemies":"Gremlin Nob","floor":10,"turns":6},{"damage":0,"enemies":"2 Fungi Beasts","floor":13,"turns":3},{"damage":55,"enemies":"The Guardian","floor":16,"turns":16}],"seed_played":"9212173555876236342","potions_obtained":[{"floor":5,"key":"SteroidPotion"},{"floor":6,"key":"PowerPotion"},{"floor":8,"key":"LiquidBronze"}],"is_trial":false,"path_per_floor":["M","M","?","$","M","E","R","E","T","E","?","?","M","$","R","B"],"character_chosen":"IRONCLAD","items_purchased":[],"campfire_rested":2,"item_purchase_floors":[],"current_hp_per_floor":[70,72,72,72,72,43,65,41,41,7,2,2,8,8,30,0],"gold":159,"neow_bonus":"THREE_CARDS","is_prod":false,"is_daily":false,"chose_seed":false,"campfire_upgraded":0,"win_rate":0,"timestamp":1547347499,"path_taken":["M","M","?","$","M","E","R","E","T","E","?","?","M","$","R","BOSS"],"build_version":"2019-01-10","purchased_purges":2,"victory":false,"max_hp_per_floor":[75,75,75,75,75,75,75,75,75,75,75,75,75,75,75,75],"card_choices":[{"not_picked":["Perfected Strike","Clash"],"picked":"Twin Strike","floor":0},{"not_picked":["Clash","Warcry"],"picked":"Iron Wave","floor":1},{"not_picked":["Sentinel","Anger","Hemokinesis"],"picked":"SKIP","floor":2},{"not_picked":["Cleave","Sword Boomerang"],"picked":"Impervious","floor":5},{"not_picked":["Limit Break","Clash"],"picked":"Clothesline","floor":6},{"not_picked":["Intimidate","Body Slam","Shrug It Off"],"picked":"SKIP","floor":8},{"not_picked":["Heavy Blade","Clothesline","Power Through"],"picked":"SKIP","floor":10},{"not_picked":["Infernal Blade","Hemokinesis","Perfected Strike"],"picked":"Ghostly Armor","floor":13}],"player_experience":666268,"relics_obtained":[{"floor":6,"key":"Oddly Smooth Stone"},{"floor":8,"key":"Potion Belt"},{"floor":9,"key":"Smiling Mask"},{"floor":10,"key":"Pantograph"}],"event_choices":[{"damage_healed":0,"gold_gain":0,"player_choice":"Ignored","damage_taken":0,"max_hp_gain":0,"max_hp_loss":0,"event_name":"Liars Game","floor":3,"gold_loss":0},{"damage_healed":0,"gold_gain":0,"player_choice":"Success","damage_taken":5,"relics_obtained":["Question Card"],"max_hp_gain":0,"max_hp_loss":0,"event_name":"Scrap Ooze","floor":11,"gold_loss":0},{"damage_healed":0,"gold_gain":0,"player_choice":"Ignored","damage_taken":0,"max_hp_gain":0,"max_hp_loss":0,"event_name":"Golden Idol","floor":12,"gold_loss":0}],"is_beta":false,"boss_relics":[],"items_purged_floors":[4,14],"is_endless":false,"potions_floor_spawned":[5,6,8],"killed_by":"The Guardian","ascension_level":17}