{"gold_per_floor":[118,118,128,56,56,83,93,93,123,152,152,152,170,180,180,277,277,289,289,118,132,132,132,160,176,244,244,263,178,197,224,224,327,327,338,355,255,268,315,315,325,394,464,464,491,502,502,518,518,518],"floor_reached":51,"playtime":4313,"items_purged":["Darkness","All For One"],"score":973,"play_id":"e46322b2-f426-4cf4-8c82-1db780f0ec49","local_time":"20190602104307","is_ascension_mode":true,"campfire_choices":[{"data":"Zap","floor":8,"key":"SMITH"},{"data":"Dualcast","floor":12,"key":"SMITH"},{"data":"Leap","floor":15,"key":"SMITH"},{"data":"Chaos","floor":23,"key":"SMITH"},{"data":"Leap","floor":27,"key":"SMITH"},{"data":"Sweeping Beam","floor":32,"key":"SMITH"},{"floor":40,"key":"REST"},{"floor":44,"key":"REST"},{"floor":49,"key":"REST"}],"neow_cost":"NONE","seed_source_timestamp":1270526754697943,"circlet_count":0,"master_deck":["Zap+1","Dualcast+1","Ball Lightning","Rebound","Defragment+1","Conserve Battery+1","Leap+1","Undo","Core Surge","Coolheaded","Sweeping Beam+1","Chaos+1","Leap+1","Steam","Cold Snap","Loop+1","Steam+1","Chill","Buffer","Leap+1","Glacier","BootSequence+1","Capacitor+1","Steam+1","Capacitor+1","Panache+1","Barrage"],"relics":["Cracked Core","NeowsBlessing","Question Card","Tiny Chest","Orichalcum","Pandora\u0027s Box","Torii","Unceasing Top","Meat on the Bone","Pocketwatch","Bag of Preparation","Fusion Hammer","Dead Branch","Pear","Frozen Egg 2","Lantern"],"potions_floor_usage":[16,24,25,31,31,39,45,50],"damage_taken":[{"damage":0,"enemies":"2 Louse","floor":1,"turns":1},{"damage":0,"enemies":"Small Slimes","floor":3,"turns":1},{"damage":0,"enemies":"Lagavulin","floor":6,"turns":1},{"damage":0,"enemies":"Cultist","floor":7,"turns":2},{"damage":20,"enemies":"Gremlin Nob","floor":10,"turns":4},{"damage":0,"enemies":"Exordium Wildlife","floor":13,"turns":3},{"damage":0,"enemies":"Large Slime","floor":14,"turns":3},{"damage":18,"enemies":"The Guardian","floor":16,"turns":11},{"damage":5,"enemies":"Shell Parasite","floor":18,"turns":5},{"damage":3,"enemies":"2 Thieves","floor":21,"turns":4},{"damage":1,"enemies":"Gremlin Leader","floor":24,"turns":6},{"damage":0,"enemies":"Shelled Parasite and Fungi","floor":25,"turns":6},{"damage":26,"enemies":"Snake Plant","floor":28,"turns":3},{"damage":1,"enemies":"Centurion and Healer","floor":30,"turns":5},{"damage":24,"enemies":"Slavers","floor":31,"turns":8},{"damage":23,"enemies":"Collector","floor":33,"turns":9},{"damage":0,"enemies":"3 Shapes","floor":35,"turns":5},{"damage":0,"enemies":"Orb Walker","floor":36,"turns":3},{"damage":1,"enemies":"Transient","floor":38,"turns":5},{"damage":63,"enemies":"2 Orb Walkers","floor":39,"turns":7},{"damage":0,"enemies":"Jaw Worm Horde","floor":41,"turns":4},{"damage":33,"enemies":"Giant Head","floor":45,"turns":13},{"damage":1,"enemies":"4 Shapes","floor":46,"turns":4},{"damage":0,"enemies":"Maw","floor":48,"turns":7},{"damage":8,"enemies":"Time Eater","floor":50,"turns":14}],"seed_played":"6834134553395732489","potions_obtained":[{"floor":3,"key":"Regen Potion"},{"floor":6,"key":"Ancient Potion"},{"floor":10,"key":"Weak Potion"},{"floor":13,"key":"PowerPotion"},{"floor":21,"key":"SpeedPotion"},{"floor":24,"key":"Regen Potion"},{"floor":31,"key":"Block Potion"},{"floor":38,"key":"Dexterity Potion"},{"floor":39,"key":"LiquidBronze"},{"floor":45,"key":"Swift Potion"}],"is_trial":false,"path_per_floor":["M","?","M","$","?","E","M","R","T","E","?","R","M","M","R","B",null,"M","?","$","M","?","R","E","M","T","R","M","?","M","E","R","B",null,"M","M","$","M","?","R","M","T","T","R","E","M","?","M","R","B",null],"character_chosen":"DEFECT","items_purchased":["Defragment","Cold Snap","Explosive Potion"],"campfire_rested":3,"item_purchase_floors":[4,20,20],"current_hp_per_floor":[68,61,61,61,61,61,61,61,61,41,41,41,41,41,41,23,62,57,43,43,40,40,40,39,39,39,39,25,25,36,61,61,50,73,73,73,73,72,21,45,45,55,55,82,49,48,48,48,75,67],"gold":518,"neow_bonus":"THREE_ENEMY_KILL","is_prod":false,"is_daily":false,"chose_seed":false,"campfire_upgraded":6,"win_rate":0,"timestamp":1559486587,"path_taken":["M","?","M","$","?","E","M","R","T","E","?","R","?","M","R","BOSS","M","?","$","M","?","R","E","M","T","R","M","?","M","E","R","BOSS","M","M","$","M","?","R","M","?","T","R","E","?","?","M","R","BOSS"],"build_version":"2019-01-23","purchased_purges":2,"victory":true,"max_hp_per_floor":[75,75,75,75,75,75,75,75,75,75,75,75,75,75,75,75,75,75,80,80,80,80,80,80,80,80,80,80,80,80,80,80,80,80,80,80,80,80,80,80,80,90,90,90,90,90,90,90,90,90],"card_choices":[{"not_picked":["Turbo","White Noise"],"picked":"Ball Lightning","floor":1},{"not_picked":["Turbo","Genetic Algorithm"],"picked":"Rebound","floor":3},{"not_picked":["Beam Cell","Self Repair"],"picked":"Conserve Battery","floor":6},{"not_picked":["Double Energy","Tempest","Gash"],"picked":"Leap","floor":7},{"not_picked":["Ball Lightning","Leap","Auto Shields","Redo"],"picked":"SKIP","floor":10},{"not_picked":["Sweeping Beam","Force Field","Meteor Strike","Chaos"],"picked":"SKIP","floor":13},{"not_picked":["Rebound","Turbo","Steam"],"picked":"Undo","floor":14},{"not_picked":["Seek","Hyperbeam","Reboot"],"picked":"Core Surge","floor":16},{"not_picked":["Compile Driver","Coolheaded","Turbo","Redo"],"picked":"SKIP","floor":18},{"not_picked":["Self Repair","Conserve Battery","Barrage+1"],"picked":"Loop+1","floor":21},{"not_picked":["Beam Cell","Hologram+1","Coolheaded+1"],"picked":"Steam+1","floor":24},{"not_picked":["Heatsinks","Recycle","Fission","Streamline+1"],"picked":"SKIP","floor":25},{"not_picked":["Rip and Tear","Blizzard+1","Stack","Chaos"],"picked":"SKIP","floor":28},{"not_picked":["Steam Power","Redo","Leap","Hologram"],"picked":"SKIP","floor":30},{"not_picked":["Leap+1","Rebound","Doom and Gloom"],"picked":"Chill","floor":31},{"not_picked":["Multi-Cast","Core Surge","Fission"],"picked":"Buffer","floor":33},{"not_picked":["Conserve Battery","Aggregate+1","Rebound"],"picked":"Leap+1","floor":35},{"not_picked":["Hologram+1","Stack","Streamline"],"picked":"Glacier","floor":36},{"not_picked":["Turbo+1","Glacier","Cold Snap+1","Blizzard+1"],"picked":"SKIP","floor":38},{"not_picked":["Scrape","Rebound","Conserve Battery+1"],"picked":"BootSequence+1","floor":39},{"not_picked":["Coolheaded+1","Multi-Cast","Sweeping Beam"],"picked":"Capacitor+1","floor":41},{"not_picked":["Sweeping Beam+1","Gash","Ball Lightning"],"picked":"Steam+1","floor":45},{"not_picked":["Sweeping Beam+1","Rebound+1","Skim+1"],"picked":"Capacitor+1","floor":46},{"not_picked":["Secret Weapon","Deep Breath","Blind"],"picked":"Panache+1","floor":47},{"not_picked":["Sweeping Beam","Static Discharge+1","Blizzard+1"],"picked":"Barrage","floor":48}],"player_experience":681065,"relics_obtained":[{"floor":6,"key":"Question Card"},{"floor":9,"key":"Tiny Chest"},{"floor":10,"key":"Orichalcum"},{"floor":24,"key":"Unceasing Top"},{"floor":26,"key":"Meat on the Bone"},{"floor":31,"key":"Bag of Preparation"},{"floor":39,"key":"Dead Branch"},{"floor":42,"key":"Pear"},{"floor":43,"key":"Frozen Egg 2"},{"floor":45,"key":"Lantern"}],"event_choices":[{"cards_removed":["Strike_B"],"damage_healed":0,"gold_gain":0,"player_choice":"Card Removal","damage_taken":7,"max_hp_gain":0,"max_hp_loss":0,"event_name":"Golden Wing","floor":2,"gold_loss":0},{"damage_healed":0,"gold_gain":0,"player_choice":"Grow","damage_taken":0,"max_hp_gain":0,"max_hp_loss":0,"event_name":"Living Wall","floor":5,"gold_loss":0,"cards_upgraded":["Defragment"]},{"damage_healed":0,"gold_gain":0,"player_choice":"Upgraded","damage_taken":0,"max_hp_gain":0,"max_hp_loss":0,"event_name":"Upgrade Shrine","floor":11,"gold_loss":0,"cards_upgraded":["Conserve Battery"]},{"damage_healed":0,"gold_gain":0,"player_choice":"Shed Blood","damage_taken":19,"max_hp_gain":5,"max_hp_loss":0,"event_name":"Forgotten Altar","floor":19,"gold_loss":0},{"damage_healed":0,"gold_gain":0,"player_choice":"Opened","damage_taken":0,"relics_obtained":["Torii"],"max_hp_gain":0,"max_hp_loss":0,"event_name":"The Mausoleum","floor":22,"gold_loss":0},{"damage_healed":0,"gold_gain":0,"player_choice":"Obtained Relic","damage_taken":0,"relics_obtained":["Pocketwatch"],"max_hp_gain":0,"max_hp_loss":0,"event_name":"Addict","floor":29,"gold_loss":85},{"damage_healed":0,"gold_gain":0,"player_choice":"Fight","damage_taken":0,"max_hp_gain":0,"max_hp_loss":0,"event_name":"Mysterious Sphere","floor":39,"gold_loss":0},{"damage_healed":0,"gold_gain":0,"player_choice":"Memory 1","damage_taken":0,"max_hp_gain":0,"max_hp_loss":0,"event_name":"SensoryStone","floor":47,"gold_loss":0}],"is_beta":false,"boss_relics":[{"not_picked":["Runic Dome","Orrery"],"picked":"Pandora\u0027s Box"},{"not_picked":["White Beast Statue","Busted Crown"],"picked":"Fusion Hammer"}],"items_purged_floors":[20,37],"is_endless":false,"potions_floor_spawned":[3,6,10,13,21,24,31,38,39,45],"ascension_level":7}