{"gold_per_floor":[15,15,15,34,48,48,59,59,106,31,46,56,70,103,103,200,200,215,115,214,89,105,105,131,131,131,46,71,81,81,96,96,196,196,213,93,107,118,135,135,65,65,65,65,98,98,117,135,135,135],"floor_reached":51,"playtime":3013,"items_purged":["Strike_R","Strike_R","Defend_R","Strike_R"],"score":1005,"play_id":"bb642935-3a06-48c3-8aea-d52bf8dd1eb7","local_time":"20180814171251","is_ascension_mode":true,"campfire_choices":[{"data":"Feed","floor":6,"key":"SMITH"},{"data":"Bash","floor":8,"key":"SMITH"},{"data":"Bludgeon","floor":15,"key":"SMITH"},{"data":"Impervious","floor":23,"key":"SMITH"},{"data":"Dropkick","floor":32,"key":"SMITH"},{"data":"Dropkick","floor":40,"key":"SMITH"},{"data":"Flash of Steel","floor":42,"key":"SMITH"},{"data":"Defend_R","floor":44,"key":"SMITH"},{"floor":49,"key":"REST"}],"neow_cost":"NO_GOLD","seed_source_timestamp":34127075469257,"circlet_count":0,"master_deck":["Strike_R","Defend_R","Defend_R+1","Bash+1","Feed+1","Cleave+1","Bludgeon+1","Dropkick+1","Impervious+1","Shrug It Off+1","Dropkick+1","Intimidate+1","Flash of Steel+1","True Grit+1"],"relics":["Burning Blood","Strawberry","Bag of Marbles","Runic Pyramid","The Courier","Question Card","Matryoshka","Mummified Hand","Regal Pillow","Bottled Lightning","White Beast Statue","Kunai","Bottled Flame","Molten Egg 2"],"potions_floor_usage":[11,16,18,28,28,38,45,45,45],"damage_taken":[{"damage":6,"enemies":"Cultist","floor":1,"turns":4},{"damage":10,"enemies":"Small Slimes","floor":4,"turns":4},{"damage":2,"enemies":"2 Louse","floor":5,"turns":2},{"damage":16,"enemies":"Looter","floor":7,"turns":4},{"damage":3,"enemies":"3 Louse","floor":11,"turns":2},{"damage":1,"enemies":"Exordium Wildlife","floor":12,"turns":2},{"damage":13,"enemies":"Blue Slaver","floor":13,"turns":2},{"damage":8,"enemies":"Gremlin Nob","floor":14,"turns":3},{"damage":74,"enemies":"Hexaghost","floor":16,"turns":7},{"damage":11,"enemies":"2 Thieves","floor":18,"turns":2},{"damage":14,"enemies":"Shell Parasite","floor":22,"turns":2},{"damage":30,"enemies":"Book of Stabbing","floor":24,"turns":4},{"damage":60,"enemies":"Slavers","floor":28,"turns":7},{"damage":13,"enemies":"Centurion and Healer","floor":29,"turns":5},{"damage":2,"enemies":"Cultist and Chosen","floor":31,"turns":5},{"damage":0,"enemies":"Collector","floor":33,"turns":3},{"damage":16,"enemies":"Orb Walker","floor":35,"turns":3},{"damage":16,"enemies":"3 Shapes","floor":37,"turns":6},{"damage":22,"enemies":"Sphere and 2 Shapes","floor":38,"turns":5},{"damage":0,"enemies":"Maw","floor":39,"turns":3},{"damage":16,"enemies":"Nemesis","floor":45,"turns":5},{"damage":0,"enemies":"Transient","floor":47,"turns":3},{"damage":0,"enemies":"Spire Growth","floor":48,"turns":3},{"damage":11,"enemies":"Awakened One","floor":50,"turns":4}],"seed_played":"7827598907492021250","potions_obtained":[{"floor":1,"key":"PowerPotion"},{"floor":7,"key":"Energy Potion"},{"floor":13,"key":"BloodPotion"},{"floor":14,"key":"Explosive Potion"},{"floor":22,"key":"Weak Potion"},{"floor":28,"key":"Strength Potion"},{"floor":31,"key":"SteroidPotion"},{"floor":35,"key":"Regen Potion"},{"floor":38,"key":"LiquidBronze"},{"floor":39,"key":"Regen Potion"},{"floor":45,"key":"BloodPotion"},{"floor":47,"key":"Weak Potion"},{"floor":48,"key":"SmokeBomb"}],"is_trial":false,"path_per_floor":["M","?","$","M","M","R","M","R","T","$","M","M","M","E","R","B",null,"M","$","?","$","M","R","E","?","T","?","E","M","T","M","R","B",null,"M","$","M","M","M","R","$","R","T","R","E","$","M","M","R","B"],"character_chosen":"IRONCLAD","items_purchased":["Flash of Steel"],"campfire_rested":1,"item_purchase_floors":[41],"current_hp_per_floor":[83,83,83,82,89,89,79,79,86,86,93,102,95,97,97,29,88,87,87,87,87,83,83,59,59,59,59,20,17,17,25,25,31,104,98,98,88,81,91,91,91,91,91,91,86,86,96,102,140,135],"gold":135,"neow_bonus":"TRANSFORM_TWO_CARDS","is_prod":false,"is_daily":false,"chose_seed":false,"campfire_upgraded":8,"win_rate":0,"timestamp":1534237971,"path_taken":["M","?","$","?","M","R","M","R","T","$","M","M","M","E","R","BOSS","M","$","?","$","M","R","E","?","T","?","E","M","?","M","R","BOSS","M","?","M","M","M","R","?","R","T","R","E","$","M","M","R","BOSS"],"build_version":"2018-08-09","purchased_purges":4,"victory":true,"max_hp_per_floor":[83,83,83,86,89,89,89,89,96,96,100,104,104,108,108,108,108,112,112,112,112,116,116,116,116,116,116,120,124,124,128,128,128,128,132,132,132,132,136,136,136,136,136,136,136,136,140,140,140,140],"card_choices":[{"not_picked":["Sword Boomerang","Armaments","Flex"],"picked":"SKIP","floor":1},{"not_picked":["Pommel Strike","Iron Wave","Bloodletting"],"picked":"SKIP","floor":4},{"not_picked":["Perfected Strike","Iron Wave","Sword Boomerang"],"picked":"SKIP","floor":5},{"not_picked":["Clash","Corruption"],"picked":"Bludgeon","floor":7},{"not_picked":["Anger","Entrench","Warcry"],"picked":"SKIP","floor":11},{"not_picked":["Shrug It Off","Battle Trance","Armaments"],"picked":"SKIP","floor":12},{"not_picked":["Flex","Disarm","Warcry"],"picked":"SKIP","floor":13},{"not_picked":["Body Slam","Infernal Blade"],"picked":"Dropkick","floor":14},{"not_picked":["Offering","Exhume"],"picked":"Impervious","floor":16},{"not_picked":["Fire Breathing","Thunderclap","Sentinel"],"picked":"SKIP","floor":18},{"not_picked":["Sentinel","Wild Strike","Second Wind"],"picked":"SKIP","floor":22},{"not_picked":["Clash","Ghostly Armor","Burning Pact"],"picked":"SKIP","floor":24},{"not_picked":["Fire Breathing","Ghostly Armor","Bloodletting","Clothesline"],"picked":"SKIP","floor":28},{"not_picked":["True Grit","Whirlwind","Impervious"],"picked":"Shrug It Off+1","floor":29},{"not_picked":["Clash","Disarm+1","Heavy Blade"],"picked":"Dropkick","floor":31},{"not_picked":["Shrug It Off+1","Ghostly Armor+1","Seeing Red","Wild Strike+1"],"picked":"SKIP","floor":35},{"not_picked":["Body Slam","Havoc+1","Anger+1","Heavy Blade"],"picked":"SKIP","floor":37},{"not_picked":["Sever Soul+1","Headbutt+1","Pommel Strike+1","Fire Breathing+1"],"picked":"SKIP","floor":38},{"not_picked":["Wild Strike","Headbutt","Inflame"],"picked":"Intimidate+1","floor":39},{"not_picked":["Perfected Strike+1","Iron Wave","Dark Embrace"],"picked":"True Grit+1","floor":45},{"not_picked":["Anger+1","Disarm+1","Armaments","Clash+1"],"picked":"SKIP","floor":47},{"not_picked":["Clothesline+1","Sword Boomerang+1","Perfected Strike+1","Flex+1"],"picked":"SKIP","floor":48}],"player_experience":427197,"relics_obtained":[{"floor":9,"key":"Strawberry"},{"floor":14,"key":"Bag of Marbles"},{"floor":24,"key":"The Courier"},{"floor":26,"key":"Question Card"},{"floor":28,"key":"Mummified Hand"},{"floor":30,"key":"Regal Pillow"},{"floor":30,"key":"Bottled Lightning"},{"floor":43,"key":"Kunai"},{"floor":43,"key":"Bottled Flame"},{"floor":45,"key":"Molten Egg 2"}],"event_choices":[{"event_name":"Upgrade Shrine","player_choice":"Upgraded","floor":2,"damage_taken":0},{"event_name":"Nest","player_choice":"Stole From Cult","floor":20,"damage_taken":0},{"event_name":"Drug Dealer","player_choice":"Ignored","floor":25,"damage_taken":0},{"event_name":"Addict","player_choice":"Obtained Relic","floor":27,"damage_taken":0}],"is_beta":false,"boss_relics":[{"not_picked":["Pandora\u0027s Box","Astrolabe"],"picked":"Runic Pyramid"},{"not_picked":["Eternal Feather","Mark of Pain"],"picked":"White Beast Statue"}],"items_purged_floors":[10,19,21,36],"is_endless":false,"potions_floor_spawned":[1,7,13,14,22,28,31,35,37,38,39,45,47,48],"ascension_level":5}