{"path_per_floor":["M","?","M","?","?","R","E","R","T","E","M","R","$","M","R","B",null,"M","?","?","?","?","R","M","M","T","M","M","M","T","$","R","B",null,"M","M","?","M","?","M","M","R","T","M","$","M","M","M","R","B"],"character_chosen":"THE_SILENT","items_purchased":["Bag of Marbles","Noxious Fumes","Footwork"],"gold_per_floor":[111,186,197,197,197,197,230,230,230,261,274,274,50,61,61,165,165,185,185,185,185,185,185,196,212,269,288,303,314,614,480,480,580,580,598,609,609,620,620,630,642,642,689,703,503,517,531,547,547,547],"floor_reached":51,"campfire_rested":2,"playtime":3582,"current_hp_per_floor":[70,59,59,59,45,66,66,66,66,50,50,50,50,49,49,43,70,69,69,69,49,49,49,43,49,49,44,49,49,49,49,49,15,49,38,38,38,46,49,31,30,44,44,43,43,49,49,49,49,36],"items_purged":["Strike_G","Defend_G","Bite"],"gold":547,"score":638,"play_id":"78b02353-733c-4dc9-9239-bcfce9dbbe46","is_prod":false,"is_daily":false,"is_ascension_mode":true,"campfire_upgraded":6,"path_taken":["M","?","M","?","?","R","E","R","T","E","M","R","$","M","R","BOSS","M","?","?","?","?","R","M","?","T","M","M","M","?","$","R","BOSS","M","M","?","?","?","M","M","R","T","M","$","M","M","M","R","BOSS"],"build_version":"2018-02-15-PROD1","purchased_purges":3,"victory":true,"master_deck":["Defend_G+1","Defend_G+1","Survivor+1","Neutralize+1","Bouncing Flask+1","Backflip+1","Bite","Bite","Bite","Bite","Cloak And Dagger","Prepared+1","Noxious Fumes+1","Backflip+1","Prepared+1","Noxious Fumes","Deflect+1","Writhe","Footwork+1","Quick Slash+1","Dodge and Roll+1"],"max_hp_per_floor":[70,70,70,70,70,70,70,70,70,70,70,70,70,70,70,70,70,70,70,70,49,49,49,49,49,49,49,49,49,49,49,49,49,49,49,49,49,49,49,49,49,49,49,49,49,49,49,49,49,49],"relics":["Ring of the Snake","NeowsBlessing","Ninja Scroll","Vajra","Gremlin Horn","Bag of Marbles","Sozu","Tiny Chest","Old Coin","Orrery","Oddly Smooth Stone"],"card_choices":[{"not_picked":["PiercingWail","Sucker Punch"],"picked":"Cloak And Dagger"},{"not_picked":["Accuracy","Malaise"],"picked":"Prepared"},{"not_picked":["Outmaneuver","Flying Knee"],"picked":"Backflip"},{"not_picked":["Sucker Punch","All Out Attack"],"picked":"Prepared"},{"not_picked":["Finisher","Riddle With Holes"],"picked":"Noxious Fumes"},{"not_picked":["Flechettes","Backflip"],"picked":"Deflect"},{"not_picked":["Outmaneuver","Choke"],"picked":"Quick Slash"},{"not_picked":["Flying Knee","Eviscerate"],"picked":"Dodge and Roll"}],"player_experience":129555,"potions_floor_usage":[16,16],"damage_taken":[{"damage":0,"enemies":"Jaw Worm","floor":1,"turns":1},{"damage":0,"enemies":"2 Louse","floor":3,"turns":1},{"damage":0,"enemies":"Gremlin Nob","floor":7,"turns":1},{"damage":16,"enemies":"Lagavulin","floor":10,"turns":5},{"damage":0,"enemies":"Cultist","floor":11,"turns":2},{"damage":1,"enemies":"Red Slaver","floor":14,"turns":2},{"damage":6,"enemies":"The Guardian","floor":16,"turns":10},{"damage":1,"enemies":"2 Thieves","floor":18,"turns":4},{"damage":8,"enemies":"Shell Parasite","floor":24,"turns":4},{"damage":0,"enemies":"Snecko","floor":25,"turns":3},{"damage":11,"enemies":"Sentry and Sphere","floor":27,"turns":5},{"damage":0,"enemies":"Chosen and Byrds","floor":28,"turns":5},{"damage":6,"enemies":"Slaver and Parasite","floor":29,"turns":5},{"damage":76,"enemies":"Automaton","floor":33,"turns":11},{"damage":21,"enemies":"3 Darklings","floor":35,"turns":4},{"damage":10,"enemies":"3 Shapes","floor":36,"turns":4},{"damage":2,"enemies":"3 Darklings","floor":38,"turns":4},{"damage":26,"enemies":"Sphere and 2 Shapes","floor":40,"turns":6},{"damage":11,"enemies":"4 Shapes","floor":41,"turns":5},{"damage":16,"enemies":"Maw","floor":44,"turns":7},{"damage":4,"enemies":"3 Darklings","floor":46,"turns":5},{"damage":3,"enemies":"Sphere and 2 Shapes","floor":47,"turns":5},{"damage":8,"enemies":"Maw","floor":48,"turns":7},{"damage":39,"enemies":"Time Eater","floor":50,"turns":15}],"event_choices":[{"event_name":"World of Goop","player_choice":"Gather Gold","floor":2,"damage_taken":0},{"event_name":"Transmorgrifier","player_choice":"Transform","floor":4,"damage_taken":0},{"event_name":"Shining Light","player_choice":"Entered Light","floor":5,"damage_taken":0},{"event_name":"N\u0027loth","player_choice":"Ignored","floor":19,"damage_taken":0},{"event_name":"The Library","player_choice":"Read","floor":20,"damage_taken":0},{"event_name":"Vampires","player_choice":"Became a vampire","floor":21,"damage_taken":0},{"event_name":"Purifier","player_choice":"One Purge","floor":22,"damage_taken":0},{"event_name":"Mysterious Sphere","player_choice":"Ignore","floor":37,"damage_taken":0},{"event_name":"Winding Halls","player_choice":"Writhe","floor":39,"damage_taken":0}],"boss_relics":[{"not_picked":["Ectoplasm","Tiny House"],"picked":"Sozu"},{"not_picked":["Question Card","Astrolabe"],"picked":"Orrery"}],"potions_floor_spawned":[1,3,14,25,28,29,33,38,44,46,48],"seed_played":"5052945822245045495","ascension_level":1,"is_trial":false}