{"gold_per_floor":[110,35,35,35,45,79,92,103,130,148,98,98,98,48,48,48],"floor_reached":16,"playtime":432,"items_purged":["Strike_R","Strike_R","Strike_R"],"score":225,"play_id":"bf83a471-47bc-42bf-9511-fe75119d1c0d","local_time":"20190101235147","is_ascension_mode":true,"campfire_choices":[{"data":"Whirlwind","floor":13,"key":"SMITH"},{"data":"Bash","floor":15,"key":"SMITH"}],"neow_cost":"NONE","seed_source_timestamp":211935869808168,"circlet_count":0,"master_deck":["AscendersBane","Strike_R","Strike_R","Defend_R","Defend_R","Defend_R","Defend_R","Bash+1","Cleave","True Grit","Whirlwind+1"],"relics":["Burning Blood","NeowsBlessing","Strawberry","Smiling Mask","Golden Idol"],"potions_floor_usage":[16,16],"damage_taken":[{"damage":0,"enemies":"Jaw Worm","floor":1,"turns":1},{"damage":0,"enemies":"2 Louse","floor":5,"turns":1},{"damage":0,"enemies":"Lagavulin","floor":6,"turns":1},{"damage":11,"enemies":"Cultist","floor":7,"turns":4},{"damage":27,"enemies":"Exordium Wildlife","floor":8,"turns":4},{"damage":0,"enemies":"3 Louse","floor":10,"turns":1},{"damage":63,"enemies":"Hexaghost","floor":16,"turns":8}],"seed_played":"-3238188651916439026","potions_obtained":[{"floor":7,"key":"FearPotion"},{"floor":10,"key":"SkillPotion"}],"is_trial":false,"path_per_floor":["M","$","?","?","M","E","M","M","T","M","$","?","R","$","R","B"],"character_chosen":"IRONCLAD","items_purchased":[],"campfire_rested":0,"item_purchase_floors":[],"current_hp_per_floor":[74,74,74,74,75,82,77,56,56,62,62,62,62,62,62,0],"gold":48,"neow_bonus":"THREE_ENEMY_KILL","is_prod":false,"is_daily":false,"chose_seed":false,"campfire_upgraded":2,"win_rate":0,"timestamp":1546357907,"path_taken":["M","$","?","?","M","E","M","M","T","M","?","?","R","$","R","BOSS"],"build_version":"2018-12-20","purchased_purges":3,"victory":false,"max_hp_per_floor":[75,75,75,75,75,82,82,82,82,82,82,74,74,74,74,74],"card_choices":[{"not_picked":["Armaments","Feel No Pain"],"picked":"Cleave","floor":1},{"not_picked":["Inflame","Intimidate"],"picked":"True Grit","floor":5},{"not_picked":["Flex","Combust","Body Slam"],"picked":"SKIP","floor":6},{"not_picked":["Havoc","Perfected Strike","Hemokinesis"],"picked":"SKIP","floor":7},{"not_picked":["Pommel Strike","True Grit"],"picked":"Whirlwind","floor":8},{"not_picked":["Clash","Clothesline","Reckless Charge"],"picked":"SKIP","floor":10}],"player_experience":641037,"relics_obtained":[{"floor":6,"key":"Strawberry"},{"floor":9,"key":"Smiling Mask"}],"event_choices":[{"damage_healed":0,"gold_gain":0,"player_choice":"Leave","damage_taken":0,"max_hp_gain":0,"max_hp_loss":0,"event_name":"The Cleric","floor":3,"gold_loss":0},{"damage_healed":0,"gold_gain":0,"player_choice":"Ignored","damage_taken":0,"max_hp_gain":0,"max_hp_loss":0,"event_name":"Liars Game","floor":4,"gold_loss":0},{"damage_healed":0,"gold_gain":0,"player_choice":"Lose Max HP","damage_taken":0,"relics_obtained":["Golden Idol"],"max_hp_gain":0,"max_hp_loss":8,"event_name":"Golden Idol","floor":12,"gold_loss":0}],"is_beta":false,"boss_relics":[],"items_purged_floors":[2,11,14],"is_endless":false,"potions_floor_spawned":[7,10],"killed_by":"Hexaghost","ascension_level":16}