{"gold_per_floor":[17,37,52,62,62,62,72,72,125,158,158,83,83,96,96,96],"floor_reached":16,"playtime":733,"items_purged":["Defend_G"],"score":107,"play_id":"69de06f4-b515-43b7-a7b2-ca906721aa8e","local_time":"20190519024228","is_ascension_mode":true,"campfire_choices":[{"floor":6,"key":"REST"},{"floor":11,"key":"REST"},{"floor":13,"key":"REST"},{"data":"Escape Plan","floor":15,"key":"SMITH"}],"neow_cost":"NO_GOLD","seed_source_timestamp":122482223151800,"circlet_count":0,"master_deck":["Defend_G","Defend_G+1","Defend_G","Strike_G","Strike_G","Strike_G","Strike_G","Survivor","Neutralize","Escape Plan","Escape Plan+1","Backflip","Prepared","Escape Plan+1","Deflect"],"relics":["Ring of the Snake","Bronze Scales","Matryoshka"],"potions_floor_usage":[4,10,16,16],"damage_taken":[{"damage":0,"enemies":"2 Louse","floor":1,"turns":3},{"damage":6,"enemies":"Jaw Worm","floor":2,"turns":6},{"damage":5,"enemies":"Small Slimes","floor":3,"turns":4},{"damage":14,"enemies":"Exordium Thugs","floor":4,"turns":8},{"damage":6,"enemies":"Looter","floor":7,"turns":4},{"damage":22,"enemies":"Lagavulin","floor":10,"turns":9},{"damage":11,"enemies":"3 Louse","floor":14,"turns":2},{"damage":62,"enemies":"Slime Boss","floor":16,"turns":13}],"seed_played":"-8713149750857439763","potions_obtained":[{"floor":2,"key":"SteroidPotion"},{"floor":4,"key":"Strength Potion"},{"floor":7,"key":"Fire Potion"},{"floor":14,"key":"GamblersBrew"}],"is_trial":false,"path_per_floor":["M","M","M","M","?","R","M","$","T","E","R","$","R","M","R","B"],"character_chosen":"THE_SILENT","items_purchased":[],"campfire_rested":3,"item_purchase_floors":[],"current_hp_per_floor":[70,64,59,45,31,52,46,46,46,24,45,45,66,55,55,0],"gold":96,"neow_bonus":"REMOVE_TWO","is_prod":false,"is_daily":false,"chose_seed":false,"campfire_upgraded":1,"win_rate":0,"timestamp":1558244548,"path_taken":["M","M","M","M","?","R","M","$","T","E","R","$","R","M","R","BOSS"],"build_version":"2019-01-23","purchased_purges":1,"victory":false,"max_hp_per_floor":[70,70,70,70,70,70,70,70,70,70,70,70,70,70,70,70],"card_choices":[{"not_picked":["Deflect","Dodge and Roll"],"picked":"Escape Plan","floor":1},{"not_picked":["Leg Sweep","Infinite Blades"],"picked":"Escape Plan","floor":2},{"not_picked":["Slice","Dash","Flechettes"],"picked":"SKIP","floor":3},{"not_picked":["Outmaneuver","Masterful Stab"],"picked":"Backflip","floor":4},{"not_picked":["Terror","Riddle With Holes"],"picked":"Prepared","floor":7},{"not_picked":["Cloak And Dagger","Acrobatics"],"picked":"Escape Plan","floor":10},{"not_picked":["Blade Dance","Catalyst"],"picked":"Deflect","floor":14}],"player_experience":193142,"relics_obtained":[{"floor":9,"key":"Bronze Scales"},{"floor":10,"key":"Matryoshka"}],"event_choices":[{"damage_healed":0,"gold_gain":0,"player_choice":"Entered Light","damage_taken":14,"max_hp_gain":0,"max_hp_loss":0,"event_name":"Shining Light","floor":5,"gold_loss":0,"cards_upgraded":["Escape Plan","Defend_G"]}],"is_beta":false,"boss_relics":[],"items_purged_floors":[12],"is_endless":false,"potions_floor_spawned":[2,4,7,14],"killed_by":"Slime Boss","ascension_level":1}