{"gold_per_floor":[115,40,40,40,50,85,116,116,116,126,154,173,173,185,185,185],"floor_reached":16,"playtime":772,"items_purged":["Strike_R"],"score":225,"play_id":"c6e31fc6-c616-4c26-b283-8d322d2e237a","local_time":"20181208230546","is_ascension_mode":true,"campfire_choices":[{"data":"Seeing Red","floor":8,"key":"SMITH"},{"data":"Entrench","floor":13,"key":"SMITH"},{"data":"Shrug It Off","floor":15,"key":"SMITH"}],"neow_cost":"NONE","seed_source_timestamp":486276967373090,"circlet_count":0,"master_deck":["AscendersBane","Strike_R","Strike_R","Strike_R","Defend_R","Defend_R","Defend_R","Defend_R","Bash","Body Slam+1","Seeing Red+1","Shrug It Off+1","Entrench+1","Body Slam"],"relics":["Burning Blood","NeowsBlessing","WingedGreaves","Centennial Puzzle","Du-Vu Doll","Pen Nib"],"potions_floor_usage":[11,12],"damage_taken":[{"damage":0,"enemies":"Jaw Worm","floor":1,"turns":1},{"damage":3,"enemies":"Small Slimes","floor":5,"turns":2},{"damage":0,"enemies":"3 Sentries","floor":6,"turns":2},{"damage":34,"enemies":"Gremlin Nob","floor":7,"turns":5},{"damage":1,"enemies":"Cultist","floor":10,"turns":3},{"damage":17,"enemies":"3 Sentries","floor":11,"turns":8},{"damage":15,"enemies":"Exordium Thugs","floor":12,"turns":5},{"damage":0,"enemies":"Blue Slaver","floor":14,"turns":2},{"damage":44,"enemies":"Hexaghost","floor":16,"turns":9}],"seed_played":"8510163336590214859","potions_obtained":[{"floor":7,"key":"Swift Potion"},{"floor":11,"key":"Block Potion"}],"is_trial":false,"path_per_floor":["M","$","?","?","M","E","E","R","T","M","E","M","R","M","R","B"],"character_chosen":"IRONCLAD","items_purchased":[],"campfire_rested":0,"item_purchase_floors":[],"current_hp_per_floor":[78,78,71,71,74,80,52,52,52,57,46,37,37,43,43,0],"gold":185,"neow_bonus":"THREE_ENEMY_KILL","is_prod":false,"is_daily":false,"chose_seed":false,"campfire_upgraded":3,"win_rate":0,"timestamp":1544281546,"path_taken":["M","$","?","?","M","E","E","R","T","M","E","M","R","M","R","BOSS"],"build_version":"2018-12-06","purchased_purges":1,"victory":false,"max_hp_per_floor":[80,80,80,80,80,80,80,80,80,80,80,80,80,80,80,80],"card_choices":[{"not_picked":["Flex","Feel No Pain"],"picked":"Body Slam","floor":1},{"not_picked":["True Grit","Evolve","Heavy Blade"],"picked":"SKIP","floor":5},{"not_picked":["Thunderclap","Havoc","Warcry"],"picked":"SKIP","floor":6},{"not_picked":["Headbutt","Twin Strike"],"picked":"Seeing Red","floor":7},{"not_picked":["Burning Pact","Pommel Strike"],"picked":"Shrug It Off","floor":10},{"not_picked":["Spot Weakness","Rage"],"picked":"Entrench","floor":11},{"not_picked":["Feel No Pain","Intimidate"],"picked":"Body Slam","floor":12},{"not_picked":["Thunderclap","Blood for Blood","Warcry"],"picked":"SKIP","floor":14}],"player_experience":508591,"relics_obtained":[{"floor":6,"key":"WingedGreaves"},{"floor":7,"key":"Centennial Puzzle"},{"floor":9,"key":"Du-Vu Doll"},{"floor":11,"key":"Pen Nib"}],"event_choices":[{"cards_removed":["Strike_R"],"damage_healed":0,"gold_gain":0,"player_choice":"Card Removal","damage_taken":7,"max_hp_gain":0,"max_hp_loss":0,"event_name":"Golden Wing","floor":3,"gold_loss":0},{"damage_healed":0,"gold_gain":0,"player_choice":"Forge","damage_taken":0,"max_hp_gain":0,"max_hp_loss":0,"event_name":"Accursed Blacksmith","floor":4,"gold_loss":0,"cards_upgraded":["Body Slam"]}],"is_beta":false,"boss_relics":[],"items_purged_floors":[2],"is_endless":false,"potions_floor_spawned":[7,11],"killed_by":"Hexaghost","ascension_level":11}