{"gold_per_floor":[117,42,58,58,77,107,122,122,122,122,152,162,222,222,222,297,297,316,316,316,316,33,90,153,153,179,204,244,45,45,108,108,181,181,194,30,69,84,161,161,212,212,237,295,420,457,15,55,55,55],"floor_reached":51,"playtime":2380,"items_purged":["Strike_R","Defend_R"],"score":1607,"play_id":"91ac9035-ac0a-4f50-b26b-731bfd043792","local_time":"20190601062538","is_ascension_mode":true,"campfire_choices":[{"floor":8.0,"key":"REST"},{"floor":10.0,"key":"REST"},{"data":"Bash","floor":15.0,"key":"SMITH"},{"data":"Heavy Blade","floor":25.0,"key":"SMITH"},{"data":"Shockwave","floor":30.0,"key":"SMITH"},{"data":"Impervious","floor":32.0,"key":"SMITH"},{"data":"Demon Form","floor":40,"key":"SMITH"},{"data":"Impervious","floor":42,"key":"SMITH"},{"data":"Disarm","floor":49,"key":"SMITH"}],"neow_cost":"NONE","seed_source_timestamp":1357366860141500,"circlet_count":0,"master_deck":["AscendersBane","Strike_R+1","Strike_R+1","Defend_R","Defend_R","Bash+1","Heavy Blade+1","True Grit","Impervious+1","Spot Weakness","Body Slam+1","Body Slam+1","Pommel Strike+1","Cleave+1","Fiend Fire+1","Blood for Blood+1","Sever Soul+1","HandOfGreed+1","Pummel+1","Shrug It Off","Impervious+1","Shockwave+1","HandOfGreed+1","Carnage+1","Demon Form+1","Clothesline+1","Dark Embrace","Heavy Blade+1","Disarm+1","Whirlwind+1"],"special_seed":0,"relics":["Burning Blood","Molten Egg 2","Shuriken","Red Skull","Vajra","Snecko Eye","Darkstone Periapt","Art of War","Bottled Lightning","White Beast Statue","Bag of Preparation","Bird Faced Urn","Mummified Hand","Whetstone","Singing Bowl","FossilizedHelix","Ice Cream"],"potions_floor_usage":[41,50,50],"damage_taken":[{"damage":12.0,"enemies":"Small Slimes","floor":1.0,"turns":4.0},{"damage":9.0,"enemies":"Jaw Worm","floor":3.0,"turns":4.0},{"damage":1.0,"enemies":"Cultist","floor":5.0,"turns":3.0},{"damage":45.0,"enemies":"Lagavulin","floor":6.0,"turns":9.0},{"damage":19.0,"enemies":"Blue Slaver","floor":7.0,"turns":5.0},{"damage":13.0,"enemies":"3 Sentries","floor":11.0,"turns":5.0},{"damage":0.0,"enemies":"Large Slime","floor":12.0,"turns":5.0},{"damage":14.0,"enemies":"Lagavulin Event","floor":13.0,"turns":5.0},{"damage":0.0,"enemies":"Slime Boss","floor":16.0,"turns":5.0},{"damage":1.0,"enemies":"Spheric Guardian","floor":18.0,"turns":3.0},{"damage":8.0,"enemies":"Slavers","floor":23.0,"turns":3.0},{"damage":16.0,"enemies":"3 Byrds","floor":24.0,"turns":4.0},{"damage":8.0,"enemies":"Book of Stabbing","floor":27.0,"turns":2.0},{"damage":0.0,"enemies":"Sentry and Sphere","floor":28.0,"turns":4.0},{"damage":0.0,"enemies":"Shelled Parasite and Fungi","floor":31.0,"turns":2.0},{"damage":3.0,"enemies":"Champ","floor":33.0,"turns":7.0},{"damage":3.0,"enemies":"Orb Walker","floor":35.0,"turns":3.0},{"damage":31.0,"enemies":"3 Darklings","floor":37.0,"turns":3.0},{"damage":0.0,"enemies":"Spire Growth","floor":38.0,"turns":2.0},{"damage":0,"enemies":"2 Orb Walkers","floor":39,"turns":2},{"damage":38,"enemies":"Reptomancer","floor":41,"turns":7},{"damage":0,"enemies":"Giant Head","floor":44,"turns":4},{"damage":0,"enemies":"Mind Bloom Boss Battle","floor":45,"turns":4},{"damage":4,"enemies":"4 Shapes","floor":46,"turns":3},{"damage":14,"enemies":"Writhing Mass","floor":48,"turns":4},{"damage":0,"enemies":"Donu and Deca","floor":50,"turns":3}],"seed_played":"-7481901561318965029","potions_obtained":[{"floor":3.0,"key":"LiquidBronze"},{"floor":5.0,"key":"EssenceOfSteel"},{"floor":11.0,"key":"Energy Potion"},{"floor":13.0,"key":"Strength Potion"},{"floor":16.0,"key":"SteroidPotion"},{"floor":24.0,"key":"AttackPotion"},{"floor":27.0,"key":"EssenceOfSteel"},{"floor":31.0,"key":"Block Potion"},{"floor":35.0,"key":"Strength Potion"},{"floor":37.0,"key":"EssenceOfSteel"},{"floor":38.0,"key":"Regen Potion"},{"floor":41,"key":"Weak Potion"},{"floor":44,"key":"PowerPotion"}],"is_trial":false,"path_per_floor":["M","?","M","?","M","E","M","R","T","R","E","M","?","?","R","B",null,"M","?","?","?","$","E","M","R","T","E","M","$","R","M","R","B",null,"M","$","M","M","?","R","E","R","T","E","?","M","$","M","R","B",null],"character_chosen":"IRONCLAD","items_purchased":["HandOfGreed+1","HandOfGreed+1","Bag of Preparation","Ice Cream"],"campfire_rested":2,"item_purchase_floors":[22,29,36,47],"current_hp_per_floor":[69,69,66,59,64,25,12,36,36,60,53,59,51,51,51,57,76,81,81,81,81,81,79,69,69,69,67,73,73,73,79,79,82,82,82,82,57,63,69,69,56,56,56,68,78,82,82,78,78,86],"gold":55,"neow_bonus":"TEN_PERCENT_HP_BONUS","is_prod":false,"is_daily":false,"chose_seed":false,"campfire_upgraded":7,"win_rate":0,"timestamp":1559341538,"path_taken":["M","?","M","?","M","E","M","R","T","R","E","?","?","?","R","BOSS","M","?","?","?","$","E","M","R","T","E","M","$","R","?","R","BOSS","M","$","M","M","?","R","E","R","T","E","?","M","$","M","R","BOSS"],"build_version":"2019-01-23","purchased_purges":2,"victory":true,"max_hp_per_floor":[82,82,82,82,82,82,82,82,82,82,82,82,82,82,82,82,82,82,82,82,82,82,82,82,82,82,82,82,82,82,82,82,82,82,82,82,82,82,82,82,82,82,82,84,86,86,86,86,86,86],"card_choices":[{"not_picked":["Havoc","Rupture"],"picked":"Heavy Blade","floor":1.0},{"not_picked":["Thunderclap","Rampage"],"picked":"True Grit","floor":3.0},{"not_picked":["Thunderclap","Rampage"],"picked":"Impervious","floor":5.0},{"not_picked":["Uppercut","Sever Soul"],"picked":"Spot Weakness","floor":6.0},{"not_picked":["Wild Strike+1","Combust"],"picked":"Body Slam+1","floor":7.0},{"not_picked":["Twin Strike+1","Sentinel"],"picked":"Body Slam+1","floor":11.0},{"not_picked":["Reckless Charge+1","Dropkick+1"],"picked":"Pommel Strike+1","floor":12.0},{"not_picked":["Pommel Strike+1","Heavy Blade+1"],"picked":"Cleave+1","floor":13.0},{"not_picked":["Immolate+1","Barricade"],"picked":"Fiend Fire+1","floor":16.0},{"not_picked":["Rupture","Battle Trance+1"],"picked":"Blood for Blood+1","floor":18.0},{"not_picked":["Bloodletting","Second Wind"],"picked":"Pummel+1","floor":23.0},{"not_picked":["Thunderclap+1","Cleave+1"],"picked":"Shrug It Off","floor":24.0},{"not_picked":["Thunderclap+1","Flex"],"picked":"Impervious","floor":27.0},{"not_picked":["Searing Blow+1","Intimidate"],"picked":"Shockwave","floor":28.0},{"not_picked":["Headbutt+1","Pommel Strike+1"],"picked":"Carnage+1","floor":31.0},{"not_picked":["Bludgeon+1","Feed+1"],"picked":"Demon Form","floor":33.0},{"not_picked":["Wild Strike+1","Reckless Charge+1","Twin Strike+1"],"picked":"SKIP","floor":35.0},{"not_picked":["Cleave+1","Wild Strike+1"],"picked":"Clothesline+1","floor":37.0},{"not_picked":["Havoc","Dropkick+1"],"picked":"Dark Embrace","floor":38.0},{"not_picked":["Clothesline+1","Combust"],"picked":"Heavy Blade+1","floor":41},{"not_picked":["Searing Blow+1","Fire Breathing+1","Havoc+1"],"picked":"Singing Bowl","floor":44},{"not_picked":["Sword Boomerang+1","Iron Wave+1","Cleave+1"],"picked":"Singing Bowl","floor":45},{"not_picked":["Dark Embrace","True Grit"],"picked":"Disarm","floor":46},{"not_picked":["True Grit","Sword Boomerang+1"],"picked":"Whirlwind+1","floor":48}],"player_experience":617858,"relics_obtained":[{"floor":6.0,"key":"Molten Egg 2"},{"floor":9.0,"key":"Shuriken"},{"floor":11.0,"key":"Red Skull"},{"floor":13.0,"key":"Vajra"},{"floor":23.0,"key":"Darkstone Periapt"},{"floor":26.0,"key":"Art of War"},{"floor":27.0,"key":"Bottled Lightning"},{"floor":39,"key":"Bird Faced Urn"},{"floor":41,"key":"Mummified Hand"},{"floor":43,"key":"Whetstone"},{"floor":44,"key":"Singing Bowl"},{"floor":45,"key":"FossilizedHelix"}],"event_choices":[{"cards_removed":["Strike_R"],"damage_healed":0.0,"max_hp_gain":0.0,"max_hp_loss":0.0,"gold_gain":0.0,"event_name":"The Cleric","player_choice":"Card Removal","floor":2.0,"gold_loss":75.0,"damage_taken":0.0},{"cards_removed":["Defend_R"],"damage_healed":0.0,"max_hp_gain":0.0,"max_hp_loss":0.0,"gold_gain":0.0,"event_name":"Golden Wing","player_choice":"Card Removal","floor":4.0,"gold_loss":0.0,"damage_taken":7.0},{"damage_healed":0.0,"max_hp_gain":0.0,"max_hp_loss":0.0,"gold_gain":0.0,"event_name":"Dead Adventurer","player_choice":"Searched \u00271\u0027 times","floor":13.0,"gold_loss":0.0,"damage_taken":0.0},{"cards_removed":["Strike_R"],"damage_healed":0.0,"max_hp_gain":0.0,"max_hp_loss":0.0,"gold_gain":0.0,"event_name":"Living Wall","player_choice":"Forget","floor":14.0,"gold_loss":0.0,"damage_taken":0.0},{"damage_healed":0.0,"max_hp_gain":0.0,"max_hp_loss":0.0,"gold_gain":0.0,"event_name":"Ghosts","player_choice":"Ignored","floor":19.0,"gold_loss":0.0,"damage_taken":0.0},{"damage_healed":0.0,"max_hp_gain":0.0,"max_hp_loss":0.0,"gold_gain":0.0,"event_name":"Vampires","player_choice":"Ignored","floor":20.0,"gold_loss":0.0,"damage_taken":0.0},{"damage_healed":0.0,"max_hp_gain":0.0,"max_hp_loss":0.0,"gold_gain":0.0,"event_name":"The Library","player_choice":"Read","floor":21.0,"gold_loss":0.0,"damage_taken":0.0,"cards_obtained":["Sever Soul"]},{"damage_healed":0,"gold_gain":0,"player_choice":"Fight","damage_taken":0,"max_hp_gain":0,"max_hp_loss":0,"event_name":"Mysterious Sphere","floor":39,"gold_loss":0},{"damage_healed":0,"gold_gain":0,"player_choice":"Fight","damage_taken":0,"max_hp_gain":0,"max_hp_loss":0,"event_name":"MindBloom","floor":45,"gold_loss":0}],"is_beta":false,"boss_relics":[{"not_picked":["Sozu","Coffee Dripper"],"picked":"Snecko Eye"},{"not_picked":["Philosopher\u0027s Stone","Black Blood"],"picked":"White Beast Statue"}],"items_purged_floors":[22,47],"is_endless":false,"potions_floor_spawned":[3,5,11,13,16,24,27,31,35,37,38,39,41,44,45,46,48],"ascension_level":17}