{"path_per_floor":["M","M","$","M","?","R","$","M","T","M","R","E","M","?","R","B",null],"character_chosen":"DEFECT","items_purchased":["Skim"],"gold_per_floor":[110,120,23,33,33,33,33,50,128,142,142,170,187,187,187,307,307,307],"floor_reached":18,"campfire_rested":0,"playtime":5725,"current_hp_per_floor":[68,67,67,67,67,67,67,67,67,66,66,62,61,61,61,50,64,0],"items_purged":["Defend_B"],"gold":307,"score":211,"play_id":"66559395-23f7-4858-a2db-ad76e70508a0","local_time":"20180428235609","is_prod":false,"is_daily":false,"chose_seed":false,"is_ascension_mode":true,"campfire_upgraded":3,"timestamp":1524977769,"path_taken":["M","M","$","M","?","R","$","M","T","M","R","E","?","?","R","BOSS","M"],"build_version":"2018-04-27v3","seed_source_timestamp":125210774989086,"purchased_purges":1,"victory":false,"master_deck":["Strike_B","Strike_B+1","Strike_B+1","Defend_B","Zap+1","Dualcast+1","Reinforced Body","Cold Snap","Skim","Beam Cell+1","Reinforced Body","Reboot","Prime+1","Prime+1","Creative AI+1"],"max_hp_per_floor":[75,75,75,75,75,75,75,75,75,75,75,75,75,69,69,69,69,69],"relics":["Runic Pyramid","The Courier","Whetstone","Golden Idol","Astrolabe"],"card_choices":[{"not_picked":["Cold Snap","Leap"],"picked":"Reinforced Body","floor":1},{"not_picked":["Axe Kick","Blaster"],"picked":"Cold Snap","floor":2},{"not_picked":["Capacitor","Fission"],"picked":"Beam Cell","floor":8},{"not_picked":["Stack","Rebound"],"picked":"Reinforced Body","floor":12},{"not_picked":["Meteor Strike","Biased Cognition"],"picked":"Reboot","floor":16}],"player_experience":95037,"potions_floor_usage":[8,8,16,18],"damage_taken":[{"damage":0,"enemies":"Small Slimes","floor":1,"turns":4},{"damage":1,"enemies":"Cultist","floor":2,"turns":5},{"damage":0,"enemies":"2 Louse","floor":4,"turns":5},{"damage":3,"enemies":"Lots of Slimes","floor":8,"turns":2},{"damage":1,"enemies":"Looter","floor":10,"turns":4},{"damage":4,"enemies":"Lagavulin","floor":12,"turns":8},{"damage":1,"enemies":"Large Slime","floor":13,"turns":5},{"damage":11,"enemies":"The Guardian","floor":16,"turns":13},{"damage":82,"enemies":"Shell Parasite","floor":18,"turns":14}],"event_choices":[{"event_name":"The Lab","player_choice":"Got Potions","floor":5,"damage_taken":0},{"event_name":"Golden Idol","player_choice":"Lose Max HP","floor":14,"damage_taken":0}],"boss_relics":[{"not_picked":["Tiny House","Calling Bell"],"picked":"Astrolabe"}],"potions_floor_spawned":[1,4,12,16],"seed_played":"4900084543142463029","killed_by":"Shell Parasite","ascension_level":6,"is_trial":false}