{"gold_per_floor":[112,37,37,52,72,72,100,100,100,124,139,139,139],"floor_reached":13,"playtime":554,"items_purged":["Strike_R"],"score":149,"play_id":"5c8037c0-7725-422c-8ad8-5600510d6d26","local_time":"20190103091313","is_ascension_mode":true,"campfire_choices":[{"data":"True Grit","floor":6,"key":"SMITH"},{"data":"Flame Barrier","floor":8,"key":"SMITH"},{"data":"Barricade","floor":12,"key":"SMITH"}],"neow_cost":"NONE","seed_source_timestamp":331899393850603,"circlet_count":0,"master_deck":["AscendersBane","Strike_R","Strike_R","Strike_R","Defend_R","Defend_R","Defend_R","Defend_R","Bash","True Grit+1","Flame Barrier+1","Barricade+1"],"relics":["Burning Blood","Dodecahedron","Mummified Hand","Kunai","Odd Mushroom"],"potions_floor_usage":[7,7],"damage_taken":[{"damage":10,"enemies":"Cultist","floor":1,"turns":5},{"damage":9,"enemies":"2 Louse","floor":4,"turns":4},{"damage":7,"enemies":"Small Slimes","floor":5,"turns":3},{"damage":33,"enemies":"3 Sentries","floor":7,"turns":11},{"damage":18,"enemies":"The Mushroom Lair","floor":10,"turns":6},{"damage":0,"enemies":"2 Fungi Beasts","floor":11,"turns":5},{"damage":46,"enemies":"Gremlin Nob","floor":13,"turns":5}],"seed_played":"-4089118641450323186","potions_obtained":[{"floor":1,"key":"Fire Potion"},{"floor":5,"key":"GamblersBrew"},{"floor":10,"key":"SteroidPotion"}],"is_trial":false,"path_per_floor":["M","$","?","M","M","R","E","R","T","?","M","R","E"],"character_chosen":"IRONCLAD","items_purchased":[],"campfire_rested":0,"item_purchase_floors":[],"current_hp_per_floor":[64,64,59,56,55,55,28,28,28,16,22,22,0],"gold":139,"neow_bonus":"REMOVE_CARD","is_prod":false,"is_daily":false,"chose_seed":false,"campfire_upgraded":3,"win_rate":0,"timestamp":1546477993,"path_taken":["M","$","?","M","M","R","E","R","T","?","M","R","E"],"build_version":"2018-12-20","purchased_purges":1,"victory":false,"max_hp_per_floor":[75,75,75,75,75,75,75,75,75,75,75,75,75],"card_choices":[{"not_picked":["Shrug It Off","Clash","Body Slam"],"picked":"SKIP","floor":1},{"not_picked":["Heavy Blade","Shrug It Off","Headbutt"],"picked":"SKIP","floor":4},{"not_picked":["Headbutt","Wild Strike"],"picked":"True Grit","floor":5},{"not_picked":["Sever Soul","Carnage"],"picked":"Flame Barrier","floor":7},{"not_picked":["Rupture","Evolve"],"picked":"Barricade","floor":11}],"player_experience":646979,"relics_obtained":[{"floor":7,"key":"Mummified Hand"},{"floor":9,"key":"Kunai"},{"floor":10,"key":"Odd Mushroom"}],"event_choices":[{"damage_healed":0,"gold_gain":0,"player_choice":"Success","damage_taken":5,"relics_obtained":["Dodecahedron"],"max_hp_gain":0,"max_hp_loss":0,"event_name":"Scrap Ooze","floor":3,"gold_loss":0},{"damage_healed":0,"gold_gain":0,"player_choice":"Fought Mushrooms","damage_taken":0,"max_hp_gain":0,"max_hp_loss":0,"event_name":"Mushrooms","floor":10,"gold_loss":0}],"is_beta":false,"boss_relics":[],"items_purged_floors":[2],"is_endless":false,"potions_floor_spawned":[1,5,10],"killed_by":"Gremlin Nob","ascension_level":16}