{"gold_per_floor":[114,114,129,54,54,54,95,107,119,131,166,203,115,156,156,284,284,299,299],"floor_reached":19,"playtime":609,"items_purged":["Strike_R","Defend_R"],"score":260,"play_id":"208fd085-18d7-4f4d-b501-dfa47da249a6","local_time":"20180814175818","is_ascension_mode":true,"campfire_choices":[{"data":"Defend_R","floor":6,"key":"SMITH"},{"data":"Strike_R","floor":8,"key":"SMITH"},{"data":"Strike_R","floor":10,"key":"SMITH"},{"data":"Defend_R","floor":15,"key":"SMITH"}],"neow_cost":"NONE","seed_source_timestamp":39276314134242,"circlet_count":0,"master_deck":["Strike_R+1","Strike_R+1","Defend_R+1","Defend_R","Defend_R+1","Bash+1","Cleave+1","Pommel Strike+1","Rampage+1","Immolate+1","Thunderclap+1"],"relics":["Burning Blood","NeowsBlessing","Golden Idol","MawBank","Molten Egg 2","Juzu Bracelet","Empty Cage"],"potions_floor_usage":[16,16,16],"damage_taken":[{"damage":0,"enemies":"Small Slimes","floor":1,"turns":1},{"damage":0,"enemies":"Cultist","floor":3,"turns":1},{"damage":0,"enemies":"3 Sentries","floor":7,"turns":2},{"damage":0,"enemies":"Jaw Worm","floor":11,"turns":3},{"damage":5,"enemies":"Looter","floor":12,"turns":4},{"damage":16,"enemies":"Gremlin Nob","floor":14,"turns":3},{"damage":56,"enemies":"Hexaghost","floor":16,"turns":10},{"damage":23,"enemies":"2 Thieves","floor":18,"turns":3},{"damage":51,"enemies":"Shell Parasite","floor":19,"turns":6}],"seed_played":"2103329795973769674","potions_obtained":[{"floor":1,"key":"Block Potion"},{"floor":3,"key":"AttackPotion"},{"floor":12,"key":"PowerPotion"}],"is_trial":false,"path_per_floor":["M","?","M","$","?","R","E","R","T","R","M","M","$","E","R","B",null,"M"],"character_chosen":"IRONCLAD","items_purchased":[],"campfire_rested":0,"item_purchase_floors":[],"current_hp_per_floor":[78,78,80,80,60,60,66,66,66,66,72,73,73,63,63,13,63,46,0],"gold":299,"neow_bonus":"THREE_ENEMY_KILL","is_prod":false,"is_daily":false,"chose_seed":false,"campfire_upgraded":4,"win_rate":0,"timestamp":1534240698,"path_taken":["M","?","M","$","?","R","E","R","T","R","?","?","$","E","R","BOSS","M","M"],"build_version":"2018-08-09","purchased_purges":2,"victory":false,"max_hp_per_floor":[80,80,80,80,80,80,80,80,80,80,80,80,80,80,80,80,80,80,80],"card_choices":[{"not_picked":["Perfected Strike","Warcry","Heavy Blade"],"picked":"SKIP","floor":1},{"not_picked":["Clothesline","Iron Wave","Armaments"],"picked":"SKIP","floor":3},{"not_picked":["Clothesline","Ghostly Armor","Dark Embrace"],"picked":"SKIP","floor":7},{"not_picked":["Second Wind","Heavy Blade+1"],"picked":"Cleave+1","floor":11},{"not_picked":["Rage","Wild Strike+1"],"picked":"Pommel Strike+1","floor":12},{"not_picked":["Warcry","Heavy Blade+1"],"picked":"Rampage+1","floor":14},{"not_picked":["Impervious","Limit Break"],"picked":"Immolate+1","floor":16},{"not_picked":["Heavy Blade+1","Flex"],"picked":"Thunderclap+1","floor":18}],"player_experience":432232,"relics_obtained":[{"floor":7,"key":"MawBank"},{"floor":9,"key":"Molten Egg 2"},{"floor":14,"key":"Juzu Bracelet"}],"event_choices":[{"event_name":"Accursed Blacksmith","player_choice":"Forge","floor":2,"damage_taken":0},{"event_name":"Golden Idol","player_choice":"Take Damage","floor":5,"damage_taken":0}],"is_beta":false,"boss_relics":[{"not_picked":["Cursed Key","Calling Bell"],"picked":"Empty Cage"}],"items_purged_floors":[4,13],"is_endless":false,"potions_floor_spawned":[1,3,12,14],"killed_by":"Shell Parasite","ascension_level":6}