{"gold_per_floor":[117,117,135,135,154,154,184,184,184,184,184,184,184,53,53,131,131,142,142,155,167,167],"floor_reached":22,"playtime":1410,"items_purged":["Defend_B"],"score":362,"play_id":"67b167fb-105c-4ec7-bd2d-d1eca207de6c","local_time":"20190602122332","is_ascension_mode":true,"campfire_choices":[{"floor":6,"key":"REST"},{"data":"Dualcast","floor":8,"key":"SMITH"},{"data":"Defragment","floor":10,"key":"SMITH"},{"data":"Recycle","floor":12,"key":"SMITH"},{"floor":15,"key":"REST"}],"neow_cost":"NONE","seed_source_timestamp":49769304614559,"circlet_count":0,"master_deck":["AscendersBane","Strike_B","Strike_B","Defend_B","Defend_B","Defend_B","Zap","Dualcast+1","Cold Snap","Recycle+1","Defragment+1","All For One","Loop","Seek","Chill","RitualDagger","Cold Snap","Conserve Battery+1"],"relics":["FrozenCore","Singing Bowl","Smiling Mask","Strawberry"],"potions_floor_usage":[20],"damage_taken":[{"damage":13,"enemies":"2 Louse","floor":1,"turns":2},{"damage":7,"enemies":"Jaw Worm","floor":3,"turns":3},{"damage":5,"enemies":"Small Slimes","floor":5,"turns":4},{"damage":21,"enemies":"3 Sentries","floor":7,"turns":9},{"damage":40,"enemies":"Hexaghost","floor":16,"turns":12},{"damage":38,"enemies":"3 Byrds","floor":18,"turns":7},{"damage":3,"enemies":"Spheric Guardian","floor":20,"turns":6},{"damage":18,"enemies":"Chosen and Byrds","floor":21,"turns":9}],"seed_played":"1106595832801476665","potions_obtained":[{"floor":16,"key":"SneckoOil"},{"floor":18,"key":"AttackPotion"}],"is_trial":false,"path_per_floor":["M","?","M","?","M","R","E","R","T","R","?","R","?","$","R","B",null,"M","?","M","M","?"],"character_chosen":"DEFECT","items_purchased":["Loop"],"campfire_rested":2,"item_purchase_floors":[14],"current_hp_per_floor":[58,47,40,40,35,58,37,37,44,44,37,37,37,37,62,22,69,31,25,22,4,0],"gold":167,"neow_bonus":"TEN_PERCENT_HP_BONUS","is_prod":false,"is_daily":false,"chose_seed":false,"campfire_upgraded":3,"win_rate":0,"timestamp":1559449412,"path_taken":["M","?","M","?","M","R","E","R","T","R","?","R","?","$","R","BOSS","M","?","M","M","?"],"build_version":"2019-01-23","purchased_purges":1,"victory":false,"max_hp_per_floor":[78,78,78,78,78,78,78,78,85,85,85,85,85,85,85,85,85,85,85,85,85,90],"card_choices":[{"not_picked":["Ball Lightning","Hello World"],"picked":"Cold Snap","floor":1},{"not_picked":["Redo","Stack"],"picked":"Recycle","floor":3},{"not_picked":["Conserve Battery","Barrage"],"picked":"Defragment","floor":5},{"not_picked":["Compile Driver","Redo"],"picked":"All For One","floor":7},{"not_picked":["Meteor Strike","Biased Cognition"],"picked":"Seek","floor":16},{"not_picked":["Conserve Battery+1","Rebound"],"picked":"Chill","floor":18},{"not_picked":["Compile Driver","Steam"],"picked":"Cold Snap","floor":20},{"not_picked":["Reprogram","Steam+1"],"picked":"Conserve Battery+1","floor":21}],"player_experience":620671,"relics_obtained":[{"floor":7,"key":"Smiling Mask"},{"floor":9,"key":"Strawberry"}],"event_choices":[{"damage_healed":0,"gold_gain":0,"player_choice":"Success","damage_taken":11,"relics_obtained":["Singing Bowl"],"max_hp_gain":0,"max_hp_loss":0,"event_name":"Scrap Ooze","floor":2,"gold_loss":0},{"cards_removed":["Strike_B"],"damage_healed":0,"gold_gain":0,"player_choice":"Forget","damage_taken":0,"max_hp_gain":0,"max_hp_loss":0,"event_name":"Living Wall","floor":4,"gold_loss":0},{"cards_removed":["Strike_B"],"damage_healed":0,"gold_gain":0,"player_choice":"Card Removal","damage_taken":7,"max_hp_gain":0,"max_hp_loss":0,"event_name":"Golden Wing","floor":11,"gold_loss":0},{"damage_healed":0,"gold_gain":0,"player_choice":"Ignored","damage_taken":0,"max_hp_gain":0,"max_hp_loss":0,"event_name":"Golden Idol","floor":13,"gold_loss":0},{"damage_healed":0,"gold_gain":0,"player_choice":"Joined the Cult","damage_taken":6,"max_hp_gain":0,"max_hp_loss":0,"event_name":"Nest","floor":19,"gold_loss":0,"cards_obtained":["RitualDagger"]}],"is_beta":false,"boss_relics":[{"not_picked":["Snecko Eye","Fusion Hammer"],"picked":"FrozenCore"}],"items_purged_floors":[14],"is_endless":false,"potions_floor_spawned":[16,18],"ascension_level":17}