{"gold_per_floor":[116,116,42,61,61,61,80,109,189,203,203,213,213,233,233,329,329,341,291,206,221,146,146,146,146,146,146,156,170,120,120],"floor_reached":31,"playtime":1801,"items_purged":["Strike_R","Strike_R"],"score":272,"play_id":"67e1b3a2-dd43-4374-bed4-57662c1bd03e","local_time":"20180720095923","is_ascension_mode":true,"campfire_choices":[{"data":"Combust","floor":6,"key":"SMITH"},{"floor":13,"key":"REST"},{"data":"Combust","floor":15,"key":"SMITH"},{"data":"Bash","floor":23,"key":"SMITH"},{"data":"Twin Strike","floor":25,"key":"SMITH"},{"data":"Twin Strike","floor":27,"key":"SMITH"}],"neow_cost":"TEN_PERCENT_HP_LOSS","seed_source_timestamp":43222740271865,"circlet_count":0,"master_deck":["Strike_R","Strike_R","Defend_R","Defend_R","Defend_R","Defend_R+1","Bash+1","Rupture","Combust+1","Twin Strike","Combust+1","Twin Strike","Armaments+1","Bash+1","Twin Strike+1","Good Instincts+1","Twin Strike+1","Feed+1","Shrug It Off+1"],"relics":["Black Blood","Ice Cream","Toxic Egg 2","Smiling Mask","Ornamental Fan","Charon\u0027s Ashes","Paper Frog"],"potions_floor_usage":[29,29,31],"damage_taken":[{"damage":10,"enemies":"Cultist","floor":1,"turns":4},{"damage":8,"enemies":"2 Louse","floor":4,"turns":3},{"damage":8,"enemies":"Jaw Worm","floor":7,"turns":3},{"damage":30,"enemies":"Gremlin Nob","floor":8,"turns":4},{"damage":7,"enemies":"3 Louse","floor":10,"turns":3},{"damage":6,"enemies":"Lots of Slimes","floor":12,"turns":2},{"damage":11,"enemies":"Exordium Thugs","floor":14,"turns":4},{"damage":37,"enemies":"Slime Boss","floor":16,"turns":6},{"damage":9,"enemies":"Chosen","floor":18,"turns":3},{"damage":32,"enemies":"Shell Parasite","floor":21,"turns":5},{"damage":26,"enemies":"Snecko","floor":28,"turns":4},{"damage":29,"enemies":"Snake Plant","floor":29,"turns":4},{"damage":30,"enemies":"Centurion and Healer","floor":31,"turns":4}],"seed_played":"-8746944035775743733","potions_obtained":[{"floor":1,"key":"LiquidBronze"},{"floor":4,"key":"Fire Potion"},{"floor":12,"key":"FearPotion"},{"floor":18,"key":"BloodPotion"},{"floor":29,"key":"Ancient Potion"}],"is_trial":false,"path_per_floor":["M","T","$","M","?","R","M","E","T","M","?","M","R","M","R","B",null,"M","$","?","M","?","R","?","R","T","R","M","M","$"],"character_chosen":"IRONCLAD","items_purchased":["Combust"],"campfire_rested":1,"item_purchase_floors":[3],"current_hp_per_floor":[68,68,68,66,52,52,50,26,26,25,25,25,46,41,41,10,72,72,72,72,50,50,50,50,50,50,50,34,22,22,0],"gold":120,"neow_bonus":"ONE_RARE_RELIC","is_prod":false,"is_daily":false,"chose_seed":false,"campfire_upgraded":5,"win_rate":0,"timestamp":1532051963,"path_taken":["M","?","?","?","?","R","M","E","T","M","?","?","R","M","R","BOSS","M","$","?","M","?","R","?","R","T","R","?","M","$","M"],"build_version":"2018-07-19","purchased_purges":2,"victory":false,"max_hp_per_floor":[72,72,72,72,72,72,72,72,72,72,72,72,72,72,72,72,72,72,72,72,72,72,72,72,72,72,72,72,72,72,76],"card_choices":[{"not_picked":["Perfected Strike","True Grit"],"picked":"Rupture","floor":1},{"not_picked":["Flex+1","Heavy Blade"],"picked":"Twin Strike","floor":4},{"not_picked":["Ghostly Armor+1","Perfected Strike"],"picked":"Combust","floor":7},{"not_picked":["Sever Soul","Wild Strike"],"picked":"Twin Strike","floor":8},{"not_picked":["Wild Strike","Infernal Blade+1"],"picked":"Armaments+1","floor":10},{"not_picked":["Clothesline","Corruption","Bloodletting+1"],"picked":"SKIP","floor":12},{"not_picked":["Clothesline","Cleave"],"picked":"Twin Strike","floor":14},{"not_picked":["Juggernaut","Immolate"],"picked":"Feed","floor":16},{"not_picked":["Perfected Strike+1","Spot Weakness+1"],"picked":"Shrug It Off+1","floor":18},{"not_picked":["Bloodletting+1","Dual Wield+1","Burning Pact+1"],"picked":"SKIP","floor":21},{"not_picked":["Flex+1","Shrug It Off+1","Barricade"],"picked":"SKIP","floor":28},{"not_picked":["Wild Strike","Perfected Strike","Corruption+1"],"picked":"SKIP","floor":29}],"player_experience":158066,"relics_obtained":[{"floor":2,"key":"Toxic Egg 2"},{"floor":8,"key":"Smiling Mask"},{"floor":9,"key":"Ornamental Fan"},{"floor":26,"key":"Paper Frog"}],"event_choices":[{"event_name":"Shining Light","player_choice":"Entered Light","floor":5,"damage_taken":0},{"event_name":"Match and Keep!","player_choice":"3 cards matched","floor":11,"damage_taken":0},{"event_name":"Addict","player_choice":"Obtained Relic","floor":20,"damage_taken":0},{"event_name":"Beggar","player_choice":"Gave Gold","floor":22,"damage_taken":0},{"event_name":"Upgrade Shrine","player_choice":"Upgraded","floor":24,"damage_taken":0}],"is_beta":false,"boss_relics":[{"not_picked":["Snecko Eye","Cursed Key"],"picked":"Black Blood"}],"items_purged_floors":[19,30],"is_endless":false,"potions_floor_spawned":[1,4,12,18,29],"killed_by":"Centurion and Healer","ascension_level":1}