{"gold_per_floor":[109,128,128,139,154,180,192,230,242,269,299,411,423,279,279,378,378,397,414,123,140,140,168,168,201,201,201,215,215,215,225,225,329,329,340,340,355,375,375,375,86,86,86,86,86,98,111,43,43,43],"floor_reached":50,"playtime":3120,"items_purged":["Strike_B"],"score":542,"play_id":"2181e31a-a82b-49cc-9d14-8aad795aa7d9","local_time":"20180731192311","is_ascension_mode":true,"campfire_choices":[{"floor":7,"key":"REST"},{"floor":13,"key":"REST"},{"data":"Defragment","floor":15,"key":"SMITH"},{"floor":24,"key":"REST"},{"floor":27,"key":"REST"},{"floor":29,"key":"REST"},{"data":"Seek","floor":32,"key":"SMITH"},{"floor":40,"key":"REST"},{"floor":44,"key":"REST"},{"floor":49,"key":"REST"}],"neow_cost":"NONE","seed_source_timestamp":614093881639646,"circlet_count":0,"master_deck":["Defend_B+1","Defend_B+1","Defend_B+1","Defend_B+1","Zap+1","Dualcast+1","FTL+1","White Noise+1","Double Energy+1","Ball Lightning+1","Seek+1","Defragment+1","Leap+1","Hello World+1","Machine Learning+1","Chaos+1","Barrage+1","White Noise+1","Ball Lightning+1","Swift Strike+1","Conserve Battery+1","Steam Power+1","FTL+1","Blizzard+1","Fusion+1","Gash+1","Auto Shields+1","Defragment+1","Steam+1","Conserve Battery+1","Madness+1","Madness+1","Conserve Battery+1","Apotheosis+1","Steam+1","Skim+1","Auto Shields+1","White Noise+1"],"relics":["Cracked Core","MawBank","Bag of Preparation","Art of War","Runic Dome","Toxic Egg 2","Letter Opener","Gambling Chip","Bird Faced Urn","Anchor","Astrolabe","Dream Catcher","Mark of the Bloom"],"potions_floor_usage":[8,19,21,33,33,50,50,50],"damage_taken":[{"damage":0,"enemies":"2 Louse","floor":1,"turns":2},{"damage":1,"enemies":"Cultist","floor":2,"turns":4},{"damage":5,"enemies":"Small Slimes","floor":4,"turns":2},{"damage":16,"enemies":"Exordium Thugs","floor":5,"turns":4},{"damage":25,"enemies":"3 Sentries","floor":6,"turns":6},{"damage":16,"enemies":"Lagavulin","floor":8,"turns":5},{"damage":11,"enemies":"Exordium Wildlife","floor":10,"turns":3},{"damage":4,"enemies":"Red Slaver","floor":11,"turns":2},{"damage":18,"enemies":"The Guardian","floor":16,"turns":10},{"damage":0,"enemies":"Chosen","floor":18,"turns":3},{"damage":6,"enemies":"3 Byrds","floor":19,"turns":5},{"damage":15,"enemies":"Snecko","floor":21,"turns":4},{"damage":27,"enemies":"Slavers","floor":23,"turns":5},{"damage":31,"enemies":"Gremlin Leader","floor":25,"turns":4},{"damage":17,"enemies":"Slaver and Parasite","floor":28,"turns":4},{"damage":18,"enemies":"Snake Plant","floor":31,"turns":3},{"damage":19,"enemies":"Automaton","floor":33,"turns":7},{"damage":22,"enemies":"3 Darklings","floor":35,"turns":4},{"damage":0,"enemies":"Orb Walker","floor":37,"turns":3},{"damage":35,"enemies":"Spire Growth","floor":38,"turns":4},{"damage":0,"enemies":"4 Shapes","floor":46,"turns":5},{"damage":3,"enemies":"Sphere and 2 Shapes","floor":47,"turns":4},{"damage":78,"enemies":"Time Eater","floor":50,"turns":8}],"seed_played":"7014864234018678152","potions_obtained":[{"floor":2,"key":"FearPotion"},{"floor":4,"key":"Swift Potion"},{"floor":8,"key":"FocusPotion"},{"floor":11,"key":"SkillPotion"},{"floor":19,"key":"SkillPotion"},{"floor":25,"key":"Ancient Potion"},{"floor":28,"key":"EssenceOfSteel"},{"floor":35,"key":"SkillPotion"}],"is_trial":false,"path_per_floor":["M","M","?","M","M","E","R","E","T","M","M","?","R","$","R","B",null,"M","M","$","M","?","E","R","E","T","R","M","R","?","M","R","B",null,"M","?","M","M","?","R","$","?","T","R","?","M","M","$","R"],"character_chosen":"DEFECT","items_purchased":["Hello World","White Noise","Toxic Egg 2","Conserve Battery+1","Apotheosis+1","Regen Potion","Auto Shields+1"],"campfire_rested":8,"item_purchase_floors":[14,20,20,41,41,41,48],"current_hp_per_floor":[75,74,74,69,53,28,50,34,34,23,19,19,41,41,41,23,75,75,69,69,54,54,27,49,18,18,40,38,60,60,46,46,37,75,60,60,70,40,31,53,53,53,53,75,75,75,72,72,72,0],"gold":43,"neow_bonus":"TRANSFORM_CARD","is_prod":false,"is_daily":false,"chose_seed":false,"campfire_upgraded":2,"win_rate":0.0,"timestamp":1533082991,"path_taken":["M","M","?","M","M","E","R","E","T","?","M","?","R","$","R","BOSS","M","M","$","M","?","E","R","E","T","R","M","R","?","M","R","BOSS","M","?","M","?","?","R","$","?","T","R","?","M","M","$","R","BOSS"],"build_version":"2018-07-26","purchased_purges":1,"victory":false,"max_hp_per_floor":[75,75,75,75,75,75,75,75,75,75,75,75,75,75,75,75,75,75,75,75,75,75,75,75,75,75,75,75,75,75,75,75,75,75,75,75,75,75,75,75,75,75,75,75,75,75,75,75,75,75],"card_choices":[{"not_picked":["Redo","Undo"],"picked":"White Noise","floor":1},{"not_picked":["Barrage","Conserve Battery","Skim"],"picked":"SKIP","floor":2},{"not_picked":["Hologram","Gash"],"picked":"Ball Lightning","floor":4},{"not_picked":["Static Discharge","Go for the Eyes"],"picked":"Seek","floor":5},{"not_picked":["Self Repair","Storm"],"picked":"Defragment","floor":6},{"not_picked":["Hologram","Redo","Self Repair"],"picked":"SKIP","floor":8},{"not_picked":["Lockon","Coolheaded"],"picked":"Leap","floor":10},{"not_picked":["Barrage","Chaos","Beam Cell"],"picked":"SKIP","floor":11},{"not_picked":["Multi-Cast","Thunder Strike"],"picked":"Machine Learning","floor":16},{"not_picked":["Steam Power","Beam Cell"],"picked":"Chaos+1","floor":18},{"not_picked":["Redo+1","Rebound"],"picked":"Barrage","floor":19},{"not_picked":["Steam+1","Rip and Tear"],"picked":"Ball Lightning","floor":21},{"not_picked":["Beam Cell","Blizzard"],"picked":"Conserve Battery+1","floor":23},{"not_picked":["Hologram+1","Reboot+1"],"picked":"Steam Power+1","floor":25},{"not_picked":["Darkness+1","Capacitor"],"picked":"FTL","floor":28},{"not_picked":["Coolheaded+1","Go for the Eyes","Beam Cell"],"picked":"SKIP","floor":31},{"not_picked":["Rebound","Go for the Eyes+1"],"picked":"Auto Shields+1","floor":35},{"not_picked":["Sweeping Beam+1","Reprogram+1"],"picked":"Steam+1","floor":37},{"not_picked":["Lockon","Force Field+1"],"picked":"Conserve Battery+1","floor":38},{"not_picked":["Storm+1","Cold Snap"],"picked":"Steam+1","floor":44},{"not_picked":["Steam Power+1","Hologram+1"],"picked":"Skim+1","floor":46},{"not_picked":["Stack+1","Hologram+1","Reboot+1"],"picked":"SKIP","floor":47},{"not_picked":["Conserve Battery+1","Scrape+1"],"picked":"White Noise+1","floor":49}],"player_experience":599830,"relics_obtained":[{"floor":6,"key":"MawBank"},{"floor":8,"key":"Bag of Preparation"},{"floor":9,"key":"Art of War"},{"floor":23,"key":"Letter Opener"},{"floor":25,"key":"Gambling Chip"},{"floor":26,"key":"Bird Faced Urn"},{"floor":43,"key":"Dream Catcher"}],"event_choices":[{"event_name":"Match and Keep!","player_choice":"1 cards matched","floor":3,"damage_taken":0},{"event_name":"Golden Shrine","player_choice":"Pray","floor":12,"damage_taken":0},{"event_name":"Match and Keep!","player_choice":"2 cards matched","floor":22,"damage_taken":0},{"event_name":"The Mausoleum","player_choice":"Yes","floor":30,"damage_taken":0},{"event_name":"Duplicator","player_choice":"One dupe","floor":36,"damage_taken":0},{"event_name":"Winding Halls","player_choice":"Embrace Madness","floor":39,"damage_taken":0},{"event_name":"Mysterious Sphere","player_choice":"Ignore","floor":42,"damage_taken":0},{"event_name":"MindBloom","player_choice":"Upgrade","floor":45,"damage_taken":0}],"is_beta":false,"boss_relics":[{"not_picked":["Busted Crown","Lizard Tail"],"picked":"Runic Dome"},{"not_picked":["Eternal Feather","Runic Pyramid"],"picked":"Astrolabe"}],"items_purged_floors":[14],"is_endless":false,"potions_floor_spawned":[2,4,8,11,16,18,19,25,28,31,35,47],"killed_by":"Time Eater","ascension_level":1}