{"gold_per_floor":[112,130,55,55,55,55,84,108,145,173,214,226,90,118,118,221,221,233,233,243,118,135,163,163,174,254,254,280,76,91,91],"floor_reached":31,"playtime":1897,"items_purged":["Strike_B","Strike_B","Defend_B","Strike_B"],"score":333,"play_id":"3c611660-4e0a-4a7c-9583-dcd77affd7ca","local_time":"20190612193209","is_ascension_mode":true,"campfire_choices":[{"data":"Streamline","floor":6,"key":"SMITH"},{"floor":12,"key":"REST"},{"data":"Leap","floor":15,"key":"SMITH"},{"floor":24,"key":"REST"}],"neow_cost":"NONE","seed_source_timestamp":951594455979400,"circlet_count":0,"master_deck":["Strike_B","Defend_B","Defend_B","Zap","Dualcast","Streamline+1","Gash","Leap+1","Leap","Go for the Eyes","Beam Cell","Leap+1","Decay","Coolheaded","Hologram"],"relics":["Cracked Core","MawBank","Centennial Puzzle","Bird Faced Urn","Pear","Sozu","Matryoshka","Juzu Bracelet","Letter Opener","Pocketwatch"],"potions_floor_usage":[23,23,25],"damage_taken":[{"damage":8,"enemies":"Jaw Worm","floor":1,"turns":3},{"damage":2,"enemies":"2 Louse","floor":2,"turns":2},{"damage":8,"enemies":"Gremlin Nob","floor":7,"turns":3},{"damage":1,"enemies":"Cultist","floor":8,"turns":3},{"damage":1,"enemies":"3 Louse","floor":10,"turns":2},{"damage":8,"enemies":"Lagavulin","floor":11,"turns":5},{"damage":7,"enemies":"Gremlin Nob","floor":14,"turns":3},{"damage":48,"enemies":"Hexaghost","floor":16,"turns":11},{"damage":0,"enemies":"Shell Parasite","floor":18,"turns":7},{"damage":20,"enemies":"3 Byrds","floor":20,"turns":4},{"damage":36,"enemies":"Centurion and Healer","floor":22,"turns":5},{"damage":11,"enemies":"Book of Stabbing","floor":23,"turns":6},{"damage":8,"enemies":"Sentry and Sphere","floor":25,"turns":5},{"damage":54,"enemies":"Slavers","floor":28,"turns":9},{"damage":4,"enemies":"Snake Plant","floor":30,"turns":5},{"damage":6,"enemies":"Book of Stabbing","floor":31,"turns":5}],"seed_played":"1512974042475736799","potions_obtained":[{"floor":8,"key":"SneckoOil"},{"floor":10,"key":"Block Potion"},{"floor":11,"key":"Block Potion"},{"floor":14,"key":"Regen Potion"}],"is_trial":false,"path_per_floor":["M","M","$","?","?","R","E","M","T","M","E","R","$","E","R","B",null,"M","?","M","$","M","E","R","M","T","?","E","$","M","E"],"character_chosen":"DEFECT","items_purchased":["Leap","Coolheaded"],"campfire_rested":2,"item_purchase_floors":[13,29],"current_hp_per_floor":[74,72,72,72,72,72,64,63,63,62,54,78,78,81,81,33,92,92,92,72,72,36,40,67,59,59,59,5,5,1,0],"gold":91,"neow_bonus":"TEN_PERCENT_HP_BONUS","is_prod":false,"is_daily":false,"chose_seed":false,"campfire_upgraded":2,"win_rate":0,"timestamp":1560378729,"path_taken":["M","M","$","?","?","R","E","M","T","M","E","R","$","E","R","BOSS","M","?","M","$","M","E","R","M","T","?","E","?","M","E"],"build_version":"2019-01-23","purchased_purges":4,"victory":false,"max_hp_per_floor":[82,82,82,82,82,82,82,82,82,82,82,82,82,92,92,92,92,92,92,92,92,92,92,92,92,92,92,92,92,92,92],"card_choices":[{"not_picked":["Ball Lightning","Tempest"],"picked":"Streamline","floor":1},{"not_picked":["Ball Lightning","Static Discharge","Turbo"],"picked":"SKIP","floor":2},{"not_picked":["Recycle","Tempest"],"picked":"Gash","floor":7},{"not_picked":["FTL","Hologram"],"picked":"Leap","floor":8},{"not_picked":["Blizzard","Coolheaded","Ball Lightning"],"picked":"SKIP","floor":10},{"not_picked":["Darkness","Thunder Strike","Double Energy"],"picked":"SKIP","floor":11},{"not_picked":["FTL","Sweeping Beam"],"picked":"Go for the Eyes","floor":14},{"not_picked":["FTL+1","Barrage"],"picked":"Beam Cell","floor":18},{"not_picked":["Steam","Hello World","Melter+1"],"picked":"SKIP","floor":20},{"not_picked":["Genetic Algorithm+1","Darkness","Defragment"],"picked":"SKIP","floor":22},{"not_picked":["Seek","Aggregate","Sweeping Beam"],"picked":"SKIP","floor":23},{"not_picked":["Cold Snap","Hyperbeam"],"picked":"Leap+1","floor":25},{"not_picked":["Defragment+1","Ball Lightning","Aggregate"],"picked":"SKIP","floor":28},{"not_picked":["Skim","Self Repair"],"picked":"Hologram","floor":30}],"player_experience":237212,"relics_obtained":[{"floor":7,"key":"MawBank"},{"floor":9,"key":"Centennial Puzzle"},{"floor":11,"key":"Bird Faced Urn"},{"floor":14,"key":"Pear"},{"floor":23,"key":"Matryoshka"},{"floor":26,"key":"Juzu Bracelet"},{"floor":26,"key":"Letter Opener"},{"floor":28,"key":"Pocketwatch"}],"event_choices":[{"cards_removed":["Defend_B"],"damage_healed":0,"gold_gain":0,"player_choice":"Forget","damage_taken":0,"max_hp_gain":0,"max_hp_loss":0,"event_name":"Living Wall","floor":4,"gold_loss":0},{"damage_healed":0,"gold_gain":0,"player_choice":"Ignored","damage_taken":0,"max_hp_gain":0,"max_hp_loss":0,"event_name":"Transmorgrifier","floor":5,"gold_loss":0},{"damage_healed":0,"gold_gain":0,"player_choice":"Ignored","damage_taken":0,"max_hp_gain":0,"max_hp_loss":0,"event_name":"Ghosts","floor":19,"gold_loss":0},{"damage_healed":0,"gold_gain":0,"player_choice":"Smashed Altar","damage_taken":0,"max_hp_gain":0,"max_hp_loss":0,"event_name":"Forgotten Altar","floor":27,"gold_loss":0,"cards_obtained":["Decay"]}],"is_beta":false,"boss_relics":[{"not_picked":["Busted Crown","Inserter"],"picked":"Sozu"}],"items_purged_floors":[3,13,21,29],"is_endless":false,"potions_floor_spawned":[8,10,11,14,18,25,30],"killed_by":"Book of Stabbing","ascension_level":1}