{"gold_per_floor":[118,137,62,62,81,81,108,126,153,185,203,203,103,103,103,200,200,220,95,107,107,107,107,127,146,146,146,159,84,84,103,103,103],"floor_reached":33,"playtime":1425,"items_purged":["Defend_B","Strike_B","Strike_B"],"score":359,"play_id":"75fce772-694a-4029-b04f-ea425d629674","local_time":"20181209200613","is_ascension_mode":true,"campfire_choices":[{"data":"Zap","floor":6,"key":"SMITH"},{"data":"Sunder","floor":12,"key":"SMITH"},{"floor":15,"key":"REST"},{"data":"Dualcast","floor":23,"key":"SMITH"},{"data":"Loop","floor":30,"key":"SMITH"},{"data":"Leap","floor":32,"key":"SMITH"}],"neow_cost":"NONE","seed_source_timestamp":561251146215688,"circlet_count":0,"master_deck":["Defend_B","Defend_B","Zap+1","Dualcast+1","Sweeping Beam","Beam Cell","Consume","Ball Lightning","Sunder+1","Genetic Algorithm","BootSequence","Bite","Bite","Bite","Bite","Bite","Doom and Gloom","Loop+1","Leap+1"],"relics":["Cracked Core","FaceOfCleric","Lantern","Bag of Marbles","Omamori","Velvet Choker","Singing Bowl","Bottled Flame"],"potions_floor_usage":[16,16,16,25,33,33],"damage_taken":[{"damage":2,"enemies":"Small Slimes","floor":1,"turns":3},{"damage":1,"enemies":"Cultist","floor":2,"turns":3},{"damage":0,"enemies":"2 Louse","floor":5,"turns":1},{"damage":25,"enemies":"Lagavulin","floor":7,"turns":6},{"damage":6,"enemies":"Gremlin Gang","floor":8,"turns":2},{"damage":16,"enemies":"Gremlin Nob","floor":10,"turns":3},{"damage":0,"enemies":"Large Slime","floor":11,"turns":2},{"damage":27,"enemies":"The Guardian","floor":16,"turns":8},{"damage":6,"enemies":"3 Byrds","floor":18,"turns":3},{"damage":22,"enemies":"Spheric Guardian","floor":20,"turns":4},{"damage":0,"enemies":"Chosen and Byrds","floor":24,"turns":4},{"damage":0,"enemies":"Snake Plant","floor":25,"turns":2},{"damage":15,"enemies":"Centurion and Healer","floor":28,"turns":5},{"damage":12,"enemies":"3 Cultists","floor":31,"turns":4},{"damage":74,"enemies":"Automaton","floor":33,"turns":6}],"seed_played":"8824590491484956291","potions_obtained":[{"floor":2,"key":"AttackPotion"},{"floor":10,"key":"AttackPotion"},{"floor":11,"key":"Fire Potion"},{"floor":14,"key":"Regen Potion"},{"floor":16,"key":"FocusPotion"},{"floor":18,"key":"Fire Potion"},{"floor":24,"key":"FearPotion"},{"floor":25,"key":"GamblersBrew"}],"is_trial":false,"path_per_floor":["M","M","$","?","M","R","E","M","T","E","M","R","$","?","R","B",null,"M","$","M","?","T","R","M","M","T","$","M","?","R","M","R","B"],"character_chosen":"DEFECT","items_purchased":[],"campfire_rested":1,"item_purchase_floors":[],"current_hp_per_floor":[66,65,65,65,66,66,42,37,37,22,23,23,23,23,47,36,70,65,65,44,44,44,44,55,62,62,62,52,52,52,47,47,0],"gold":103,"neow_bonus":"REMOVE_CARD","is_prod":false,"is_daily":false,"chose_seed":false,"campfire_upgraded":5,"win_rate":0,"timestamp":1544357173,"path_taken":["M","M","$","?","M","R","E","?","T","E","M","R","$","?","R","BOSS","M","$","?","?","?","R","M","?","T","$","M","?","R","M","R","BOSS"],"build_version":"2018-12-06","purchased_purges":3,"victory":false,"max_hp_per_floor":[75,75,75,75,76,76,77,78,78,79,80,80,80,80,80,81,81,82,82,83,58,58,58,59,62,62,62,63,63,63,64,64,64],"card_choices":[{"not_picked":["Streamline","Reinforced Body"],"picked":"Sweeping Beam","floor":1},{"not_picked":["Redo","Steam"],"picked":"Beam Cell","floor":2},{"not_picked":["Redo","Tempest"],"picked":"Consume","floor":5},{"not_picked":["Biased Cognition","Compile Driver"],"picked":"Ball Lightning","floor":7},{"not_picked":["Rebound","Barrage"],"picked":"Sunder","floor":8},{"not_picked":["Recycle","Hello World","Beam Cell"],"picked":"SKIP","floor":10},{"not_picked":["Reinforced Body","Steam"],"picked":"Genetic Algorithm","floor":11},{"not_picked":["Reprogram","Aggregate","Static Discharge"],"picked":"SKIP","floor":18},{"not_picked":["Barrage","Streamline"],"picked":"BootSequence","floor":20},{"not_picked":["Cold Snap","Gash"],"picked":"Doom and Gloom","floor":24},{"not_picked":["Steam","Barrage+1","Gash"],"picked":"Singing Bowl","floor":25},{"not_picked":["Double Energy","Sweeping Beam"],"picked":"Loop","floor":28},{"not_picked":["Cold Snap+1","Rebound"],"picked":"Leap","floor":31}],"player_experience":527494,"relics_obtained":[{"floor":7,"key":"Lantern"},{"floor":9,"key":"Bag of Marbles"},{"floor":10,"key":"Omamori"},{"floor":22,"key":"Singing Bowl"},{"floor":26,"key":"Bottled Flame"}],"event_choices":[{"damage_healed":0,"gold_gain":0,"player_choice":"Trade","damage_taken":0,"relics_obtained":["FaceOfCleric"],"max_hp_gain":0,"max_hp_loss":0,"event_name":"FaceTrader","floor":4,"gold_loss":0},{"damage_healed":0,"gold_gain":0,"player_choice":"Got Potions","damage_taken":0,"max_hp_gain":0,"max_hp_loss":0,"event_name":"Lab","floor":14,"gold_loss":0},{"damage_healed":0,"gold_gain":0,"player_choice":"Became a vampire","damage_taken":0,"max_hp_gain":0,"max_hp_loss":25,"event_name":"Vampires","floor":21,"gold_loss":0,"cards_obtained":["Bite","Bite","Bite","Bite","Bite"]},{"cards_removed":["Defend_B"],"damage_healed":0,"gold_gain":0,"player_choice":"Gave Gold","damage_taken":0,"max_hp_gain":0,"max_hp_loss":0,"event_name":"Beggar","floor":29,"gold_loss":75}],"is_beta":false,"boss_relics":[{"not_picked":["Tiny House","Philosopher\u0027s Stone"],"picked":"Velvet Choker"}],"items_purged_floors":[3,13,19],"is_endless":false,"potions_floor_spawned":[2,10,11,16,18,24,25],"killed_by":"Automaton","ascension_level":6}