{"gold_per_floor":[119,135,33,33,58,58,93,93,93,93,93,118,118,156,156,281,281,306,306,306,322,322,322,340,340,340,360,360,390,390,390,390,486,486,496,210,210,210,210,210,239,254,254,282,299,299,314,326,326,326],"floor_reached":51,"playtime":3477,"items_purged":["Strike_R","Clash"],"score":973,"play_id":"01847743-0799-4f25-963c-d9a6f243744c","local_time":"20180810003633","is_ascension_mode":true,"campfire_choices":[{"data":"Bash","floor":6,"key":"SMITH"},{"data":"Seeing Red","floor":8,"key":"SMITH"},{"data":"Intimidate","floor":10,"key":"SMITH"},{"data":"Iron Wave","floor":13,"key":"SMITH"},{"data":"Defend_R","floor":15,"key":"SMITH"},{"data":"Seeing Red","floor":23,"key":"SMITH"},{"data":"Cleave","floor":25,"key":"SMITH"},{"data":"Bludgeon","floor":28,"key":"SMITH"},{"data":"Battle Trance","floor":30,"key":"SMITH"},{"data":"Dropkick","floor":32,"key":"SMITH"},{"data":"Dramatic Entrance","floor":40,"key":"SMITH"},{"data":"Spot Weakness","floor":46,"key":"SMITH"},{"data":"Sentinel","floor":49,"key":"SMITH"}],"neow_cost":"NONE","seed_source_timestamp":317714113663631,"circlet_count":0,"master_deck":["Defend_R+1","Defend_R+1","Defend_R+1","Defend_R+1","Bash+1","Dropkick+1","Iron Wave+1","Intimidate+1","Seeing Red+1","Clash","Bludgeon+1","Dark Embrace+1","Body Slam+1","Blood for Blood+1","Spot Weakness+1","Seeing Red+1","Battle Trance+1","Ghostly","Ghostly","Ghostly","Ghostly","Ghostly","Cleave+1","Corruption+1","Barricade+1","Limit Break","Combust+1","Finesse","Dramatic Entrance+1","Demon Form+1","Corruption+1","Dropkick+1","Pommel Strike+1","Intimidate+1","Body Slam+1","Sentinel+1"],"relics":["Burning Blood","Bloody Idol","Meat on the Bone","Oddly Smooth Stone","Potion Belt","Astrolabe","Dead Branch","Frozen Egg 2","Coffee Dripper","Unceasing Top","Question Card","Magic Flower","Orichalcum"],"potions_floor_usage":[12,21,27,33,42,50,50,50],"damage_taken":[{"damage":14,"enemies":"Jaw Worm","floor":1,"turns":4},{"damage":0,"enemies":"Small Slimes","floor":2,"turns":2},{"damage":1,"enemies":"Cultist","floor":5,"turns":3},{"damage":36,"enemies":"Gremlin Nob","floor":7,"turns":5},{"damage":4,"enemies":"Lots of Slimes","floor":12,"turns":3},{"damage":10,"enemies":"3 Sentries","floor":14,"turns":11},{"damage":48,"enemies":"Slime Boss","floor":16,"turns":14},{"damage":4,"enemies":"Chosen","floor":18,"turns":3},{"damage":10,"enemies":"2 Thieves","floor":21,"turns":4},{"damage":3,"enemies":"Centurion and Healer","floor":24,"turns":5},{"damage":12,"enemies":"Slaver and Parasite","floor":27,"turns":5},{"damage":8,"enemies":"Book of Stabbing","floor":29,"turns":5},{"damage":2,"enemies":"Automaton","floor":33,"turns":6},{"damage":5,"enemies":"3 Shapes","floor":35,"turns":2},{"damage":6,"floor":39,"turns":5},{"damage":2,"enemies":"Giant Head","floor":41,"turns":5},{"damage":20,"enemies":"3 Darklings","floor":42,"turns":4},{"damage":14,"enemies":"Nemesis","floor":44,"turns":5},{"damage":4,"enemies":"Maw","floor":45,"turns":4},{"damage":4,"enemies":"4 Shapes","floor":47,"turns":3},{"damage":6,"enemies":"Spire Growth","floor":48,"turns":3},{"damage":16,"enemies":"Time Eater","floor":50,"turns":6}],"seed_played":"-8090910352354441077","potions_obtained":[{"floor":5,"key":"LiquidBronze"},{"floor":14,"key":"EssenceOfSteel"},{"floor":21,"key":"AttackPotion"},{"floor":29,"key":"AttackPotion"},{"floor":41,"key":"Weak Potion"},{"floor":44,"key":"Energy Potion"},{"floor":45,"key":"Ancient Potion"},{"floor":47,"key":"Poison Potion"}],"is_trial":false,"path_per_floor":["M","M","$","?","M","R","E","R","T","R","?","M","R","E","R","B",null,"M","?","?","M","?","R","M","R","T","M","R","E","R","?","R","B",null,"M","$","?","?","?","R","E","M","T","E","M","R","M","M","R","B"],"character_chosen":"IRONCLAD","items_purchased":["Iron Wave","Combust+1","Finesse"],"campfire_rested":0,"item_purchase_floors":[3,36,36],"current_hp_per_floor":[72,78,78,58,63,63,33,33,33,33,33,47,47,55,55,25,80,80,80,80,80,40,40,40,40,40,39,39,40,40,40,40,40,40,40,40,40,40,40,40,40,40,40,40,40,40,40,40,40,33],"gold":326,"neow_bonus":"THREE_CARDS","is_prod":false,"is_daily":false,"chose_seed":false,"campfire_upgraded":13,"win_rate":0,"timestamp":1533832593,"path_taken":["M","M","$","?","?","R","E","R","T","R","?","M","R","E","R","BOSS","M","?","?","M","?","R","?","R","T","M","R","E","R","?","R","BOSS","M","$","?","?","?","R","E","M","T","E","M","R","?","M","R","BOSS"],"build_version":"2018-08-02","purchased_purges":2,"victory":true,"max_hp_per_floor":[80,80,80,80,80,80,80,80,80,80,80,80,80,80,80,80,80,80,80,80,80,40,40,40,40,40,40,40,40,40,40,40,40,40,40,40,40,40,40,40,40,40,40,40,40,40,40,40,40,40],"card_choices":[{"not_picked":["Wild Strike","Iron Wave"],"picked":"Clash","floor":0},{"not_picked":["Perfected Strike","Havoc"],"picked":"Dropkick","floor":1},{"not_picked":["Blood for Blood","Anger","Havoc"],"picked":"SKIP","floor":2},{"not_picked":["Warcry","True Grit"],"picked":"Intimidate","floor":5},{"not_picked":["Headbutt","Armaments"],"picked":"Seeing Red","floor":7},{"not_picked":["Sever Soul","Entrench","Perfected Strike"],"picked":"SKIP","floor":12},{"not_picked":["Thunderclap","Entrench"],"picked":"Clash","floor":14},{"not_picked":["Dark Embrace","Impervious"],"picked":"Bludgeon","floor":16},{"not_picked":["Thunderclap","Havoc"],"picked":"Spot Weakness","floor":18},{"not_picked":["Flex","Cleave"],"picked":"Battle Trance","floor":21},{"not_picked":["True Grit+1","Anger"],"picked":"Cleave","floor":24},{"not_picked":["Combust","Pommel Strike"],"picked":"Corruption+1","floor":27},{"not_picked":["Warcry+1","Reckless Charge"],"picked":"Barricade","floor":29},{"not_picked":["Exhume","Bludgeon"],"picked":"Limit Break","floor":33},{"not_picked":["Rupture+1","Carnage","Wild Strike+1"],"picked":"SKIP","floor":35},{"not_picked":["Mind Blast","Trip"],"picked":"Dramatic Entrance","floor":37},{"not_picked":["Twin Strike","Thunderclap"],"picked":"Corruption+1","floor":39},{"not_picked":["Twin Strike+1","Clothesline"],"picked":"Dropkick+1","floor":41},{"not_picked":["Twin Strike","Thunderclap","Headbutt"],"picked":"Pommel Strike+1","floor":42},{"not_picked":["Dropkick","Havoc","Second Wind"],"picked":"Intimidate+1","floor":44},{"not_picked":["Twin Strike+1","Sever Soul+1","Uppercut+1"],"picked":"Body Slam+1","floor":45},{"not_picked":["Warcry+1","Sword Boomerang","True Grit+1"],"picked":"Sentinel","floor":47},{"not_picked":["Twin Strike","Pommel Strike","Headbutt","Bludgeon"],"picked":"SKIP","floor":48}],"player_experience":328584,"relics_obtained":[{"floor":7,"key":"Meat on the Bone"},{"floor":9,"key":"Oddly Smooth Stone"},{"floor":14,"key":"Potion Belt"},{"floor":26,"key":"Dead Branch"},{"floor":29,"key":"Frozen Egg 2"},{"floor":39,"key":"Unceasing Top"},{"floor":41,"key":"Question Card"},{"floor":43,"key":"Magic Flower"},{"floor":44,"key":"Orichalcum"}],"event_choices":[{"event_name":"Golden Idol","player_choice":"Take Damage","floor":4,"damage_taken":0},{"event_name":"Living Wall","player_choice":"Forget","floor":11,"damage_taken":0},{"event_name":"The Library","player_choice":"Read","floor":19,"damage_taken":0},{"event_name":"Forgotten Altar","player_choice":"Gave Idol","floor":20,"damage_taken":0},{"event_name":"Ghosts","player_choice":"Became a Ghost","floor":22,"damage_taken":0},{"event_name":"Back to Basics","player_choice":"Simplicity","floor":31,"damage_taken":0},{"event_name":"SensoryStone","player_choice":"Memory 1","floor":37,"damage_taken":0},{"event_name":"Match and Keep!","player_choice":"1 cards matched","floor":38,"damage_taken":0},{"event_name":"MindBloom","player_choice":"Fight","floor":39,"damage_taken":0}],"is_beta":false,"boss_relics":[{"not_picked":["Runic Pyramid","Runic Dome"],"picked":"Astrolabe"},{"not_picked":["Empty Cage","Velvet Choker"],"picked":"Coffee Dripper"}],"items_purged_floors":[3,36],"is_endless":false,"potions_floor_spawned":[5,14,21,29,41,44,45,47],"ascension_level":3}