{"path_per_floor":["M","?","?","?","T","R","M","R","T","M","M","M","?","E","R","B",null,"M","?","M","?","$","R","$","M","T","R","M","$","M","M","R"],"character_chosen":"THE_SILENT","items_purchased":["Dagger Throw","Dodge and Roll","Regen Potion"],"gold_per_floor":[114,114,114,114,137,137,156,156,156,166,182,201,151,184,184,281,281,298,398,412,412,312,312,187,200,200,200,212,39,50,67,67],"floor_reached":33,"campfire_rested":3,"playtime":1720,"current_hp_per_floor":[61,54,54,36,36,57,57,57,57,56,56,55,55,54,54,9,62,54,54,35,35,35,35,35,17,17,41,24,24,33,33,57],"items_purged":["Strike_G","Strike_G","Dodge and Roll"],"gold":67,"score":358,"play_id":"280c66ca-f987-4c99-b70f-7bba4304735d","is_prod":false,"is_daily":false,"is_ascension_mode":true,"campfire_upgraded":3,"path_taken":["M","?","?","?","?","R","M","R","T","M","?","?","?","E","R","BOSS","M","?","?","?","$","R","?","M","T","R","M","$","?","M","R","BOSS"],"build_version":"2018-02-22-PROD2","purchased_purges":3,"victory":false,"master_deck":["Defend_G","Defend_G","Defend_G","Defend_G","Strike_G","Survivor","Neutralize+1","Dagger Spray+1","Leg Sweep+1","Escape Plan","Slice+1","Dagger Throw","Bouncing Flask+1","Concentrate","Terror+1"],"max_hp_per_floor":[70,70,70,70,70,70,70,70,70,70,70,70,70,80,80,80,80,80,80,80,80,80,80,80,80,80,80,80,80,80,80,80],"relics":["Ring of the Snake","Dead Branch","Vajra","Calipers","Pear","Runic Pyramid","Bird Faced Urn"],"card_choices":[{"not_picked":["Dash","Deadly Poison"],"picked":"Dagger Spray"},{"not_picked":["PiercingWail","Sucker Punch"],"picked":"Leg Sweep"},{"not_picked":["Distraction","Quick Slash"],"picked":"Escape Plan"},{"not_picked":["Skewer","Dodge and Roll"],"picked":"Slice"},{"not_picked":["Skewer","Endless Agony"],"picked":"Bouncing Flask"},{"not_picked":["Eviscerate","Accuracy"],"picked":"Concentrate"},{"not_picked":["Underhanded Strike","Backstab"],"picked":"Terror"}],"player_experience":190236,"potions_floor_usage":[12,14,16,16,30,33],"damage_taken":[{"damage":2,"enemies":"2 Louse","floor":1,"turns":3},{"damage":0,"enemies":"Small Slimes","floor":7,"turns":2},{"damage":1,"enemies":"Jaw Worm","floor":10,"turns":2},{"damage":0,"enemies":"Red Slaver","floor":11,"turns":5},{"damage":1,"enemies":"2 Fungi Beasts","floor":12,"turns":4},{"damage":11,"enemies":"Gremlin Nob","floor":14,"turns":4},{"damage":45,"enemies":"Hexaghost","floor":16,"turns":13},{"damage":8,"enemies":"Shell Parasite","floor":18,"turns":11},{"damage":19,"enemies":"Chosen","floor":20,"turns":7},{"damage":18,"enemies":"Centurion and Healer","floor":25,"turns":10},{"damage":17,"enemies":"Snake Plant","floor":28,"turns":7},{"damage":3,"enemies":"Snecko","floor":30,"turns":4},{"damage":0,"enemies":"Chosen and Byrds","floor":31,"turns":6},{"damage":62,"enemies":"Champ","floor":33,"turns":14}],"event_choices":[{"event_name":"Golden Wing","player_choice":"Card Removal","floor":2,"damage_taken":0},{"event_name":"Bonfire Elementals","player_choice":"BASIC","floor":3,"damage_taken":0},{"event_name":"Scrap Ooze","player_choice":"success","floor":4,"damage_taken":18},{"event_name":"The Cleric","player_choice":"Card Removal","floor":13,"damage_taken":0},{"event_name":"Golden Shrine","player_choice":"Pray","floor":19,"damage_taken":0},{"event_name":"The Mausoleum","player_choice":"No","floor":21,"damage_taken":0}],"boss_relics":[{"not_picked":["White Beast Statue","Question Card"],"picked":"Runic Pyramid"}],"potions_floor_spawned":[1,11,14,18,20],"seed_played":"-6559610641738330318","killed_by":"Champ","ascension_level":9,"is_trial":false}