{"gold_per_floor":[116,37,51,68,68,68,94,94,94,94,121,138,138,150,150,254,254,274,274,274,285,158,193,193,143,166,166,180,194,244,257,257,355,355,365,315,327,327,339,339,351,371,371,80,98,98,98,23,23,23],"floor_reached":51,"playtime":3216,"items_purged":["Writhe","FTL+1"],"score":840,"play_id":"a99d9be9-34e1-4aef-9923-d623e1eb08d2","local_time":"20190601221124","is_ascension_mode":true,"campfire_choices":[{"data":"Biased Cognition","floor":6,"key":"SMITH"},{"data":"Genetic Algorithm","floor":8,"key":"SMITH"},{"data":"Zap","floor":10,"key":"SMITH"},{"data":"Defragment","floor":13,"key":"SMITH"},{"floor":15,"key":"REST"},{"data":"Loop","floor":24,"key":"SMITH"},{"data":"Capacitor","floor":27,"key":"SMITH"},{"floor":32,"key":"REST"},{"floor":40,"key":"REST"},{"floor":46,"key":"REST"},{"floor":49,"key":"RECALL"}],"neow_cost":"NONE","seed_source_timestamp":1226518375755368,"circlet_count":0,"master_deck":["Strike_B+1","Strike_B+1","Strike_B+1","Strike_B+1","Defend_B+1","Defend_B+1","Defend_B+1","Defend_B+1","Zap+1","Dualcast","Genetic Algorithm+1","BootSequence+1","Chill","Biased Cognition+1","Capacitor+1","Defragment+1","Loop+1","Undo+1","Machine Learning","Cold Snap","Creative AI","Defragment+1","Parasite"],"relics":["Cracked Core","Happy Flower","Bottled Tornado","Incense Burner","Bronze Scales","Busted Crown","War Paint","Darkstone Periapt","Anchor","Centennial Puzzle","Fusion Hammer","Thread and Needle","DollysMirror","Toxic Egg 2"],"potions_floor_usage":[16,23,23,33,33,41,50,50],"damage_taken":[{"damage":5,"enemies":"Small Slimes","floor":1,"turns":4},{"damage":0,"enemies":"Cultist","floor":3,"turns":4},{"damage":0,"enemies":"Jaw Worm","floor":4,"turns":3},{"damage":24,"enemies":"Gremlin Nob","floor":7,"turns":5},{"damage":2,"enemies":"3 Sentries","floor":11,"turns":6},{"damage":0,"enemies":"Exordium Wildlife","floor":12,"turns":2},{"damage":4,"enemies":"Red Slaver","floor":14,"turns":4},{"damage":20,"enemies":"Slime Boss","floor":16,"turns":11},{"damage":0,"enemies":"Chosen","floor":18,"turns":4},{"damage":1,"enemies":"Shell Parasite","floor":21,"turns":5},{"damage":31,"enemies":"Gremlin Leader","floor":23,"turns":11},{"damage":0,"enemies":"3 Cultists","floor":28,"turns":4},{"damage":0,"enemies":"Chosen and Byrds","floor":29,"turns":4},{"damage":0,"enemies":"Shelled Parasite and Fungi","floor":31,"turns":5},{"damage":20,"enemies":"Collector","floor":33,"turns":12},{"damage":4,"enemies":"3 Darklings","floor":35,"turns":5},{"damage":0,"enemies":"3 Shapes","floor":37,"turns":5},{"damage":0,"enemies":"Spire Growth","floor":39,"turns":5},{"damage":9,"enemies":"4 Shapes","floor":41,"turns":5},{"damage":0,"enemies":"3 Darklings","floor":42,"turns":6},{"damage":2,"enemies":"Writhing Mass","floor":45,"turns":5},{"damage":4,"enemies":"Time Eater","floor":50,"turns":10}],"seed_played":"8316443983743448327","potions_obtained":[{"floor":1,"key":"SteroidPotion"},{"floor":4,"key":"SkillPotion"},{"floor":14,"key":"Poison Potion"},{"floor":21,"key":"GamblersBrew"},{"floor":29,"key":"Poison Potion"},{"floor":31,"key":"Dexterity Potion"},{"floor":33,"key":"FocusPotion"},{"floor":39,"key":"Swift Potion"},{"floor":42,"key":"Poison Potion"},{"floor":45,"key":"LiquidBronze"}],"is_trial":false,"path_per_floor":["M","$","M","M","?","R","E","R","T","R","E","M","R","M","R","B",null,"M","?","?","M","$","E","R","$","T","R","M","M","T","M","R","B",null,"M","$","M","?","M","R","M","M","T","$","M","R","T","$","R","B",null],"character_chosen":"DEFECT","items_purchased":["BootSequence","Weak Potion","Fire Potion","Block Potion","DollysMirror","FocusPotion"],"campfire_rested":4,"item_purchase_floors":[2,22,25,36,44,48],"current_hp_per_floor":[63,63,63,63,63,63,39,39,39,39,37,37,37,33,55,35,65,65,65,65,64,64,33,33,33,33,33,33,33,33,33,55,35,65,61,61,61,61,61,75,66,66,66,66,70,81,81,81,81,77],"gold":23,"neow_bonus":"RANDOM_COMMON_RELIC","is_prod":false,"is_daily":false,"chose_seed":false,"campfire_upgraded":6,"win_rate":0,"timestamp":1559441484,"path_taken":["M","$","M","M","?","R","E","R","T","R","E","?","R","M","R","BOSS","M","?","?","M","$","E","R","$","T","R","M","M","?","M","R","BOSS","M","$","M","?","M","R","M","M","T","$","M","R","?","?","R","BOSS"],"build_version":"2019-01-23","purchased_purges":2,"victory":true,"max_hp_per_floor":[75,75,75,75,75,75,75,75,75,75,75,75,75,75,75,75,75,75,75,75,75,75,75,75,75,75,75,75,75,75,75,75,75,75,75,75,75,75,75,75,75,75,75,75,81,81,81,81,81,81],"card_choices":[{"not_picked":["Steam","Turbo"],"picked":"Genetic Algorithm","floor":1},{"not_picked":["Steam","Ball Lightning"],"picked":"Chill","floor":3},{"not_picked":["Go for the Eyes","Storm","Redo"],"picked":"SKIP","floor":4},{"not_picked":["Darkness","Amplify"],"picked":"Capacitor","floor":7},{"not_picked":["Stack","White Noise"],"picked":"Defragment","floor":11},{"not_picked":["Compile Driver","Streamline"],"picked":"Loop","floor":12},{"not_picked":["Lockon","BootSequence"],"picked":"Undo","floor":14},{"not_picked":["Fission","Biased Cognition"],"picked":"Machine Learning","floor":16},{"not_picked":["Turbo+1"],"picked":"SKIP","floor":18},{"not_picked":[],"picked":"Cold Snap","floor":21},{"not_picked":["Chaos"],"picked":"SKIP","floor":23},{"not_picked":["Steam"],"picked":"SKIP","floor":28},{"not_picked":["Sweeping Beam"],"picked":"SKIP","floor":29},{"not_picked":[],"picked":"FTL+1","floor":31},{"not_picked":[],"picked":"Creative AI","floor":33},{"not_picked":["Coolheaded+1"],"picked":"SKIP","floor":35},{"not_picked":["Streamline"],"picked":"SKIP","floor":37},{"not_picked":["Chaos"],"picked":"SKIP","floor":39},{"not_picked":["Chaos+1"],"picked":"SKIP","floor":41},{"not_picked":["Rebound+1"],"picked":"SKIP","floor":42},{"not_picked":["Gash"],"picked":"SKIP","floor":45}],"player_experience":677849,"relics_obtained":[{"floor":7,"key":"Bottled Tornado"},{"floor":9,"key":"Incense Burner"},{"floor":11,"key":"Bronze Scales"},{"floor":23,"key":"Darkstone Periapt"},{"floor":26,"key":"Anchor"},{"floor":30,"key":"Centennial Puzzle"},{"floor":43,"key":"Thread and Needle"},{"floor":47,"key":"Toxic Egg 2"}],"event_choices":[{"damage_healed":0,"gold_gain":0,"player_choice":"1 cards matched","damage_taken":0,"max_hp_gain":0,"max_hp_loss":0,"event_name":"Match and Keep!","floor":5,"gold_loss":0,"cards_obtained":["Biased Cognition"]},{"damage_healed":0,"gold_gain":0,"player_choice":"Simplicity","damage_taken":0,"max_hp_gain":0,"max_hp_loss":0,"event_name":"Back to Basics","floor":19,"gold_loss":0,"cards_upgraded":["Strike_B","Strike_B","Strike_B","Strike_B","Defend_B","Defend_B","Defend_B","Defend_B"]},{"damage_healed":0,"gold_gain":0,"player_choice":"Opened","damage_taken":0,"relics_obtained":["War Paint"],"max_hp_gain":0,"max_hp_loss":0,"event_name":"The Mausoleum","floor":20,"gold_loss":0,"cards_obtained":["Writhe"]},{"damage_healed":0,"gold_gain":0,"player_choice":"Ignored","damage_taken":0,"max_hp_gain":0,"max_hp_loss":0,"event_name":"Tomb of Lord Red Mask","floor":38,"gold_loss":0}],"is_beta":false,"boss_relics":[{"not_picked":["Calling Bell","Coffee Dripper"],"picked":"Busted Crown"},{"not_picked":["Orrery","Tiny House"],"picked":"Fusion Hammer"}],"items_purged_floors":[22,44],"is_endless":false,"potions_floor_spawned":[1,4,14,21,29,31,33,39,42,45],"ascension_level":6}