{"gold_per_floor":[119,119,137,148,159,193,193,193,193,193,218,51,66,66,66,145,195,210,230,14,28,28,28,58,58,58,58,58,69,69,69],"floor_reached":31,"playtime":1361,"items_purged":[],"score":500,"play_id":"3c1ba765-2e18-4a27-ba75-bf9ac1a3b383","local_time":"20190607012300","is_ascension_mode":true,"campfire_choices":[{"floor":7,"key":"REST"},{"data":"Skewer","floor":10,"key":"SMITH"},{"floor":15,"key":"REST"},{"data":"Envenom","floor":23,"key":"SMITH"},{"floor":25,"key":"REST"},{"data":"Bouncing Flask","floor":27,"key":"SMITH"}],"neow_cost":"NONE","seed_source_timestamp":442194464335439,"circlet_count":0,"master_deck":["AscendersBane","Defend_G","Defend_G","Defend_G","Defend_G","Strike_G+1","Strike_G","Strike_G","Strike_G+1","Survivor+1","Neutralize","Dodge and Roll","Blur","Escape Plan","Skewer+1","Infinite Blades","Infinite Blades","Well Laid Plans","Envenom+1","Backstab","PiercingWail","Dodge and Roll+1","Bouncing Flask+1","Dagger Spray","Corpse Explosion"],"relics":["Ring of the Snake","Centennial Puzzle","Oddly Smooth Stone","Blue Candle","Blood Vial","Happy Flower","Whetstone","Tiny House","Juzu Bracelet","Art of War","Ninja Scroll"],"potions_floor_usage":[6,6,24,24],"damage_taken":[{"damage":0,"enemies":"2 Louse","floor":1,"turns":2},{"damage":2,"enemies":"Cultist","floor":3,"turns":4},{"damage":0,"enemies":"Small Slimes","floor":4,"turns":3},{"damage":11,"enemies":"3 Louse","floor":5,"turns":5},{"damage":26,"enemies":"Gremlin Nob","floor":6,"turns":4},{"damage":15,"enemies":"Lagavulin","floor":11,"turns":7},{"damage":15,"enemies":"Gremlin Gang","floor":13,"turns":4},{"damage":27,"enemies":"Hexaghost","floor":16,"turns":11},{"damage":11,"enemies":"3 Byrds","floor":18,"turns":7},{"damage":19,"enemies":"Chosen","floor":19,"turns":6},{"damage":9,"enemies":"Snake Plant","floor":21,"turns":6},{"damage":59,"enemies":"Gremlin Leader","floor":24,"turns":9},{"damage":33,"enemies":"Shelled Parasite and Fungi","floor":29,"turns":6},{"damage":6,"enemies":"Cultist and Chosen","floor":31,"turns":2}],"seed_played":"3351727842015476098","potions_obtained":[{"floor":4,"key":"AttackPotion"},{"floor":5,"key":"Weak Potion"},{"floor":6,"key":"Block Potion"},{"floor":17,"key":"GhostInAJar"},{"floor":29,"key":"LiquidBronze"}],"is_trial":false,"path_per_floor":["M","?","M","M","M","E","R","?","T","R","E","$","M","?","R","B",null,"M","M","$","M","?","R","E","R","T","R","?","M","?","M"],"character_chosen":"THE_SILENT","items_purchased":["Whetstone","Juzu Bracelet","Strength Potion"],"campfire_rested":3,"item_purchase_floors":[12,20,20],"current_hp_per_floor":[59,59,57,57,46,20,39,39,39,39,26,26,13,13,32,7,56,47,30,30,23,71,71,12,33,33,33,33,2,2,0],"gold":69,"neow_bonus":"RANDOM_COMMON_RELIC","is_prod":false,"is_daily":false,"chose_seed":false,"campfire_upgraded":3,"win_rate":0,"timestamp":1559841780,"path_taken":["M","?","?","M","M","E","R","?","T","R","E","$","?","?","R","BOSS","M","M","$","M","?","R","E","R","T","R","?","M","?","M"],"build_version":"2019-01-23","purchased_purges":0,"victory":false,"max_hp_per_floor":[66,66,66,66,66,66,66,66,66,66,66,66,66,66,66,66,71,71,71,71,71,71,71,71,71,71,71,71,71,71,71],"card_choices":[{"not_picked":["Outmaneuver","Blade Dance"],"picked":"Dodge and Roll","floor":1},{"not_picked":["Sucker Punch","Slice"],"picked":"Blur","floor":3},{"not_picked":["Underhanded Strike","Slice"],"picked":"Escape Plan","floor":4},{"not_picked":["Catalyst","Cloak And Dagger"],"picked":"Skewer","floor":5},{"not_picked":["Eviscerate","Outmaneuver"],"picked":"Infinite Blades","floor":6},{"not_picked":["Concentrate","Poisoned Stab"],"picked":"Infinite Blades","floor":11},{"not_picked":["Quick Slash","Sucker Punch"],"picked":"Well Laid Plans","floor":13},{"not_picked":["Tools of the Trade","Venomology"],"picked":"Envenom","floor":16},{"not_picked":["Outmaneuver","Setup"],"picked":"Backstab","floor":17},{"not_picked":["Bane","Underhanded Strike"],"picked":"PiercingWail","floor":18},{"not_picked":["Prepared","Quick Slash+1"],"picked":"Dodge and Roll+1","floor":19},{"not_picked":["Choke","Outmaneuver"],"picked":"Bouncing Flask","floor":21},{"not_picked":["Blade Dance","Deflect"],"picked":"Dagger Spray","floor":24},{"not_picked":["Slice","Expertise+1"],"picked":"Corpse Explosion","floor":29}],"player_experience":643059,"relics_obtained":[{"floor":6,"key":"Oddly Smooth Stone"},{"floor":9,"key":"Blood Vial"},{"floor":11,"key":"Happy Flower"},{"floor":24,"key":"Art of War"},{"floor":26,"key":"Ninja Scroll"}],"event_choices":[{"cards_removed":["Defend_G"],"damage_healed":0,"gold_gain":0,"player_choice":"Purged","damage_taken":0,"max_hp_gain":0,"max_hp_loss":0,"event_name":"Purifier","floor":2,"gold_loss":0},{"damage_healed":0,"gold_gain":0,"player_choice":"Gave Potion","damage_taken":0,"relics_obtained":["Blue Candle"],"max_hp_gain":0,"max_hp_loss":0,"event_name":"WeMeetAgain","floor":8,"gold_loss":0},{"cards_removed":["Strike_G"],"damage_healed":0,"gold_gain":0,"player_choice":"Forget","damage_taken":0,"max_hp_gain":0,"max_hp_loss":0,"event_name":"Living Wall","floor":14,"gold_loss":0},{"damage_healed":48,"gold_gain":0,"player_choice":"Full Heal","damage_taken":0,"max_hp_gain":0,"max_hp_loss":0,"event_name":"Wheel of Change","floor":22,"gold_loss":0},{"damage_healed":0,"gold_gain":0,"player_choice":"Ignored","damage_taken":0,"max_hp_gain":0,"max_hp_loss":0,"event_name":"The Mausoleum","floor":30,"gold_loss":0}],"is_beta":false,"boss_relics":[{"not_picked":["Ring of the Serpent","Eternal Feather"],"picked":"Tiny House"}],"items_purged_floors":[],"is_endless":false,"potions_floor_spawned":[4,5,6,21,29],"killed_by":"Cultist and Chosen","ascension_level":18}