{"gold_per_floor":[361,96,96,96,46,86,86,127,127,147,172,192,210,110,110,241,241,262,62,83,107,107,107,141,141,141,141,168,168,204,79,79,79],"floor_reached":33,"playtime":2089,"items_purged":["Strike_G","Defend_G","Regret"],"score":422,"play_id":"5eb3ac38-57ec-4022-aed5-50b0afc53505","local_time":"20190610133435","is_ascension_mode":true,"campfire_choices":[{"data":"Caltrops","floor":7,"key":"SMITH"},{"floor":15,"key":"REST"},{"data":"Corpse Explosion","floor":23,"key":"SMITH"},{"data":"Dodge and Roll","floor":27,"key":"SMITH"},{"data":"Dodge and Roll","floor":29,"key":"SMITH"},{"floor":32,"key":"REST"}],"neow_cost":"TEN_PERCENT_HP_LOSS","seed_source_timestamp":242937847215580,"circlet_count":0,"master_deck":["Defend_G+1","Defend_G+1","Defend_G+1","Strike_G+1","Strike_G+1","Strike_G+1","Survivor","Neutralize","Prepared+1","Caltrops+1","Backflip","Dodge and Roll+1","Cloak And Dagger","Backstab","Deflect+1","Corpse Explosion+1","Noxious Fumes+1","Bane+1","Dodge and Roll+1","Writhe","Writhe"],"relics":["Ring of the Snake","PreservedInsect","Golden Idol","Sundial","Pantograph","Mummified Hand","Cursed Key","TwistedFunnel","Art of War","War Paint","Bottled Lightning","Omamori","Lantern"],"potions_floor_usage":[8,12,16,21,33],"damage_taken":[{"damage":0,"enemies":"2 Louse","floor":1,"turns":3},{"damage":36,"enemies":"3 Sentries","floor":6,"turns":10},{"damage":14,"enemies":"Lagavulin","floor":8,"turns":9},{"damage":0,"enemies":"Small Slimes","floor":10,"turns":4},{"damage":0,"enemies":"Jaw Worm","floor":11,"turns":7},{"damage":7,"enemies":"Large Slime","floor":12,"turns":9},{"damage":0,"enemies":"Blue Slaver","floor":13,"turns":4},{"damage":4,"enemies":"Hexaghost","floor":16,"turns":11},{"damage":4,"enemies":"Shell Parasite","floor":18,"turns":7},{"damage":12,"enemies":"2 Thieves","floor":20,"turns":3},{"damage":3,"enemies":"Shelled Parasite and Fungi","floor":21,"turns":4},{"damage":15,"enemies":"Slavers","floor":24,"turns":4},{"damage":9,"enemies":"Book of Stabbing","floor":30,"turns":4},{"damage":68,"enemies":"Collector","floor":33,"turns":9}],"seed_played":"-8922127409590766064","potions_obtained":[{"floor":6,"key":"AttackPotion"},{"floor":10,"key":"LiquidBronze"},{"floor":11,"key":"Swift Potion"},{"floor":18,"key":"Strength Potion"},{"floor":30,"key":"SpeedPotion"}],"is_trial":false,"path_per_floor":["M","$","?","?","?","E","R","E","T","M","M","M","M","$","R","B",null,"M","$","M","M","?","R","E","?","T","R","T","R","E","$","R","B"],"character_chosen":"THE_SILENT","items_purchased":["PreservedInsect","Caltrops","TwistedFunnel"],"campfire_rested":2,"item_purchase_floors":[2,2,19],"current_hp_per_floor":[63,63,63,58,58,22,22,8,8,8,8,1,1,1,18,39,53,49,49,37,34,34,34,19,19,19,19,19,19,10,10,27,0],"gold":79,"neow_bonus":"TWO_FIFTY_GOLD","is_prod":false,"is_daily":false,"chose_seed":false,"campfire_upgraded":4,"win_rate":0,"timestamp":1560144875,"path_taken":["M","$","?","?","?","E","R","E","T","M","?","M","M","$","R","BOSS","M","$","M","M","?","R","E","?","T","R","?","R","E","$","R","BOSS"],"build_version":"2019-01-23","purchased_purges":3,"victory":false,"max_hp_per_floor":[63,63,63,58,58,58,58,58,58,58,58,58,58,58,58,58,58,58,58,58,58,58,58,58,58,58,58,58,58,58,58,58,58],"card_choices":[{"not_picked":["Dagger Spray","Leg Sweep"],"picked":"Prepared","floor":1},{"not_picked":["Prepared","Slice"],"picked":"Backflip","floor":6},{"not_picked":["PiercingWail","Reflex","Concentrate"],"picked":"SKIP","floor":8},{"not_picked":["Reflex","Poisoned Stab"],"picked":"Dodge and Roll","floor":10},{"not_picked":["Distraction","Prepared"],"picked":"Cloak And Dagger","floor":11},{"not_picked":["Catalyst","Finisher"],"picked":"Backstab","floor":12},{"not_picked":["Accuracy","Expertise"],"picked":"Deflect","floor":13},{"not_picked":["Glass Knife","A Thousand Cuts"],"picked":"Corpse Explosion","floor":16},{"not_picked":["Caltrops","Backflip"],"picked":"Noxious Fumes+1","floor":18},{"not_picked":["Dagger Spray","Cloak And Dagger"],"picked":"Bane+1","floor":20},{"not_picked":["Accuracy+1","Dagger Spray","PiercingWail"],"picked":"SKIP","floor":21},{"not_picked":["Terror","Expertise"],"picked":"Dodge and Roll","floor":24},{"not_picked":["Choke","Riddle With Holes+1","Quick Slash"],"picked":"SKIP","floor":30}],"player_experience":742231,"relics_obtained":[{"floor":6,"key":"Sundial"},{"floor":8,"key":"Pantograph"},{"floor":9,"key":"Mummified Hand"},{"floor":24,"key":"Art of War"},{"floor":26,"key":"Bottled Lightning"},{"floor":28,"key":"Omamori"},{"floor":30,"key":"Lantern"}],"event_choices":[{"cards_removed":["Strike_G"],"damage_healed":0,"gold_gain":0,"player_choice":"Forget","damage_taken":0,"max_hp_gain":0,"max_hp_loss":0,"event_name":"Living Wall","floor":3,"gold_loss":0},{"damage_healed":0,"gold_gain":0,"player_choice":"Lose Max HP","damage_taken":0,"relics_obtained":["Golden Idol"],"max_hp_gain":0,"max_hp_loss":5,"event_name":"Golden Idol","floor":4,"gold_loss":0},{"cards_removed":["Defend_G"],"damage_healed":0,"gold_gain":0,"player_choice":"Card Removal","damage_taken":0,"max_hp_gain":0,"max_hp_loss":0,"event_name":"The Cleric","floor":5,"gold_loss":50},{"damage_healed":0,"gold_gain":0,"player_choice":"Simplicity","damage_taken":0,"max_hp_gain":0,"max_hp_loss":0,"event_name":"Back to Basics","floor":22,"gold_loss":0,"cards_upgraded":["Defend_G","Defend_G","Defend_G","Strike_G","Strike_G","Strike_G"]},{"damage_healed":0,"gold_gain":0,"player_choice":"Opened","damage_taken":0,"relics_obtained":["War Paint"],"max_hp_gain":0,"max_hp_loss":0,"event_name":"The Mausoleum","floor":25,"gold_loss":0,"cards_obtained":["Writhe"]}],"is_beta":false,"boss_relics":[{"not_picked":["Fusion Hammer","Calling Bell"],"picked":"Cursed Key"}],"items_purged_floors":[2,14,31],"is_endless":false,"potions_floor_spawned":[6,10,11,18,30],"killed_by":"Collector","ascension_level":9}