{"gold_per_floor":[123,135,165,196,208,254,266,306,342,354,380,392],"floor_reached":12,"playtime":449,"items_purged":[],"score":145,"play_id":"bf33d708-9a91-4726-baf1-38d9a78b0577","local_time":"20181219230428","is_ascension_mode":true,"campfire_choices":[{"floor":7,"key":"REST"},{"data":"Bash","floor":10,"key":"SMITH"}],"neow_cost":"NONE","seed_source_timestamp":621849113485009,"circlet_count":0,"master_deck":["AscendersBane","Strike_R","Strike_R","Strike_R","Strike_R","Strike_R","Defend_R","Defend_R","Defend_R","Defend_R","Bash+1","Dropkick","Cleave","Battle Trance","Ghostly Armor"],"relics":["Burning Blood","MawBank","Juzu Bracelet","Orichalcum","Potion Belt","PreservedInsect"],"potions_floor_usage":[6,6],"damage_taken":[{"damage":3,"enemies":"2 Louse","floor":1,"turns":3},{"damage":12,"enemies":"Jaw Worm","floor":3,"turns":3},{"damage":1,"enemies":"Cultist","floor":4,"turns":3},{"damage":60,"enemies":"3 Sentries","floor":6,"turns":12},{"damage":12,"enemies":"Gremlin Nob","floor":8,"turns":4},{"damage":15,"enemies":"3 Louse","floor":11,"turns":3},{"damage":18,"enemies":"3 Sentries","floor":12,"turns":6}],"seed_played":"-8518207452650452110","potions_obtained":[{"floor":1,"key":"SkillPotion"},{"floor":4,"key":"Energy Potion"}],"is_trial":false,"path_per_floor":["M","?","M","M","$","E","R","E","T","R","M","E"],"character_chosen":"IRONCLAD","items_purchased":[],"campfire_rested":1,"item_purchase_floors":[],"current_hp_per_floor":[75,63,57,62,62,8,32,26,26,26,17,0],"gold":392,"neow_bonus":"RANDOM_COMMON_RELIC","is_prod":false,"is_daily":false,"chose_seed":false,"campfire_upgraded":1,"win_rate":0,"timestamp":1545231868,"path_taken":["M","?","M","M","?","E","R","E","T","R","M","E"],"build_version":"2018-12-13","purchased_purges":0,"victory":false,"max_hp_per_floor":[80,80,80,80,80,80,80,80,80,80,80,80],"card_choices":[{"not_picked":["Ghostly Armor","Clash"],"picked":"Dropkick","floor":1},{"not_picked":["Perfected Strike","Disarm","Heavy Blade"],"picked":"SKIP","floor":3},{"not_picked":["True Grit","Flex","Armaments"],"picked":"SKIP","floor":4},{"not_picked":["Dual Wield","Thunderclap"],"picked":"Cleave","floor":6},{"not_picked":["Bloodletting","Evolve"],"picked":"Battle Trance","floor":8},{"not_picked":["Havoc","Clothesline"],"picked":"Ghostly Armor","floor":11}],"player_experience":591811,"relics_obtained":[{"floor":6,"key":"Orichalcum"},{"floor":8,"key":"Potion Belt"},{"floor":9,"key":"PreservedInsect"}],"event_choices":[{"damage_healed":0,"gold_gain":0,"player_choice":"Success","damage_taken":12,"relics_obtained":["Juzu Bracelet"],"max_hp_gain":0,"max_hp_loss":0,"event_name":"Scrap Ooze","floor":2,"gold_loss":0}],"is_beta":false,"boss_relics":[],"items_purged_floors":[],"is_endless":false,"potions_floor_spawned":[1,4],"killed_by":"3 Sentries","ascension_level":13}