{"gold_per_floor":[114,114,132,52,65,65,78,78,104,104,114,114,128,40,40,145,145,162,162,181,181],"floor_reached":21,"playtime":1600,"items_purged":[],"score":171,"play_id":"c2a50d53-c32f-4bac-8c2a-72285434756f","local_time":"20190121091814","is_ascension_mode":false,"campfire_choices":[{"data":"Loop","floor":6,"key":"SMITH"},{"data":"Ball Lightning","floor":8,"key":"SMITH"},{"data":"Conserve Battery","floor":10,"key":"SMITH"},{"data":"Genetic Algorithm","floor":15,"key":"SMITH"}],"neow_cost":"NONE","seed_source_timestamp":196167999621800,"circlet_count":0,"master_deck":["Strike_B+1","Strike_B+1","Strike_B+1","Defend_B","Defend_B","Defend_B","Defend_B","Zap","Dualcast","Genetic Algorithm+1","Ball Lightning+1","Loop+1","Conserve Battery+1","Reprogram+1","All For One","Reinforced Body","Self Repair","Sweeping Beam","Buffer","Sweeping Beam+1","Rebound","BootSequence+1"],"relics":["Cracked Core","NeowsBlessing","Whetstone","Runic Pyramid"],"potions_floor_usage":[20,20,20,20,21,21],"damage_taken":[{"damage":0,"enemies":"Small Slimes","floor":1,"turns":1},{"damage":0,"enemies":"Cultist","floor":3,"turns":1},{"damage":0,"enemies":"2 Louse","floor":5,"turns":1},{"damage":2,"enemies":"Blue Slaver","floor":7,"turns":3},{"damage":0,"enemies":"2 Fungi Beasts","floor":11,"turns":4},{"damage":7,"enemies":"Looter","floor":13,"turns":2},{"damage":31,"enemies":"Slime Boss","floor":16,"turns":9},{"damage":33,"enemies":"2 Thieves","floor":18,"turns":5},{"damage":12,"enemies":"Shell Parasite","floor":20,"turns":5},{"damage":45,"enemies":"Masked Bandits","floor":21,"turns":3}],"seed_played":"-3648585635424850373","potions_obtained":[{"floor":3,"key":"Block Potion"},{"floor":7,"key":"Explosive Potion"},{"floor":11,"key":"Poison Potion"},{"floor":18,"key":"EntropicBrew"}],"is_trial":false,"path_per_floor":["M","?","M","$","M","R","M","R","T","R","M","?","M","$","R","B",null,"M","?","M","?"],"character_chosen":"DEFECT","items_purchased":["Loop","Self Repair","Sweeping Beam"],"campfire_rested":0,"item_purchase_floors":[4,14,14],"current_hp_per_floor":[75,75,75,75,75,75,73,73,73,73,73,58,51,51,51,27,75,49,49,44,0],"gold":181,"neow_bonus":"THREE_ENEMY_KILL","is_prod":false,"is_daily":false,"chose_seed":false,"campfire_upgraded":4,"win_rate":0.0,"timestamp":1548058694,"path_taken":["M","?","M","?","M","R","M","R","T","R","M","?","?","$","R","BOSS","M","?","M","?"],"build_version":"2019-01-17v2","purchased_purges":0,"victory":false,"max_hp_per_floor":[75,75,75,75,75,75,75,75,75,75,75,75,75,75,75,75,75,75,75,75,75],"card_choices":[{"not_picked":["Stack","Double Energy"],"picked":"Genetic Algorithm","floor":1},{"not_picked":["Compile Driver","Beam Cell"],"picked":"Ball Lightning","floor":3},{"not_picked":["Barrage","Ball Lightning"],"picked":"Conserve Battery","floor":5},{"not_picked":["Hologram","Skim"],"picked":"Reprogram","floor":7},{"not_picked":["Gash","Steam"],"picked":"All For One","floor":11},{"not_picked":["Compile Driver","Steam"],"picked":"Reinforced Body","floor":13},{"not_picked":["Amplify","Biased Cognition"],"picked":"Buffer","floor":16},{"not_picked":["Steam","Leap+1"],"picked":"Sweeping Beam+1","floor":18},{"not_picked":["Redo","Fission"],"picked":"BootSequence+1","floor":20}],"player_experience":9146,"relics_obtained":[{"floor":9,"key":"Whetstone"}],"event_choices":[{"cards_removed":["Strike_B"],"damage_healed":0,"gold_gain":0,"player_choice":"Offered Basic","damage_taken":0,"max_hp_gain":0,"max_hp_loss":0,"event_name":"Bonfire Elementals","floor":2,"gold_loss":0},{"damage_healed":0,"gold_gain":0,"player_choice":"Entered Light","damage_taken":15,"max_hp_gain":0,"max_hp_loss":0,"event_name":"Shining Light","floor":12,"gold_loss":0,"cards_upgraded":["Reprogram","Strike_B"]},{"damage_healed":0,"gold_gain":0,"player_choice":"Read","damage_taken":0,"max_hp_gain":0,"max_hp_loss":0,"event_name":"The Library","floor":19,"gold_loss":0,"cards_obtained":["Rebound"]},{"damage_healed":0,"gold_gain":0,"player_choice":"Fought Bandits","damage_taken":0,"max_hp_gain":0,"max_hp_loss":0,"event_name":"Masked Bandits","floor":21,"gold_loss":0}],"is_beta":false,"boss_relics":[{"not_picked":["Velvet Choker","Calling Bell"],"picked":"Runic Pyramid"}],"items_purged_floors":[],"is_endless":false,"potions_floor_spawned":[3,7,11,18],"killed_by":"Masked Bandits","ascension_level":0}