{"gold_per_floor":[113,123,123,198,1195,1226,254,281,306,306,331,349,978,1008,1008,1104,1104,1119,1130,1149,1149,284,284,314,327,327,327,341,341,341,370,370,467,467,514,526,538,596,608,620,632,669,707,756,793,840,98,98,98,98],"floor_reached":51,"playtime":3101,"items_purged":["Strike_B","Defend_B","Strike_B","Strike_B","Defend_B+1"],"score":1485,"play_id":"670449c6-a7ba-4720-b001-ce9408d6ee15","local_time":"20190613173145","is_ascension_mode":true,"campfire_choices":[{"data":"Amplify","floor":15,"key":"SMITH"},{"floor":23,"key":"DIG"},{"data":"Amplify","floor":27,"key":"SMITH"},{"data":"Ghostly","floor":30,"key":"SMITH"},{"data":"Ghostly","floor":32,"key":"SMITH"},{"data":"Secret Technique","floor":40,"key":"SMITH"},{"data":"Secret Technique","floor":49,"key":"SMITH"}],"neow_cost":"NONE","seed_source_timestamp":254266201806300,"circlet_count":0,"master_deck":["AscendersBane","Defend_B+1","Defend_B+1","Zap+1","Dualcast+1","Fusion+1","Undo+1","Hello World+1","Defragment+1","Amplify+1","Capacitor+1","Magnetism+1","Glacier+1","Amplify+1","Darkness+1","Defragment+1","Defragment+1","Machine Learning+1","Static Discharge+1","Panache+1","Defragment+1","White Noise+1","Ghostly+1","Ghostly+1","Ghostly+1","Ghostly+1","Ghostly+1","Fission+1","Turbo+1","Secret Technique+1","Sadistic Nature+1","Secret Technique+1","Cold Snap+1","Defragment+1"],"relics":["Cracked Core","NeowsBlessing","Frozen Egg 2","Lee\u0027s Waffle","Anchor","Strawberry","Mummified Hand","Symbiotic Virus","Calipers","Shovel","Nunchaku","MealTicket","Matryoshka","DataDisk","Omamori","Nuclear Battery","ClockworkSouvenir","Mercury Hourglass","Turnip","Pear","PreservedInsect","Ornamental Fan","Letter Opener","Calling Bell","MawBank","Shuriken","Mango","Mark of the Bloom","Incense Burner","Du-Vu Doll","Sundial","Lantern","Dream Catcher","Art of War","Toxic Egg 2","Gremlin Horn"],"potions_floor_usage":[33],"damage_taken":[{"damage":0,"enemies":"2 Louse","floor":1,"turns":1},{"damage":0,"enemies":"Jaw Worm","floor":2,"turns":1},{"damage":0,"enemies":"Gremlin Nob","floor":6,"turns":1},{"damage":5,"enemies":"Lagavulin","floor":8,"turns":5},{"damage":5,"enemies":"Gremlin Nob","floor":11,"turns":4},{"damage":0,"enemies":"Small Slimes","floor":12,"turns":2},{"damage":23,"enemies":"3 Sentries","floor":14,"turns":5},{"damage":8,"enemies":"Hexaghost","floor":16,"turns":8},{"damage":5,"enemies":"Shell Parasite","floor":18,"turns":4},{"damage":3,"enemies":"Spheric Guardian","floor":19,"turns":5},{"damage":7,"enemies":"3 Cultists","floor":20,"turns":7},{"damage":29,"enemies":"Gremlin Leader","floor":24,"turns":5},{"damage":0,"enemies":"Centurion and Healer","floor":25,"turns":2},{"damage":10,"enemies":"Shelled Parasite and Fungi","floor":28,"turns":4},{"damage":4,"enemies":"Book of Stabbing","floor":31,"turns":4},{"damage":6,"enemies":"Champ","floor":33,"turns":8},{"damage":1,"enemies":"Orb Walker","floor":35,"turns":4},{"damage":17,"enemies":"2 Orb Walkers","floor":38,"turns":2},{"damage":0,"enemies":"Reptomancer","floor":42,"turns":4},{"damage":6,"enemies":"3 Darklings","floor":44,"turns":4},{"damage":0,"enemies":"Giant Head","floor":46,"turns":7},{"damage":2,"enemies":"Donu and Deca","floor":50,"turns":8}],"seed_played":"5567130736387577308","potions_obtained":[{"floor":1,"key":"FocusPotion"},{"floor":6,"key":"SteroidPotion"},{"floor":14,"key":"PowerPotion"},{"floor":33,"key":"Strength Potion"}],"is_trial":false,"path_per_floor":["M","M","?","?","$","E","$","E","T","?","E","M","$","E","R","B",null,"M","M","M","?","$","R","E","M","T","R","M","?","R","E","R","B",null,"M","?","?","?","?","R","?","E","T","M","T","E","$","?","R","B",null],"character_chosen":"DEFECT","items_purchased":["Frozen Egg 2","Lee\u0027s Waffle","Anchor","Hello World+1","FocusPotion","Mummified Hand","Symbiotic Virus","Amplify","Capacitor+1","Magnetism+1","MealTicket","Matryoshka","Defragment+1","DataDisk","Panache+1","ClockworkSouvenir","Mercury Hourglass","Defragment+1","Toxic Egg 2","Gremlin Horn","Defragment+1"],"campfire_rested":0,"item_purchase_floors":[5,5,5,5,5,7,7,7,7,7,13,13,13,13,22,22,22,22,47,47,47],"current_hp_per_floor":[68,68,53,42,82,89,89,84,84,84,79,79,79,56,56,48,79,74,71,64,64,79,79,60,60,60,60,50,49,49,45,45,39,61,60,60,60,43,33,33,33,33,33,27,27,27,27,27,27,25],"gold":98,"neow_bonus":"THREE_ENEMY_KILL","is_prod":false,"is_daily":false,"chose_seed":true,"campfire_upgraded":6,"win_rate":0,"timestamp":1560439905,"path_taken":["M","M","?","?","?","E","$","E","T","?","E","M","?","E","R","BOSS","M","M","M","?","$","R","E","M","T","R","M","?","R","E","R","BOSS","M","?","?","?","?","R","?","E","T","?","?","E","$","?","R","BOSS"],"build_version":"2019-01-23","purchased_purges":5,"victory":true,"max_hp_per_floor":[75,75,75,75,82,89,89,89,89,89,89,89,89,89,89,89,89,89,89,89,89,89,89,99,99,99,99,99,49,49,49,49,49,63,63,63,63,63,63,63,63,63,63,63,63,63,63,60,60,60],"card_choices":[{"not_picked":["Streamline","Go for the Eyes"],"picked":"Fusion","floor":1},{"not_picked":["Go for the Eyes","Compile Driver"],"picked":"Undo","floor":2},{"not_picked":["Redo","Loop+1"],"picked":"Defragment+1","floor":6},{"not_picked":["Leap","Reprogram"],"picked":"Glacier","floor":8},{"not_picked":["Force Field","Ball Lightning"],"picked":"Amplify","floor":11},{"not_picked":["Ball Lightning","Streamline"],"picked":"Darkness","floor":12},{"not_picked":["Reprogram","Compile Driver"],"picked":"Defragment+1","floor":14},{"not_picked":["Reboot","Amplify"],"picked":"Machine Learning+1","floor":16},{"not_picked":["Reprogram","Steam Power+1","Glacier+1"],"picked":"SKIP","floor":18},{"not_picked":["Streamline+1","Rebound","Gash"],"picked":"SKIP","floor":19},{"not_picked":["Stack","Hologram"],"picked":"Static Discharge+1","floor":20},{"not_picked":["Stack","Rainbow"],"picked":"White Noise+1","floor":24},{"not_picked":["Gash","Compile Driver+1","Coolheaded"],"picked":"SKIP","floor":25},{"not_picked":["Conserve Battery","Redo","Stack"],"picked":"SKIP","floor":28},{"not_picked":["Steam+1","Leap","Stack+1"],"picked":"SKIP","floor":31},{"not_picked":["Biased Cognition+1","Multi-Cast"],"picked":"Fission","floor":33},{"not_picked":["Gash+1","Conserve Battery","Scrape+1"],"picked":"SKIP","floor":35},{"not_picked":["Compile Driver+1","Sweeping Beam"],"picked":"Turbo+1","floor":38},{"not_picked":["Chrysalis","Jack Of All Trades"],"picked":"Secret Technique","floor":39},{"not_picked":["Secret Weapon","Enlightenment"],"picked":"Sadistic Nature+1","floor":39},{"not_picked":["Violence","PanicButton"],"picked":"Secret Technique","floor":39},{"not_picked":["Streamline","Hologram+1"],"picked":"Cold Snap+1","floor":42},{"not_picked":["Reinforced Body","Redo+1","Cold Snap+1"],"picked":"SKIP","floor":44},{"not_picked":["Rip and Tear+1","Double Energy","Chill+1"],"picked":"SKIP","floor":46}],"player_experience":214881,"relics_obtained":[{"floor":6,"key":"Strawberry"},{"floor":8,"key":"Calipers"},{"floor":11,"key":"Nunchaku"},{"floor":14,"key":"Omamori"},{"floor":23,"key":"Turnip"},{"floor":24,"key":"Pear"},{"floor":26,"key":"PreservedInsect"},{"floor":26,"key":"Ornamental Fan"},{"floor":31,"key":"Letter Opener"},{"floor":34,"key":"MawBank"},{"floor":34,"key":"Shuriken"},{"floor":34,"key":"Mango"},{"floor":38,"key":"Incense Burner"},{"floor":42,"key":"Du-Vu Doll"},{"floor":43,"key":"Sundial"},{"floor":43,"key":"Lantern"},{"floor":45,"key":"Dream Catcher"},{"floor":46,"key":"Art of War"}],"event_choices":[{"damage_healed":0,"gold_gain":0,"player_choice":"Entered Light","damage_taken":15,"max_hp_gain":0,"max_hp_loss":0,"event_name":"Shining Light","floor":3,"gold_loss":0,"cards_upgraded":["Defend_B","Dualcast"]},{"damage_healed":0,"gold_gain":75,"player_choice":"Gather Gold","damage_taken":11,"max_hp_gain":0,"max_hp_loss":0,"event_name":"World of Goop","floor":4,"gold_loss":0},{"damage_healed":0,"gold_gain":0,"player_choice":"Box","damage_taken":0,"relics_obtained":["Shovel"],"max_hp_gain":0,"max_hp_loss":0,"event_name":"Big Fish","floor":10,"gold_loss":0,"cards_obtained":["Regret"]},{"damage_healed":0,"gold_gain":0,"player_choice":"Ignored","damage_taken":0,"max_hp_gain":0,"max_hp_loss":0,"event_name":"Vampires","floor":21,"gold_loss":0},{"damage_healed":0,"gold_gain":0,"player_choice":"Became a Ghost","damage_taken":0,"max_hp_gain":0,"max_hp_loss":50,"event_name":"Ghosts","floor":29,"gold_loss":0,"cards_obtained":["Ghostly","Ghostly","Ghostly","Ghostly","Ghostly"]},{"cards_removed":["Strike_B"],"damage_healed":0,"gold_gain":0,"player_choice":"Removed Attack","damage_taken":0,"max_hp_gain":0,"max_hp_loss":0,"event_name":"Falling","floor":36,"gold_loss":0},{"damage_healed":0,"gold_gain":0,"player_choice":"Upgrade","damage_taken":0,"relics_obtained":["Mark of the Bloom"],"max_hp_gain":0,"max_hp_loss":0,"event_name":"MindBloom","floor":37,"gold_loss":0,"cards_upgraded":["Defend_B","Defend_B","Zap","Fusion","Undo","Glacier","Darkness","Ghostly","Ghostly","Ghostly","Fission"]},{"damage_healed":0,"gold_gain":0,"player_choice":"Fight","damage_taken":0,"max_hp_gain":0,"max_hp_loss":0,"event_name":"Mysterious Sphere","floor":38,"gold_loss":0},{"damage_healed":0,"gold_gain":0,"player_choice":"Memory 3","damage_taken":10,"max_hp_gain":0,"max_hp_loss":0,"event_name":"SensoryStone","floor":39,"gold_loss":0},{"cards_removed":["Clumsy","Regret"],"damage_healed":0,"gold_gain":0,"player_choice":"Removed Curses","damage_taken":0,"max_hp_gain":0,"max_hp_loss":0,"event_name":"Fountain of Cleansing","floor":41,"gold_loss":0},{"damage_healed":0,"gold_gain":0,"player_choice":"Max HP","damage_taken":0,"max_hp_gain":0,"max_hp_loss":3,"event_name":"Winding Halls","floor":48,"gold_loss":0}],"is_beta":false,"boss_relics":[{"not_picked":["Fusion Hammer","FrozenCore"],"picked":"Nuclear Battery"},{"not_picked":["Astrolabe","Snecko Eye"],"picked":"Calling Bell"}],"items_purged_floors":[5,7,13,22,47],"is_endless":false,"potions_floor_spawned":[1,6,8,11,14,19,25,31,33,35,38,44],"ascension_level":10}