{"path_per_floor":["M","?","?","M","M","E","R","$","T","?","R","E","$","E","R","B",null,"M","?","?","M","?","R"],"character_chosen":"DEFECT","items_purchased":["Pen Nib","Echo Form"],"gold_per_floor":[113,113,113,130,144,169,169,20,73,73,73,98,29,62,62,134,134,145,145,145,163,163,163,163],"floor_reached":24,"campfire_rested":2,"playtime":1279,"current_hp_per_floor":[62,62,59,58,58,32,51,51,51,64,64,61,61,29,29,26,55,46,35,29,29,29,49,0],"items_purged":[],"gold":163,"score":357,"play_id":"ace9465a-96b7-48bf-9ee2-8e8c0ccf2bf3","local_time":"20180509194201","is_prod":false,"is_daily":false,"chose_seed":false,"is_ascension_mode":true,"campfire_upgraded":2,"timestamp":1525912921,"path_taken":["M","?","?","M","M","E","R","$","T","?","R","E","$","E","R","BOSS","M","?","?","?","?","R","E"],"build_version":"2018-05-08","seed_source_timestamp":78243473306282,"purchased_purges":0,"victory":false,"master_deck":["Strike_B","Strike_B","Strike_B","Strike_B","Defend_B","Defend_B","Defend_B","Defend_B","Zap+1","Dualcast","AscendersBane","Chill","Rebound","Leap","Reinforced Body","Reinforced Body","Echo Form+1","Leap","Seek","Streamline","Glacier","White Noise"],"max_hp_per_floor":[64,64,64,64,64,64,64,64,64,64,64,64,64,64,64,64,64,64,69,69,69,69,69,69],"relics":["Cracked Core","Calipers","Lantern","Art of War","Pen Nib","Happy Flower","Pantograph","Dream Catcher","Runic Pyramid"],"card_choices":[{"not_picked":["Sunder","Capacitor"],"picked":"Chill","floor":1},{"not_picked":["Conserve Battery","Steam"],"picked":"Rebound","floor":4},{"not_picked":["Sunder","Stack"],"picked":"Leap","floor":5},{"not_picked":["Barrage","Sweeping Beam"],"picked":"Reinforced Body","floor":6},{"not_picked":["Scrape","Chaos"],"picked":"Reinforced Body","floor":12},{"not_picked":["Gash","Axe Kick"],"picked":"Leap","floor":14},{"not_picked":["Fission","Nova"],"picked":"Seek","floor":16},{"not_picked":["Capacitor","Rip and Tear"],"picked":"Streamline","floor":18},{"not_picked":["Go for the Eyes","Barrage"],"picked":"Glacier","floor":21},{"not_picked":["Rebound","Skim"],"picked":"White Noise","floor":23}],"player_experience":225706,"potions_floor_usage":[6,14,24,24],"damage_taken":[{"damage":2,"enemies":"Jaw Worm","floor":1,"turns":4},{"damage":1,"enemies":"Cultist","floor":4,"turns":4},{"damage":0,"enemies":"2 Louse","floor":5,"turns":2},{"damage":26,"enemies":"Lagavulin","floor":6,"turns":7},{"damage":3,"enemies":"3 Sentries","floor":12,"turns":13},{"damage":32,"enemies":"Gremlin Nob","floor":14,"turns":4},{"damage":28,"enemies":"The Guardian","floor":16,"turns":12},{"damage":9,"enemies":"Shell Parasite","floor":18,"turns":8},{"damage":0,"enemies":"Spheric Guardian","floor":21,"turns":4},{"damage":55,"enemies":"Book of Stabbing","floor":24,"turns":10}],"event_choices":[{"event_name":"Liars Game","player_choice":"disagreed","floor":2,"damage_taken":0},{"event_name":"Scrap Ooze","player_choice":"success","floor":3,"damage_taken":3},{"event_name":"Wheel of Change","player_choice":"Full Heal","floor":10,"damage_taken":0},{"event_name":"Forgotten Altar","player_choice":"Shed Blood","floor":19,"damage_taken":0},{"event_name":"Wheel of Change","player_choice":"Damage","floor":20,"damage_taken":0},{"event_name":"Drug Dealer","player_choice":"Ignored","floor":22,"damage_taken":0}],"boss_relics":[{"not_picked":["Philosopher\u0027s Stone","Velvet Choker"],"picked":"Runic Pyramid"}],"potions_floor_spawned":[1,5,16,18,21],"seed_played":"-4657604801300210798","killed_by":"Book of Stabbing","ascension_level":14,"is_trial":false}