{"gold_per_floor":[118,118,131,131,131,159,178,206,206,218,218,245,261,261,261,338,338,348,360,36,36,36,36],"floor_reached":23,"playtime":914,"items_purged":[],"score":445,"play_id":"edabd02e-611a-41d7-a90a-6ad14cc6aa3d","local_time":"20190607065424","is_ascension_mode":true,"campfire_choices":[{"floor":11.0,"key":"REST"},{"floor":15.0,"key":"REST"}],"neow_cost":"NONE","seed_source_timestamp":462469371421746,"circlet_count":0,"master_deck":["AscendersBane","Defend_G","Defend_G","Defend_G","Strike_G","Strike_G","Survivor","Neutralize","PiercingWail","Masterful Stab","Dodge and Roll","Noxious Fumes","Noxious Fumes","Escape Plan","All Out Attack","Malaise","Blade Dance+1","Tactician+1","Distraction+1","Prepared","Noxious Fumes","RitualDagger"],"special_seed":0,"relics":["Ring of the Snake","NeowsBlessing","Mercury Hourglass","Pear","StoneCalendar","Sundial","Blood Vial","Astrolabe","Singing Bowl"],"potions_floor_usage":[],"damage_taken":[{"damage":0.0,"enemies":"Small Slimes","floor":1.0,"turns":1.0},{"damage":0.0,"enemies":"Jaw Worm","floor":3.0,"turns":1.0},{"damage":0.0,"enemies":"Lagavulin","floor":6.0,"turns":1.0},{"damage":0.0,"enemies":"2 Louse","floor":7.0,"turns":3.0},{"damage":21.0,"enemies":"Gremlin Nob","floor":8.0,"turns":4.0},{"damage":17.0,"enemies":"Gremlin Gang","floor":10.0,"turns":4.0},{"damage":26.0,"enemies":"Lagavulin","floor":12.0,"turns":7.0},{"damage":0.0,"enemies":"Blue Slaver","floor":13.0,"turns":4.0},{"damage":22.0,"enemies":"The Guardian","floor":16.0,"turns":10.0},{"damage":1,"enemies":"3 Byrds","floor":18,"turns":5},{"damage":10,"enemies":"Spheric Guardian","floor":19,"turns":5},{"damage":53,"enemies":"Book of Stabbing","floor":23,"turns":5}],"seed_played":"5091387479811153901","potions_obtained":[{"floor":1.0,"key":"Swift Potion"},{"floor":6.0,"key":"SteroidPotion"},{"floor":12.0,"key":"EssenceOfSteel"},{"floor":13.0,"key":"Regen Potion"}],"is_trial":false,"path_per_floor":["M","?","M","?","?","E","M","E","T","M","R","E","M","?","R","B",null,"M","M","$","?","?","E"],"character_chosen":"THE_SILENT","items_purchased":["Noxious Fumes","Singing Bowl"],"campfire_rested":2,"item_purchase_floors":[20,20],"current_hp_per_floor":[59,41,41,41,41,51,51,30,30,13,35,9,11,4,26,21,62,63,55,55,55,49,0],"gold":36,"neow_bonus":"THREE_ENEMY_KILL","is_prod":false,"is_daily":false,"chose_seed":false,"campfire_upgraded":0,"win_rate":0,"timestamp":1559861664,"path_taken":["M","?","M","?","?","E","M","E","T","?","R","E","M","?","R","BOSS","M","M","$","?","?","E"],"build_version":"2019-01-23","purchased_purges":0,"victory":false,"max_hp_per_floor":[66,66,66,66,66,76,76,76,76,76,76,76,76,76,76,76,76,76,76,76,76,76,76],"card_choices":[{"not_picked":["Tactician","Dagger Throw","Setup"],"picked":"SKIP","floor":1.0},{"not_picked":["Bane","Underhanded Strike"],"picked":"PiercingWail","floor":3.0},{"not_picked":["Underhanded Strike","Night Terror"],"picked":"Dodge and Roll","floor":6.0},{"not_picked":["Prepared","Masterful Stab"],"picked":"Noxious Fumes","floor":7.0},{"not_picked":["Accuracy","Slice"],"picked":"Noxious Fumes","floor":8.0},{"not_picked":["Quick Slash","Poisoned Stab"],"picked":"Escape Plan","floor":10.0},{"not_picked":["Reflex","Outmaneuver","Underhanded Strike"],"picked":"SKIP","floor":12.0},{"not_picked":["Flechettes","Prepared"],"picked":"All Out Attack","floor":13.0},{"not_picked":["Burst","Grand Finale"],"picked":"Malaise","floor":16.0},{"not_picked":["Quick Slash","Finisher","Sucker Punch+1"],"picked":"SKIP","floor":18},{"not_picked":["Endless Agony","Quick Slash+1"],"picked":"Prepared","floor":19}],"player_experience":649515,"relics_obtained":[{"floor":6.0,"key":"Pear"},{"floor":8.0,"key":"StoneCalendar"},{"floor":9.0,"key":"Sundial"},{"floor":12.0,"key":"Blood Vial"}],"event_choices":[{"damage_healed":0.0,"max_hp_gain":0.0,"max_hp_loss":0.0,"gold_gain":0.0,"event_name":"Scrap Ooze","player_choice":"Success","floor":2.0,"gold_loss":0.0,"damage_taken":18.0,"relics_obtained":["Mercury Hourglass"]},{"damage_healed":0.0,"max_hp_gain":0.0,"max_hp_loss":0.0,"gold_gain":0.0,"event_name":"Liars Game","player_choice":"Ignored","floor":4.0,"gold_loss":0.0,"damage_taken":0.0},{"damage_healed":0.0,"max_hp_gain":0.0,"max_hp_loss":0.0,"gold_gain":0.0,"cards_transformed":["Strike_G"],"event_name":"Transmorgrifier","player_choice":"Transformed","floor":5.0,"gold_loss":0.0,"damage_taken":0.0,"cards_obtained":["Masterful Stab"]},{"cards_removed":["Defend_G"],"damage_healed":0.0,"max_hp_gain":0.0,"max_hp_loss":0.0,"gold_gain":0.0,"event_name":"Golden Wing","player_choice":"Card Removal","floor":14.0,"gold_loss":0.0,"damage_taken":7.0},{"damage_healed":0,"gold_gain":0,"player_choice":"Ignored","damage_taken":0,"max_hp_gain":0,"max_hp_loss":0,"event_name":"Ghosts","floor":21,"gold_loss":0},{"damage_healed":0,"gold_gain":0,"player_choice":"Joined the Cult","damage_taken":6,"max_hp_gain":0,"max_hp_loss":0,"event_name":"Nest","floor":22,"gold_loss":0,"cards_obtained":["RitualDagger"]}],"is_beta":false,"boss_relics":[{"not_picked":["HoveringKite","Black Star"],"picked":"Astrolabe"}],"items_purged_floors":[],"is_endless":false,"potions_floor_spawned":[1,6,12,13],"killed_by":"Book of Stabbing","ascension_level":18}