{"gold_per_floor":[115,115,40,58,58,77,77,92,92,108,108,136,147,182,182,287,287,301,201,201,215,215,245,245,145,171,185,203,213,213,229,229,330,330,343,353,233,248,261,261,295,295,295,330,348,363,363,363,363,363],"floor_reached":51,"playtime":7930,"items_purged":["Strike_G","Strike_G","Defend_G","Bane"],"score":766,"play_id":"b4af63c0-e763-427e-a55c-eab2cd8d51b9","local_time":"20180813113103","is_ascension_mode":false,"campfire_choices":[{"data":"Blade Dance","floor":7.0,"key":"SMITH"},{"data":"Dash","floor":11.0,"key":"SMITH"},{"data":"Choke","floor":15.0,"key":"SMITH"},{"floor":24.0,"key":"REST"},{"data":"Adrenaline","floor":30.0,"key":"SMITH"},{"data":"Tools of the Trade","floor":32.0,"key":"SMITH"},{"data":"Blade Dance","floor":40.0,"key":"SMITH"},{"data":"Cloak And Dagger","floor":42.0,"key":"SMITH"},{"data":"Prepared","floor":47,"key":"SMITH"},{"floor":49,"key":"REST"}],"neow_cost":"NONE","seed_source_timestamp":0,"circlet_count":0,"master_deck":["Survivor","Neutralize","Slice+1","Blade Dance+1","Escape Plan","Dash+1","Deflect","Choke+1","Prepared+1","Adrenaline+1","Cloak And Dagger","Calculated Gamble","Cloak And Dagger","Cloak And Dagger+1","Blur","Bite","Bite","Bite","Bite","Bite+1","Tools of the Trade+1","Blade Dance+1","After Image","Deflect","Flechettes","Escape Plan+1","Tactician+1","Escape Plan","Tactician+1","Acrobatics+1","Backflip+1","Backflip+1","Madness","Madness","Concentrate+1"],"special_seed":0,"relics":["Ring of the Snake","Pantograph","Gremlin Horn","Anchor","Orrery","The Courier","Kunai","Whetstone","Pandora\u0027s Box","Omamori","Molten Egg 2","Dream Catcher"],"potions_floor_usage":[50],"damage_taken":[{"damage":0.0,"enemies":"2 Louse","floor":1.0,"turns":4.0},{"damage":2.0,"enemies":"Small Slimes","floor":4.0,"turns":4.0},{"damage":0.0,"enemies":"Cultist","floor":6.0,"turns":3.0},{"damage":1.0,"enemies":"Red Slaver","floor":8.0,"turns":5.0},{"damage":10.0,"enemies":"Lots of Slimes","floor":10.0,"turns":5.0},{"damage":9.0,"enemies":"3 Sentries","floor":12.0,"turns":9.0},{"damage":0.0,"enemies":"Gremlin Gang","floor":13.0,"turns":3.0},{"damage":16.0,"enemies":"Lagavulin","floor":14.0,"turns":6.0},{"damage":33.0,"enemies":"The Guardian","floor":16.0,"turns":14.0},{"damage":0.0,"enemies":"3 Byrds","floor":18.0,"turns":4.0},{"damage":0.0,"enemies":"Shell Parasite","floor":21.0,"turns":5.0},{"damage":55.0,"enemies":"Slavers","floor":23.0,"turns":11.0},{"damage":3.0,"enemies":"Snake Plant","floor":27.0,"turns":4.0},{"damage":8.0,"enemies":"Snecko","floor":28.0,"turns":5.0},{"damage":7.0,"enemies":"3 Cultists","floor":29.0,"turns":4.0},{"damage":0.0,"enemies":"Snake Plant","floor":31.0,"turns":3.0},{"damage":58.0,"enemies":"Automaton","floor":33.0,"turns":19.0},{"damage":11.0,"enemies":"3 Darklings","floor":35.0,"turns":8.0},{"damage":0.0,"enemies":"Orb Walker","floor":36.0,"turns":4.0},{"damage":10.0,"enemies":"3 Darklings","floor":38.0,"turns":7.0},{"damage":0.0,"enemies":"Maw","floor":39.0,"turns":8.0},{"damage":26.0,"enemies":"Nemesis","floor":41.0,"turns":11.0},{"damage":46,"enemies":"Giant Head","floor":44,"turns":13},{"damage":0,"enemies":"4 Shapes","floor":45,"turns":6},{"damage":10,"enemies":"Spire Growth","floor":46,"turns":8},{"damage":55,"enemies":"Awakened One","floor":50,"turns":50}],"seed_played":"-6544537412950674597","potions_obtained":[{"floor":6.0,"key":"Poison Potion"},{"floor":10.0,"key":"SmokeBomb"},{"floor":23.0,"key":"Block Potion"},{"floor":27.0,"key":"SteroidPotion"},{"floor":31.0,"key":"FearPotion"},{"floor":33.0,"key":"Energy Potion"},{"floor":36.0,"key":"AttackPotion"},{"floor":39.0,"key":"PowerPotion"},{"floor":46,"key":"Block Potion"}],"is_trial":false,"path_per_floor":["M","?","$","M","$","M","R","M","T","M","R","E","M","E","R","B",null,"M","$","?","M","?","E","R","$","T","M","M","M","R","M","R","B",null,"M","M","$","M","M","R","E","R","T","E","M","M","R","?","R","B"],"character_chosen":"THE_SILENT","items_purchased":[],"campfire_rested":2,"item_purchase_floors":[],"current_hp_per_floor":[77,77,77,75,75,75,75,74,74,64,64,55,55,39,39,31,77,77,77,77,77,53,8,23,23,23,29,26,28,28,35,35,17,53,53,53,53,48,53,53,43,43,43,11,27,25,25,18,33,53],"gold":363,"neow_bonus":"TEN_PERCENT_HP_BONUS","is_prod":false,"is_daily":false,"chose_seed":false,"campfire_upgraded":8,"win_rate":0,"timestamp":1534131063,"path_taken":["M","?","$","?","?","M","R","M","T","?","R","E","?","E","R","BOSS","M","$","?","M","?","E","R","?","T","M","M","M","R","M","R","BOSS","M","M","$","M","M","R","E","R","T","E","M","M","R","?","R","BOSS"],"build_version":"2018-08-09","purchased_purges":4,"victory":true,"max_hp_per_floor":[77,77,77,77,77,77,77,77,77,77,77,77,77,77,77,77,77,77,77,77,77,53,53,53,53,53,53,53,53,53,53,53,53,53,53,53,53,53,53,53,53,53,53,53,53,53,53,53,53,53],"card_choices":[{"not_picked":["Dodge and Roll","Dagger Throw"],"picked":"Slice","floor":1.0},{"not_picked":["Dagger Spray","Dagger Throw"],"picked":"Blade Dance","floor":4.0},{"not_picked":["Concentrate","Underhanded Strike"],"picked":"Escape Plan","floor":6.0},{"not_picked":["Slice","Sucker Punch"],"picked":"Dash","floor":8.0},{"not_picked":["Deadly Poison","Expertise"],"picked":"Deflect","floor":10.0},{"not_picked":["Grand Finale","Crippling Poison"],"picked":"Choke","floor":12.0},{"not_picked":["Setup","Predator","Dash"],"picked":"SKIP","floor":13.0},{"not_picked":["Catalyst","Bane"],"picked":"Prepared","floor":14.0},{"not_picked":["Storm of Steel","Glass Knife"],"picked":"Adrenaline","floor":16.0},{"not_picked":["Bane","Flying Knee"],"picked":"Cloak And Dagger","floor":17.0},{"not_picked":["Eviscerate","Tactician"],"picked":"Calculated Gamble","floor":17.0},{"not_picked":["Backflip","Flying Knee"],"picked":"Cloak And Dagger","floor":17.0},{"not_picked":["Terror","Backstab"],"picked":"Cloak And Dagger","floor":17.0},{"not_picked":["Masterful Stab","Distraction"],"picked":"Blur","floor":18.0},{"not_picked":["Quick Slash","Bane+1","Backflip"],"picked":"SKIP","floor":21.0},{"not_picked":["Noxious Fumes","Flechettes","Underhanded Strike"],"picked":"SKIP","floor":23.0},{"not_picked":["Skewer","Quick Slash","Poisoned Stab"],"picked":"SKIP","floor":27.0},{"not_picked":["Flechettes","Endless Agony"],"picked":"Tools of the Trade","floor":28.0},{"not_picked":["Predator+1","Deadly Poison"],"picked":"Blade Dance","floor":29.0},{"not_picked":["Riddle With Holes+1","Deadly Poison","Dagger Throw"],"picked":"SKIP","floor":31.0},{"not_picked":["Doppelganger","Venomology"],"picked":"After Image","floor":33.0},{"not_picked":["Endless Agony+1","Backflip","Footwork"],"picked":"SKIP","floor":35.0},{"not_picked":["Expertise+1","Eviscerate"],"picked":"Escape Plan+1","floor":36.0},{"not_picked":["Quick Slash","Cloak And Dagger"],"picked":"Tactician+1","floor":38.0},{"not_picked":["Blade Dance+1","Backflip+1"],"picked":"Escape Plan","floor":39.0},{"not_picked":["Catalyst+1","Acrobatics"],"picked":"Tactician+1","floor":41.0},{"not_picked":["Grand Finale+1","Dagger Throw+1"],"picked":"Acrobatics+1","floor":44},{"not_picked":["Backstab+1","Leg Sweep+1"],"picked":"Backflip+1","floor":45},{"not_picked":["Sucker Punch+1","Deflect+1"],"picked":"Backflip+1","floor":46},{"not_picked":["Expertise+1","Backflip+1"],"picked":"Concentrate+1","floor":49}],"player_experience":393840,"relics_obtained":[{"floor":9.0,"key":"Pantograph"},{"floor":12.0,"key":"Gremlin Horn"},{"floor":14.0,"key":"Anchor"},{"floor":23.0,"key":"Kunai"},{"floor":26.0,"key":"Whetstone"},{"floor":41.0,"key":"Omamori"},{"floor":43.0,"key":"Molten Egg 2"},{"floor":44,"key":"Dream Catcher"}],"event_choices":[{"event_name":"Living Wall","player_choice":"Forget","floor":2.0,"damage_taken":0.0},{"event_name":"WeMeetAgain","player_choice":"Potion","floor":20.0,"damage_taken":0.0},{"event_name":"Vampires","player_choice":"Became a vampire","floor":22.0,"damage_taken":0.0},{"event_name":"Winding Halls","player_choice":"Embrace Madness","floor":48,"damage_taken":0}],"is_beta":false,"boss_relics":[{"not_picked":["Philosopher\u0027s Stone","Calling Bell"],"picked":"Orrery"},{"not_picked":["Snecko Eye","Fusion Hammer"],"picked":"Pandora\u0027s Box"}],"items_purged_floors":[3,19,25,37],"is_endless":false,"potions_floor_spawned":[6,10,23,27,31,33,36,39,46],"ascension_level":0}