{"gold_per_floor":[117,87,31,3,22,48,66,66,66,79,79,105,105,125,125,125],"floor_reached":16,"playtime":519,"items_purged":[],"score":209,"play_id":"3f9b10a2-5eb9-4f98-915e-bfb4ebafa9cf","local_time":"20190607071503","is_ascension_mode":true,"campfire_choices":[{"floor":8.0,"key":"REST"},{"data":"Cloak And Dagger","floor":13,"key":"SMITH"},{"floor":15,"key":"REST"}],"neow_cost":"NONE","seed_source_timestamp":464119672552594,"circlet_count":0,"master_deck":["AscendersBane","Defend_G","Defend_G","Defend_G","Defend_G","Defend_G","Strike_G","Strike_G","Strike_G","Strike_G","Strike_G","Survivor","Neutralize+1","Well Laid Plans","Cloak And Dagger+1","Slice","Cloak And Dagger","Backstab","Backstab","Catalyst"],"special_seed":0,"relics":["Ring of the Snake","Vajra","Ornamental Fan","Pen Nib","Snake Skull"],"potions_floor_usage":[12],"damage_taken":[{"damage":4.0,"enemies":"Jaw Worm","floor":1.0,"turns":4.0},{"damage":0.0,"enemies":"Cultist","floor":5.0,"turns":4.0},{"damage":47.0,"enemies":"Lagavulin","floor":6.0,"turns":9.0},{"damage":0.0,"enemies":"2 Louse","floor":7.0,"turns":2.0},{"damage":1.0,"enemies":"Exordium Thugs","floor":10.0,"turns":3.0},{"damage":5,"enemies":"Gremlin Nob","floor":12,"turns":3},{"damage":1,"enemies":"Large Slime","floor":14,"turns":6},{"damage":54,"enemies":"Slime Boss","floor":16,"turns":7}],"seed_played":"2576896352889393927","potions_obtained":[{"floor":1.0,"key":"SpeedPotion"},{"floor":2.0,"key":"Block Potion"},{"floor":2.0,"key":"Energy Potion"},{"floor":10.0,"key":"Strength Potion"}],"is_trial":false,"path_per_floor":["M","?","$","$","M","E","M","R","T","M","?","E","R","M","R","B"],"character_chosen":"THE_SILENT","items_purchased":["Cloak And Dagger","Slice"],"campfire_rested":2,"item_purchase_floors":[3,4],"current_hp_per_floor":[55,55,55,55,55,8,8,27,27,26,26,21,21,20,39,0],"gold":125,"neow_bonus":"RANDOM_COMMON_RELIC","is_prod":false,"is_daily":false,"chose_seed":false,"campfire_upgraded":1,"win_rate":0,"timestamp":1559862903,"path_taken":["M","?","?","$","M","E","M","R","T","?","?","E","R","M","R","BOSS"],"build_version":"2019-01-23","purchased_purges":0,"victory":false,"max_hp_per_floor":[66,66,66,66,66,66,66,66,66,66,66,66,66,66,66,66],"card_choices":[{"not_picked":["Endless Agony","Dagger Throw"],"picked":"Well Laid Plans","floor":1.0},{"not_picked":["Finisher","Poisoned Stab"],"picked":"Cloak And Dagger","floor":5.0},{"not_picked":["Bane","Terror"],"picked":"Backstab","floor":6.0},{"not_picked":["Dagger Throw","Setup","Sucker Punch"],"picked":"SKIP","floor":7.0},{"not_picked":["Well Laid Plans","Bane","Deadly Poison"],"picked":"SKIP","floor":10.0},{"not_picked":["Setup","Deflect"],"picked":"Backstab","floor":12},{"not_picked":["PiercingWail","Leg Sweep"],"picked":"Catalyst","floor":14}],"player_experience":651058,"relics_obtained":[{"floor":6.0,"key":"Ornamental Fan"},{"floor":9.0,"key":"Pen Nib"},{"floor":12,"key":"Snake Skull"}],"event_choices":[{"damage_healed":0.0,"max_hp_gain":0.0,"max_hp_loss":0.0,"gold_gain":0.0,"event_name":"The Woman in Blue","player_choice":"Bought 2 Potions","floor":2.0,"gold_loss":0.0,"damage_taken":0.0},{"damage_healed":0.0,"max_hp_gain":0.0,"max_hp_loss":0.0,"gold_gain":0.0,"event_name":"Upgrade Shrine","player_choice":"Upgraded","floor":11.0,"gold_loss":0.0,"damage_taken":0.0,"cards_upgraded":["Neutralize"]}],"is_beta":false,"boss_relics":[],"items_purged_floors":[],"is_endless":false,"potions_floor_spawned":[1,10],"killed_by":"Slime Boss","ascension_level":18}