{"path_per_floor":["M","M","$","M","M","R","?","?","T","M","$","?","R","M","R","B",null,"M","?","$","M","M","R","M","R","T","M","M","$"],"character_chosen":"DEFECT","items_purchased":["Calipers","Chaos"],"gold_per_floor":[111,126,126,142,153,153,328,328,378,391,5,5,5,25,25,122,122,110,110,35,50,67,67,79,79,103,113,125,25,25],"floor_reached":30,"campfire_rested":1,"playtime":1738,"current_hp_per_floor":[74,65,65,65,64,64,64,64,64,58,58,43,43,39,39,29,75,58,75,75,66,44,44,14,36,36,23,15,15,0],"items_purged":["Doubt","Strike_B"],"gold":25,"score":258,"play_id":"74587b6c-b576-4c4e-8de8-cc239830e428","local_time":"20180427214711","is_prod":false,"is_daily":false,"chose_seed":false,"is_ascension_mode":true,"campfire_upgraded":4,"timestamp":1524883631,"path_taken":["M","M","$","M","M","R","?","?","T","M","$","?","R","M","R","BOSS","M","?","$","M","M","R","M","R","T","M","M","?","E"],"build_version":"2018-04-26v2","seed_source_timestamp":35058384590647,"purchased_purges":2,"victory":false,"master_deck":["Strike_B","Strike_B+1","Defend_B","Defend_B","Defend_B","Defend_B","Zap","Dualcast","Impulse+1","Leap+1","Defragment+1","Leap","Reinforced Body+1","White Noise","Chaos+1","Allocate","Impulse+1","Leap+1"],"max_hp_per_floor":[75,75,75,75,75,75,75,75,75,75,75,75,75,75,75,75,75,75,75,75,75,75,75,75,75,75,75,75,75,75],"relics":["Cracked Core","Juzu Bracelet","Blood Vial","Calipers","Velvet Choker","Bronze Scales"],"card_choices":[{"not_picked":["Conserve Battery","Capacitor"],"picked":"Leap","floor":1},{"not_picked":["Rip and Tear","Genetic Algorithm"],"picked":"Defragment","floor":4},{"not_picked":["Gash","Double Energy"],"picked":"Leap","floor":5},{"not_picked":["Blaster","Streamline"],"picked":"Reinforced Body","floor":10},{"not_picked":["Stack","Rebound"],"picked":"White Noise","floor":14},{"not_picked":["Ball Lightning","Cold Snap"],"picked":"Allocate","floor":24},{"not_picked":["Hologram","Sweeping Beam"],"picked":"Impulse","floor":27},{"not_picked":["Fission","Impulse"],"picked":"Leap","floor":28}],"player_experience":59432,"potions_floor_usage":[5,16,16,16],"damage_taken":[{"damage":1,"enemies":"Cultist","floor":1,"turns":3},{"damage":9,"enemies":"Jaw Worm","floor":2,"turns":4},{"damage":0,"enemies":"2 Louse","floor":4,"turns":3},{"damage":1,"enemies":"2 Fungi Beasts","floor":5,"turns":3},{"damage":8,"enemies":"Looter","floor":10,"turns":4},{"damage":6,"enemies":"Exordium Thugs","floor":14,"turns":5},{"damage":12,"enemies":"Slime Boss","floor":16,"turns":7},{"damage":17,"enemies":"2 Thieves","floor":18,"turns":4},{"damage":9,"enemies":"3 Byrds","floor":21,"turns":4},{"damage":24,"enemies":"Centurion and Healer","floor":22,"turns":8},{"damage":32,"enemies":"Cultist and Chosen","floor":24,"turns":9},{"damage":15,"enemies":"Snecko","floor":27,"turns":5},{"damage":10,"enemies":"Snake Plant","floor":28,"turns":5},{"damage":19,"enemies":"Book of Stabbing","floor":30,"turns":5}],"event_choices":[{"event_name":"Liars Game","player_choice":"agreed","floor":7,"damage_taken":0},{"event_name":"Dead Adventurer","player_choice":"Searched \u00272\u0027 times","floor":8,"damage_taken":0},{"event_name":"Shining Light","player_choice":"Entered Light","floor":12,"damage_taken":0},{"event_name":"The Library","player_choice":"Heal","floor":19,"damage_taken":0}],"boss_relics":[{"not_picked":["Black Star","Lizard Tail"],"picked":"Velvet Choker"}],"potions_floor_spawned":[1,5,10,14,21,27],"seed_played":"-4714236639959777345","killed_by":"Book of Stabbing","ascension_level":3,"is_trial":false}