{"gold_per_floor":[119,119,69,69,69,69,86,86,156,191,191,291,216,236,236,337,337,347,247,247,257,257,257,285,302,328,203,203,153,3,13,13,115,115,129,129,129,129,144,144,42,42,42,0,0,52,52,62,62,62],"floor_reached":51,"playtime":1964,"items_purged":["Strike_R","Strike_R+1","Strike_R","Strike_R"],"score":780,"play_id":"479b44eb-0d0b-4f74-b3ec-53da51738614","local_time":"20180817081248","is_ascension_mode":false,"campfire_choices":[{"data":"Bash","floor":6,"key":"SMITH"},{"data":"Defend_R","floor":8,"key":"SMITH"},{"data":"Defend_R","floor":15,"key":"SMITH"},{"data":"Rampage","floor":23,"key":"SMITH"},{"floor":32,"key":"REST"},{"data":"Fiend Fire","floor":42,"key":"SMITH"},{"floor":49,"key":"REST"}],"neow_cost":"","seed_source_timestamp":86143925491157,"circlet_count":0,"master_deck":["Strike_R","Defend_R+1","Defend_R+1","Defend_R+1","Bash+1","Pommel Strike+1","Rampage+1","Fiend Fire+1","Shrug It Off+1","Writhe","Finesse+1"],"relics":["Black Blood","Juzu Bracelet","Dodecahedron","Lantern","Runic Pyramid","CultistMask","Toxic Egg 2","War Paint","Ginger","Shuriken","Red Mask","Unceasing Top"],"potions_floor_usage":[16,24,24,35],"damage_taken":[{"damage":2,"enemies":"2 Louse","floor":1,"turns":3},{"damage":5,"enemies":"Small Slimes","floor":7,"turns":4},{"damage":36,"enemies":"Lagavulin","floor":10,"turns":6},{"damage":6,"enemies":"Cultist","floor":14,"turns":3},{"damage":27,"enemies":"The Guardian","floor":16,"turns":11},{"damage":0,"enemies":"Shell Parasite","floor":18,"turns":10},{"damage":8,"enemies":"Spheric Guardian","floor":21,"turns":4},{"damage":52,"enemies":"Slavers","floor":24,"turns":7},{"damage":30,"enemies":"Snecko","floor":25,"turns":4},{"damage":0,"enemies":"Chosen and Byrds","floor":31,"turns":4},{"damage":26,"enemies":"Champ","floor":33,"turns":7},{"damage":9,"enemies":"3 Darklings","floor":35,"turns":6},{"damage":50,"enemies":"3 Shapes","floor":39,"turns":4},{"damage":6,"floor":40,"turns":6},{"damage":31,"floor":46,"turns":6},{"damage":4,"enemies":"Transient","floor":48,"turns":5},{"damage":48,"enemies":"Time Eater","floor":50,"turns":8}],"seed_played":"4114104371178519688","potions_obtained":[{"floor":14,"key":"PowerPotion"},{"floor":16,"key":"Strength Potion"},{"floor":18,"key":"Regen Potion"},{"floor":25,"key":"SteroidPotion"},{"floor":33,"key":"Block Potion"},{"floor":35,"key":"Strength Potion"}],"is_trial":false,"path_per_floor":["M","?","?","?","?","R","M","R","T","E","?","?","$","M","R","B",null,"M","$","?","M","?","R","E","M","T","$","?","?","$","M","R","B",null,"M","?","?","?","M","?","$","R","T","?","$","?","$","M","R","B"],"character_chosen":"IRONCLAD","items_purchased":["Finesse+1"],"campfire_rested":2,"item_purchase_floors":[41],"current_hp_per_floor":[80,85,85,85,85,85,85,85,85,55,38,38,38,38,38,17,85,85,85,85,83,83,83,52,28,28,28,28,28,28,34,59,39,85,85,85,85,85,45,49,49,49,49,49,49,28,28,34,59,21],"gold":62,"neow_bonus":"","is_prod":false,"is_daily":false,"chose_seed":false,"campfire_upgraded":5,"win_rate":0,"timestamp":1534464768,"path_taken":["M","?","?","?","?","R","M","R","T","E","?","?","$","M","R","BOSS","M","$","?","M","?","R","E","M","T","$","?","?","$","M","R","BOSS","M","?","?","?","M","?","$","R","T","?","$","?","?","M","R","BOSS"],"build_version":"2018-08-09","purchased_purges":4,"victory":true,"max_hp_per_floor":[80,85,85,85,85,85,85,85,85,85,85,85,85,85,85,85,85,85,85,85,85,85,85,85,85,85,85,85,85,85,85,85,85,85,85,85,85,85,85,85,85,85,85,85,85,85,85,85,85,85],"card_choices":[{"not_picked":["Wild Strike","Sword Boomerang","Havoc"],"picked":"SKIP","floor":1},{"not_picked":["Heavy Blade","Wild Strike","Evolve"],"picked":"SKIP","floor":7},{"not_picked":["Clothesline","Reckless Charge"],"picked":"Pommel Strike","floor":10},{"not_picked":["Bloodletting","Ghostly Armor","Clash"],"picked":"SKIP","floor":14},{"not_picked":["Rupture","Flex+1","Fire Breathing"],"picked":"SKIP","floor":18},{"not_picked":["Burning Pact","Perfected Strike+1","Spot Weakness+1"],"picked":"SKIP","floor":21},{"not_picked":["Thunderclap+1","Heavy Blade"],"picked":"Fiend Fire","floor":24},{"not_picked":["Disarm+1","Clothesline"],"picked":"Shrug It Off+1","floor":25},{"not_picked":["Anger+1","Armaments+1","Sword Boomerang"],"picked":"SKIP","floor":31},{"not_picked":["Metallicize","Evolve","Pommel Strike+1"],"picked":"SKIP","floor":35},{"not_picked":["Cleave+1","Shrug It Off+1","Anger+1"],"picked":"SKIP","floor":39},{"not_picked":["Ghostly Armor+1","Blood for Blood+1","Sword Boomerang"],"picked":"SKIP","floor":48}],"player_experience":487899,"relics_obtained":[{"floor":9,"key":"Dodecahedron"},{"floor":10,"key":"Lantern"},{"floor":24,"key":"Toxic Egg 2"},{"floor":26,"key":"War Paint"},{"floor":40,"key":"Ginger"},{"floor":43,"key":"Shuriken"},{"floor":46,"key":"Unceasing Top"}],"event_choices":[{"event_name":"Big Fish","player_choice":"Donut","floor":2,"damage_taken":0},{"event_name":"WeMeetAgain","player_choice":"Gold","floor":3,"damage_taken":0},{"event_name":"Liars Game","player_choice":"disagreed","floor":4,"damage_taken":0},{"event_name":"The Woman in Blue","player_choice":"Bought 0 Potions","floor":5,"damage_taken":0},{"event_name":"Shining Light","player_choice":"Entered Light","floor":11,"damage_taken":0},{"event_name":"Golden Shrine","player_choice":"Pray","floor":12,"damage_taken":0},{"event_name":"The Library","player_choice":"Read","floor":20,"damage_taken":0},{"event_name":"FaceTrader","player_choice":"Trade","floor":22,"damage_taken":0},{"event_name":"Addict","player_choice":"Ignored","floor":28,"damage_taken":0},{"event_name":"The Joust","player_choice":"Bet on Owner","floor":29,"damage_taken":0},{"event_name":"Falling","player_choice":"Removed Skill","floor":36,"damage_taken":0},{"event_name":"Winding Halls","player_choice":"Writhe","floor":37,"damage_taken":0},{"event_name":"SensoryStone","player_choice":"Memory 1","floor":38,"damage_taken":0},{"event_name":"MindBloom","player_choice":"Fight","floor":40,"damage_taken":0},{"event_name":"Tomb of Lord Red Mask","player_choice":"Paid","floor":44,"damage_taken":0},{"event_name":"Mysterious Sphere","player_choice":"Fight","floor":46,"damage_taken":0}],"is_beta":false,"boss_relics":[{"not_picked":["Snecko Eye","Fusion Hammer"],"picked":"Runic Pyramid"},{"not_picked":["Mark of Pain","Lizard Tail"],"picked":"Black Blood"}],"items_purged_floors":[13,19,27,30],"is_endless":false,"potions_floor_spawned":[14,16,18,25,33,35],"ascension_level":0}