{"gold_per_floor":[111,36,56,9,9,36,48,78,78,93,93,111,111,123,123,226,226,236,82,98,116,131,131,158,170,170,120,35,35,69,99,99,196,196,215,96,96,112,128,128,157,175,175,175,191,205,115,134,134,134],"floor_reached":50,"playtime":5292,"items_purged":["Strike_B","Pain","Shame","Defend_B"],"score":577,"play_id":"c390c49d-f3f9-4676-8b87-94e6dba8f5ef","local_time":"20190612181026","is_ascension_mode":true,"campfire_choices":[{"floor":11.0,"key":"REST"},{"floor":15.0,"key":"REST"},{"floor":23.0,"key":"REST"},{"floor":29.0,"key":"REST"},{"floor":32.0,"key":"REST"},{"data":"Beam Cell","floor":40,"key":"SMITH"},{"floor":44,"key":"REST"},{"floor":49,"key":"REST"}],"neow_cost":"NONE","seed_source_timestamp":0,"circlet_count":0,"master_deck":["Strike_B","Strike_B","Strike_B","Defend_B","Defend_B","Defend_B","Zap+1","Dualcast","Conserve Battery","Sweeping Beam","Gash","Leap+1","Rebound","Coolheaded+1","Hologram+1","Rebound+1","Go for the Eyes","Coolheaded+1","Hologram+1","Gash+1","Leap+1","Hologram+1","Conserve Battery+1","Gash","Rebound","Beam Cell+1","Hologram+1","Leap+1"],"special_seed":0,"relics":["Cracked Core","Blue Candle","Toxic Egg 2","Cables","WarpedTongs","Cursed Key","Calipers","Smiling Mask","Anchor","DataDisk","Red Mask","Orrery","Meat on the Bone","Pantograph"],"potions_floor_usage":[41,50,50],"damage_taken":[{"damage":3.0,"enemies":"Small Slimes","floor":1.0,"turns":3.0},{"damage":1.0,"enemies":"Cultist","floor":3.0,"turns":3.0},{"damage":36.0,"enemies":"Lagavulin","floor":6.0,"turns":7.0},{"damage":2.0,"enemies":"2 Louse","floor":7.0,"turns":2.0},{"damage":34.0,"enemies":"Gremlin Nob","floor":8.0,"turns":4.0},{"damage":5.0,"enemies":"Gremlin Gang","floor":10.0,"turns":3.0},{"damage":1.0,"enemies":"3 Louse","floor":12.0,"turns":3.0},{"damage":4.0,"enemies":"Large Slime","floor":14.0,"turns":4.0},{"damage":12.0,"enemies":"Hexaghost","floor":16.0,"turns":11.0},{"damage":9.0,"enemies":"Spheric Guardian","floor":18.0,"turns":6.0},{"damage":12.0,"enemies":"2 Thieves","floor":20.0,"turns":4.0},{"damage":5.0,"enemies":"Centurion and Healer","floor":21.0,"turns":7.0},{"damage":11.0,"enemies":"Shelled Parasite and Fungi","floor":22.0,"turns":6.0},{"damage":15.0,"enemies":"Book of Stabbing","floor":24.0,"turns":6.0},{"damage":3.0,"enemies":"Snecko","floor":25.0,"turns":6.0},{"damage":23.0,"enemies":"Slavers","floor":30.0,"turns":7.0},{"damage":13.0,"enemies":"Masked Bandits","floor":31.0,"turns":4.0},{"damage":40.0,"enemies":"Automaton","floor":33.0,"turns":14.0},{"damage":0.0,"enemies":"3 Darklings","floor":35.0,"turns":8.0},{"damage":0.0,"enemies":"3 Shapes","floor":38.0,"turns":5.0},{"damage":8,"enemies":"Spire Growth","floor":39,"turns":5},{"damage":32,"enemies":"Reptomancer","floor":41,"turns":6},{"damage":21,"enemies":"3 Darklings","floor":42,"turns":4},{"damage":2,"enemies":"Jaw Worm Horde","floor":45,"turns":4},{"damage":11,"enemies":"Spire Growth","floor":46,"turns":5},{"damage":0,"enemies":"Transient","floor":48,"turns":5},{"damage":84,"enemies":"Time Eater","floor":50,"turns":11}],"seed_played":"6649314996555240528","potions_obtained":[{"floor":1.0,"key":"LiquidBronze"},{"floor":3.0,"key":"LiquidBronze"},{"floor":8.0,"key":"SkillPotion"},{"floor":18.0,"key":"SteroidPotion"},{"floor":22.0,"key":"GamblersBrew"},{"floor":25.0,"key":"Swift Potion"},{"floor":30.0,"key":"Swift Potion"},{"floor":35.0,"key":"Energy Potion"},{"floor":39,"key":"Strength Potion"},{"floor":42,"key":"Explosive Potion"},{"floor":46,"key":"Weak Potion"}],"is_trial":false,"path_per_floor":["M","$","M","$","?","E","M","E","T","M","R","M","?","M","R","B",null,"M","$","M","M","M","R","E","M","T","$","?","R","E","?","R","B",null,"M","$","?","M","M","R","E","M","T","R","M","M","?","M","R","B"],"character_chosen":"DEFECT","items_purchased":["Gash","Hologram+1","Gash","Rebound"],"campfire_rested":7,"item_purchase_floors":[4,19,36,36],"current_hp_per_floor":[79,79,78,78,78,42,40,6,6,1,25,24,24,20,44,32,82,73,73,61,56,45,69,54,51,51,51,51,75,52,39,63,23,82,82,82,82,82,74,74,42,33,33,57,55,44,44,44,68,0],"gold":134,"neow_bonus":"TEN_PERCENT_HP_BONUS","is_prod":false,"is_daily":false,"chose_seed":false,"campfire_upgraded":1,"win_rate":0,"timestamp":1560373826,"path_taken":["M","$","M","$","?","E","M","E","T","M","R","?","?","M","R","BOSS","M","$","M","M","M","R","E","?","T","$","?","R","E","?","R","BOSS","M","$","?","M","M","R","E","M","T","R","?","M","?","M","R","BOSS"],"build_version":"2019-01-23","purchased_purges":4,"victory":false,"max_hp_per_floor":[82,82,82,82,82,82,82,82,82,82,82,82,82,82,82,82,82,82,82,82,82,82,82,82,82,82,82,82,82,82,82,82,82,82,82,82,82,82,82,82,82,82,82,82,82,82,82,82,82,82],"card_choices":[{"not_picked":["Doom and Gloom","Barrage"],"picked":"Conserve Battery","floor":1.0},{"not_picked":["Redo","White Noise"],"picked":"Sweeping Beam","floor":3.0},{"not_picked":["BootSequence","Heatsinks","Hyperbeam"],"picked":"SKIP","floor":6.0},{"not_picked":["BootSequence","Compile Driver","Recycle"],"picked":"SKIP","floor":7.0},{"not_picked":["Skim","Electrodynamics","Thunder Strike"],"picked":"SKIP","floor":8.0},{"not_picked":["Barrage","Beam Cell"],"picked":"Leap+1","floor":10.0},{"not_picked":["Streamline","Reprogram+1"],"picked":"Rebound","floor":12.0},{"not_picked":["Turbo+1","Ball Lightning"],"picked":"Coolheaded+1","floor":14.0},{"not_picked":["Scrape","Darkness+1","Force Field+1"],"picked":"SKIP","floor":18.0},{"not_picked":["Loop","White Noise+1"],"picked":"Rebound+1","floor":20.0},{"not_picked":["Hello World","Barrage+1","Aggregate+1"],"picked":"SKIP","floor":21.0},{"not_picked":["Melter","Thunder Strike"],"picked":"Go for the Eyes","floor":22.0},{"not_picked":["FTL","Reprogram+1","Ball Lightning"],"picked":"SKIP","floor":24.0},{"not_picked":["Leap+1","Steam+1"],"picked":"Coolheaded+1","floor":25.0},{"not_picked":["Fusion+1","Cold Snap","FTL+1"],"picked":"SKIP","floor":30.0},{"not_picked":["Turbo+1","Barrage"],"picked":"Hologram+1","floor":31.0},{"not_picked":["Auto Shields+1","Coolheaded+1"],"picked":"Gash","floor":34.0},{"not_picked":["Barrage","Loop+1"],"picked":"Leap+1","floor":34.0},{"not_picked":["Coolheaded+1","Creative AI"],"picked":"Hologram+1","floor":34.0},{"not_picked":["Hologram+1","Defragment"],"picked":"Conserve Battery+1","floor":34.0},{"not_picked":["Doom and Gloom+1","Chill+1","Cold Snap"],"picked":"SKIP","floor":35.0},{"not_picked":["Storm+1","Blizzard+1"],"picked":"Beam Cell","floor":38.0},{"not_picked":["Defragment+1","Double Energy+1"],"picked":"Hologram+1","floor":39},{"not_picked":["Double Energy+1","Compile Driver+1","Self Repair"],"picked":"SKIP","floor":41},{"not_picked":["Sweeping Beam","Gash+1"],"picked":"Leap+1","floor":42},{"not_picked":["Hologram+1","Steam+1","FTL"],"picked":"SKIP","floor":45},{"not_picked":["Aggregate+1","Streamline+1","Amplify+1"],"picked":"SKIP","floor":46},{"not_picked":["Reprogram+1","Loop","Streamline"],"picked":"SKIP","floor":48}],"player_experience":231760,"relics_obtained":[{"floor":6.0,"key":"Blue Candle"},{"floor":8.0,"key":"Toxic Egg 2"},{"floor":9.0,"key":"Cables"},{"floor":24.0,"key":"Calipers"},{"floor":26.0,"key":"Smiling Mask"},{"floor":30.0,"key":"DataDisk"},{"floor":31.0,"key":"Red Mask"},{"floor":41,"key":"Meat on the Bone"},{"floor":43,"key":"Pantograph"}],"event_choices":[{"damage_healed":0.0,"max_hp_gain":0.0,"max_hp_loss":0.0,"gold_gain":0.0,"event_name":"Transmorgrifier","player_choice":"Ignored","floor":5.0,"gold_loss":0.0,"damage_taken":0.0},{"damage_healed":0.0,"max_hp_gain":0.0,"max_hp_loss":0.0,"gold_gain":0.0,"event_name":"Accursed Blacksmith","player_choice":"Rummage","floor":13.0,"gold_loss":0.0,"damage_taken":0.0,"relics_obtained":["WarpedTongs"],"cards_obtained":["Pain"]},{"damage_healed":0.0,"max_hp_gain":0.0,"max_hp_loss":0.0,"gold_gain":0.0,"event_name":"Addict","player_choice":"Obtained Relic","floor":28.0,"gold_loss":85.0,"damage_taken":0.0,"relics_obtained":["Anchor"]},{"damage_healed":0.0,"max_hp_gain":0.0,"max_hp_loss":0.0,"gold_gain":0.0,"event_name":"Masked Bandits","player_choice":"Fought Bandits","floor":31.0,"gold_loss":0.0,"damage_taken":0.0},{"damage_healed":0.0,"max_hp_gain":0.0,"max_hp_loss":0.0,"gold_gain":0.0,"event_name":"Upgrade Shrine","player_choice":"Upgraded","floor":37.0,"gold_loss":0.0,"damage_taken":0.0,"cards_upgraded":["Gash"]},{"cards_removed":["Decay"],"damage_healed":0,"gold_gain":0,"player_choice":"Upgrade and Remove","damage_taken":0,"max_hp_gain":0,"max_hp_loss":0,"event_name":"Designer","floor":47,"gold_loss":90,"cards_upgraded":["Zap"]}],"is_beta":false,"boss_relics":[{"not_picked":["Velvet Choker","Runic Dome"],"picked":"Cursed Key"},{"not_picked":["Nuclear Battery","Astrolabe"],"picked":"Orrery"}],"items_purged_floors":[2,19,27,36],"is_endless":false,"potions_floor_spawned":[1,3,8,18,22,25,30,35,39,42,46],"killed_by":"Time Eater","ascension_level":1}