{"gold_per_floor":[116,116,116,141,141,141,166,135,135,60,88,121,145,163,163,163],"floor_reached":16,"playtime":547,"items_purged":["Defend_B"],"score":115,"play_id":"d47ceec7-4c3c-4fef-a161-8391a08bb4bf","local_time":"20190612212939","is_ascension_mode":true,"campfire_choices":[{"data":"Capacitor","floor":6,"key":"SMITH"},{"floor":15,"key":"DIG"}],"neow_cost":"NONE","seed_source_timestamp":3333697107151,"circlet_count":0,"master_deck":["Strike_B","Strike_B","Strike_B","Defend_B","Defend_B","Defend_B","Zap","Dualcast","Ball Lightning","Capacitor+1","Doom and Gloom","Machine Learning","FTL","Consume"],"relics":["Cracked Core","Golden Idol","Shovel","Odd Mushroom","Turnip","Singing Bowl"],"potions_floor_usage":[11,14,16,16],"damage_taken":[{"damage":1,"enemies":"Cultist","floor":1,"turns":3},{"damage":2,"enemies":"2 Louse","floor":4,"turns":2},{"damage":3,"enemies":"Small Slimes","floor":7,"turns":4},{"damage":24,"enemies":"The Mushroom Lair","floor":11,"turns":4},{"damage":32,"enemies":"Gremlin Nob","floor":12,"turns":4},{"damage":0,"enemies":"2 Fungi Beasts","floor":13,"turns":2},{"damage":1,"enemies":"Looter","floor":14,"turns":2},{"damage":18,"enemies":"Slime Boss","floor":16,"turns":4}],"seed_played":"-4953592300291158768","potions_obtained":[{"floor":7,"key":"Weak Potion"},{"floor":11,"key":"GamblersBrew"},{"floor":13,"key":"SneckoOil"},{"floor":14,"key":"Dexterity Potion"}],"is_trial":false,"path_per_floor":["M","?","?","M","?","R","M","?","T","$","?","E","M","M","R","B"],"character_chosen":"DEFECT","items_purchased":[],"campfire_rested":0,"item_purchase_floors":[],"current_hp_per_floor":[81,76,76,74,67,67,64,64,64,64,40,8,8,7,7,0],"gold":163,"neow_bonus":"TEN_PERCENT_HP_BONUS","is_prod":false,"is_daily":false,"chose_seed":false,"campfire_upgraded":1,"win_rate":0,"timestamp":1560389379,"path_taken":["M","?","?","M","?","R","M","?","T","?","?","E","?","M","R","BOSS"],"build_version":"2019-01-23","purchased_purges":1,"victory":false,"max_hp_per_floor":[82,76,76,76,76,76,76,76,76,76,76,76,76,76,76,76],"card_choices":[{"not_picked":["Barrage","Turbo"],"picked":"Ball Lightning","floor":1},{"not_picked":["Stack","Turbo"],"picked":"Capacitor","floor":4},{"not_picked":["Hologram","Compile Driver","Conserve Battery"],"picked":"SKIP","floor":7},{"not_picked":["Leap","Stack"],"picked":"Doom and Gloom","floor":11},{"not_picked":["Conserve Battery","Gash"],"picked":"Machine Learning","floor":12},{"not_picked":["Force Field","Sweeping Beam"],"picked":"FTL","floor":13},{"not_picked":["Stack","Redo"],"picked":"Consume","floor":14}],"player_experience":394944,"relics_obtained":[{"floor":9,"key":"Shovel"},{"floor":11,"key":"Odd Mushroom"},{"floor":12,"key":"Turnip"},{"floor":15,"key":"Singing Bowl"}],"event_choices":[{"damage_healed":0,"gold_gain":0,"player_choice":"Lose Max HP","damage_taken":0,"relics_obtained":["Golden Idol"],"max_hp_gain":0,"max_hp_loss":6,"event_name":"Golden Idol","floor":2,"gold_loss":0},{"damage_healed":0,"gold_gain":0,"player_choice":"Ignored","damage_taken":0,"max_hp_gain":0,"max_hp_loss":0,"event_name":"Liars Game","floor":3,"gold_loss":0},{"cards_removed":["Strike_B"],"damage_healed":0,"gold_gain":0,"player_choice":"Card Removal","damage_taken":7,"max_hp_gain":0,"max_hp_loss":0,"event_name":"Golden Wing","floor":5,"gold_loss":0},{"damage_healed":0,"gold_gain":0,"player_choice":"Left Gold","damage_taken":0,"max_hp_gain":0,"max_hp_loss":0,"event_name":"World of Goop","floor":8,"gold_loss":31},{"damage_healed":0,"gold_gain":0,"player_choice":"Fought Mushrooms","damage_taken":0,"max_hp_gain":0,"max_hp_loss":0,"event_name":"Mushrooms","floor":11,"gold_loss":0}],"is_beta":false,"boss_relics":[],"items_purged_floors":[10],"is_endless":false,"potions_floor_spawned":[7,11,13,14],"killed_by":"Slime Boss","ascension_level":3}