{"gold_per_floor":[16,29,29,41,41,41,60,60,86,86,11,27,27,127,127,225,225,236,236,255,255,255],"floor_reached":22,"playtime":1046,"items_purged":["Strike_R"],"score":259,"play_id":"53ac2ed1-a656-481d-a079-1f29d14cb274","local_time":"20180810180758","is_ascension_mode":true,"campfire_choices":[{"data":"Bash","floor":6,"key":"SMITH"},{"data":"Rupture","floor":10,"key":"SMITH"},{"data":"Metallicize","floor":13,"key":"SMITH"},{"data":"Twin Strike","floor":15,"key":"SMITH"}],"neow_cost":"NO_GOLD","seed_source_timestamp":383243685943128,"circlet_count":0,"master_deck":["Defend_R","Defend_R+1","Defend_R+1","Defend_R","Bash+1","Limit Break","Rupture+1","Twin Strike+1","Heavy Blade","Metallicize+1","Limit Break","Bite","Bite","Bite","Bite","Bite","Ghostly","Ghostly","Ghostly","Ghostly","Ghostly"],"relics":["Burning Blood","War Paint","Lizard Tail"],"potions_floor_usage":[16,22],"damage_taken":[{"damage":7,"enemies":"Jaw Worm","floor":1,"turns":4},{"damage":7,"enemies":"2 Louse","floor":2,"turns":4},{"damage":6,"enemies":"Cultist","floor":4,"turns":3},{"damage":12,"enemies":"Looter","floor":7,"turns":3},{"damage":0,"enemies":"Large Slime","floor":12,"turns":4},{"damage":13,"enemies":"The Guardian","floor":16,"turns":9},{"damage":29,"enemies":"3 Byrds","floor":18,"turns":9},{"damage":67,"enemies":"Shell Parasite","floor":20,"turns":10},{"damage":64,"enemies":"Chosen and Byrds","floor":22,"turns":12}],"seed_played":"157830699010433307","potions_obtained":[{"floor":4,"key":"SteroidPotion"},{"floor":12,"key":"Dexterity Potion"},{"floor":16,"key":"GamblersBrew"}],"is_trial":false,"path_per_floor":["M","M","?","M","$","R","M","?","T","R","$","M","R","?","R","B",null,"M","?","M","?"],"character_chosen":"IRONCLAD","items_purchased":[],"campfire_rested":0,"item_purchase_floors":[],"current_hp_per_floor":[79,78,78,78,78,78,72,80,80,80,80,80,80,80,80,73,80,57,56,19,19,0],"gold":255,"neow_bonus":"THREE_RARE_CARDS","is_prod":false,"is_daily":false,"chose_seed":false,"campfire_upgraded":4,"win_rate":0,"timestamp":1533895678,"path_taken":["M","M","?","M","$","R","M","?","T","R","$","M","R","?","R","BOSS","M","?","M","?","M"],"build_version":"2018-08-09","purchased_purges":1,"victory":false,"max_hp_per_floor":[80,80,80,80,80,80,80,80,80,80,80,80,80,80,80,80,80,80,56,56,28,28],"card_choices":[{"not_picked":["Demon Form","Berserk"],"picked":"Limit Break","floor":0},{"not_picked":["Twin Strike","Reckless Charge"],"picked":"Rupture","floor":1},{"not_picked":["Shrug It Off","Warcry"],"picked":"Twin Strike","floor":2},{"not_picked":["Sword Boomerang","Second Wind"],"picked":"Heavy Blade","floor":4},{"not_picked":["Entrench","Sever Soul","Perfected Strike"],"picked":"SKIP","floor":7},{"not_picked":["Headbutt","Havoc"],"picked":"Metallicize","floor":12},{"not_picked":["Dark Embrace","Juggernaut"],"picked":"Limit Break","floor":16},{"not_picked":["Whirlwind","Ghostly Armor","Power Through"],"picked":"SKIP","floor":18},{"not_picked":["True Grit","Clothesline","Anger"],"picked":"SKIP","floor":20}],"player_experience":336237,"relics_obtained":[{"floor":9,"key":"War Paint"}],"event_choices":[{"event_name":"The Cleric","player_choice":"Leave","floor":3,"damage_taken":0},{"event_name":"Wheel of Change","player_choice":"Full Heal","floor":8,"damage_taken":0},{"event_name":"Golden Shrine","player_choice":"Pray","floor":14,"damage_taken":0},{"event_name":"Vampires","player_choice":"Became a vampire","floor":19,"damage_taken":0},{"event_name":"Ghosts","player_choice":"Became a Ghost","floor":21,"damage_taken":0}],"is_beta":false,"boss_relics":[{"not_picked":["Runic Cube","Fusion Hammer"],"picked":"Lizard Tail"}],"items_purged_floors":[11],"is_endless":false,"potions_floor_spawned":[4,12,16],"killed_by":"Chosen and Byrds","ascension_level":4}