{"gold_per_floor":[11,26,36,36,49,79,79,136,136,186,186,218,229,240,240,240],"floor_reached":16,"playtime":596,"items_purged":[],"score":238,"play_id":"23915dbf-922b-4b86-ab6f-7b4da14889f9","local_time":"20190609210118","is_ascension_mode":true,"campfire_choices":[{"floor":7,"key":"REST"},{"floor":11,"key":"REST"},{"floor":15,"key":"REST"}],"neow_cost":"NO_GOLD","seed_source_timestamp":686434112856512,"circlet_count":0,"master_deck":["AscendersBane","Strike_R","Strike_R","Strike_R","Strike_R","Defend_R","Defend_R","Defend_R","Defend_R","Bash","Finesse","Impatience","Clothesline","Whirlwind","Corruption","Entrench","Flame Barrier","Seeing Red"],"special_seed":0,"relics":["Burning Blood","Centennial Puzzle","Tiny Chest","Dodecahedron","Orichalcum","Charon\u0027s Ashes"],"potions_floor_usage":[6,16,16],"damage_taken":[{"damage":4.0,"enemies":"Small Slimes","floor":1.0,"turns":4.0},{"damage":5.0,"enemies":"Jaw Worm","floor":2.0,"turns":4.0},{"damage":4.0,"enemies":"Cultist","floor":3.0,"turns":3.0},{"damage":25.0,"enemies":"Exordium Thugs","floor":5.0,"turns":5.0},{"damage":36,"enemies":"Gremlin Nob","floor":6,"turns":5},{"damage":41,"enemies":"3 Sentries","floor":8,"turns":7},{"damage":34,"enemies":"Gremlin Nob","floor":12,"turns":6},{"damage":4,"enemies":"Blue Slaver","floor":13,"turns":4},{"damage":1,"enemies":"Looter","floor":14,"turns":3},{"damage":42,"enemies":"Hexaghost","floor":16,"turns":10}],"seed_played":"3463543963851367970","potions_obtained":[{"floor":3.0,"key":"SkillPotion"},{"floor":5.0,"key":"Block Potion"},{"floor":6,"key":"FairyPotion"},{"floor":13,"key":"PowerPotion"},{"floor":14,"key":"SteroidPotion"}],"is_trial":false,"path_per_floor":["M","M","M","?","M","E","R","E","T","T","R","E","M","M","R","B"],"character_chosen":"IRONCLAD","items_purchased":[],"campfire_rested":3,"item_purchase_floors":[],"current_hp_per_floor":[70,71,73,73,54,24,46,11,11,11,33,13,15,20,42,0],"gold":240,"neow_bonus":"RANDOM_COLORLESS_2","is_prod":false,"is_daily":false,"chose_seed":false,"campfire_upgraded":0,"win_rate":0,"timestamp":1560085278,"path_taken":["M","M","M","?","M","E","R","E","T","?","R","E","M","M","R","BOSS"],"build_version":"2019-01-23","purchased_purges":0,"victory":false,"max_hp_per_floor":[75,75,75,75,75,75,75,75,75,75,75,75,75,75,75,75],"card_choices":[{"not_picked":["Perfected Strike","Iron Wave"],"picked":"Clothesline","floor":1.0},{"not_picked":["Thunderclap","Body Slam"],"picked":"Whirlwind","floor":2.0},{"not_picked":["Havoc","Clothesline"],"picked":"Corruption","floor":3.0},{"not_picked":["Iron Wave","Headbutt"],"picked":"Entrench","floor":5.0},{"not_picked":["Headbutt","Exhume"],"picked":"Flame Barrier","floor":6},{"not_picked":["Cleave","Flex","Sword Boomerang"],"picked":"SKIP","floor":8},{"not_picked":["Sever Soul","Perfected Strike","Cleave"],"picked":"SKIP","floor":12},{"not_picked":["Power Through","Pommel Strike","True Grit"],"picked":"SKIP","floor":13},{"not_picked":["Whirlwind","Armaments"],"picked":"Seeing Red","floor":14}],"player_experience":661248,"relics_obtained":[{"floor":6,"key":"Centennial Puzzle"},{"floor":8,"key":"Tiny Chest"},{"floor":9,"key":"Dodecahedron"},{"floor":10,"key":"Orichalcum"},{"floor":12,"key":"Charon\u0027s Ashes"}],"event_choices":[{"cards_removed":["Strike_R"],"damage_healed":0.0,"max_hp_gain":0.0,"max_hp_loss":0.0,"gold_gain":0.0,"event_name":"Living Wall","player_choice":"Forget","floor":4.0,"gold_loss":0.0,"damage_taken":0.0}],"is_beta":false,"boss_relics":[],"items_purged_floors":[],"is_endless":false,"potions_floor_spawned":[3,5,6,13,14],"killed_by":"Hexaghost","ascension_level":19}