{"gold_per_floor":[114,133,146,156,166,166,184,218,243,168,168],"floor_reached":11,"playtime":571,"items_purged":["Strike_B"],"score":92,"play_id":"9216f3d5-06fe-4a47-9d82-f55827990092","local_time":"20180725093936","is_ascension_mode":true,"campfire_choices":[{"data":"Double Energy","floor":6,"key":"SMITH"}],"neow_cost":"NONE","seed_source_timestamp":302546325680048,"circlet_count":0,"master_deck":["Strike_B","Strike_B","Strike_B","Defend_B","Defend_B","Defend_B","Defend_B","Zap","Dualcast","Streamline","Conserve Battery","Conserve Battery","Double Energy+1","Beam Cell"],"relics":["Snecko Eye","Incense Burner","Vajra"],"potions_floor_usage":[],"damage_taken":[{"damage":1,"enemies":"Cultist","floor":1,"turns":4},{"damage":20,"enemies":"Small Slimes","floor":2,"turns":4},{"damage":0,"enemies":"Jaw Worm","floor":3,"turns":2},{"damage":7,"enemies":"Red Slaver","floor":4,"turns":4},{"damage":4,"enemies":"Exordium Wildlife","floor":5,"turns":5},{"damage":0,"enemies":"2 Fungi Beasts","floor":7,"turns":3},{"damage":37,"enemies":"Lagavulin","floor":8,"turns":8},{"damage":6,"enemies":"3 Sentries","floor":11,"turns":2}],"seed_played":"4411919525739004753","potions_obtained":[{"floor":2,"key":"SneckoOil"},{"floor":3,"key":"SpeedPotion"},{"floor":7,"key":"SteroidPotion"}],"is_trial":false,"path_per_floor":["M","M","M","M","M","R","M","E","T","$"],"character_chosen":"DEFECT","items_purchased":[],"campfire_rested":0,"item_purchase_floors":[],"current_hp_per_floor":[74,54,54,47,43,43,43,6,6,6,0],"gold":168,"neow_bonus":"BOSS_RELIC","is_prod":false,"is_daily":false,"chose_seed":false,"campfire_upgraded":1,"win_rate":0,"timestamp":1532482776,"path_taken":["M","M","M","M","M","R","M","E","T","$","E"],"build_version":"2018-07-19v2","purchased_purges":1,"victory":false,"max_hp_per_floor":[75,75,75,75,75,75,75,75,75,75,75],"card_choices":[{"not_picked":["Cold Snap","Beam Cell"],"picked":"Streamline","floor":1},{"not_picked":["Steam Power","Gash"],"picked":"Conserve Battery","floor":2},{"not_picked":["Sweeping Beam","Compile Driver"],"picked":"Conserve Battery","floor":3},{"not_picked":["Hologram","Ball Lightning"],"picked":"Double Energy","floor":4},{"not_picked":["Barrage","Storm"],"picked":"Beam Cell","floor":5},{"not_picked":["Blizzard","Chaos","Barrage"],"picked":"SKIP","floor":7},{"not_picked":["Turbo","Compile Driver","Conserve Battery"],"picked":"SKIP","floor":8}],"player_experience":235911,"relics_obtained":[{"floor":8,"key":"Incense Burner"},{"floor":9,"key":"Vajra"}],"event_choices":[],"is_beta":false,"boss_relics":[],"items_purged_floors":[10],"is_endless":false,"potions_floor_spawned":[2,3,7,8],"killed_by":"3 Sentries","ascension_level":4}