{"gold_per_floor":[211,211,211,58,76,105,105,161,161,180,197,197,44,60,60,60],"floor_reached":16,"playtime":598,"items_purged":["Strike_R"],"score":110,"play_id":"17c1af0d-e1b5-47bb-975e-f25649b987cb","local_time":"20190614093931","is_ascension_mode":true,"campfire_choices":[{"floor":7,"key":"REST"},{"data":"Bash","floor":15,"key":"SMITH"}],"neow_cost":"NONE","seed_source_timestamp":6668813660104,"circlet_count":0,"master_deck":["Strike_R","Strike_R","Strike_R","Defend_R","Defend_R","Defend_R","Defend_R","Bash+1","Double Tap","Armaments+1","Feed","Warcry"],"relics":["Burning Blood","Bottled Flame","Charon\u0027s Ashes","Dead Branch","Nunchaku"],"potions_floor_usage":[6,8,8,8,14,16,16],"damage_taken":[{"damage":6,"enemies":"Cultist","floor":1,"turns":4},{"damage":8,"enemies":"Jaw Worm","floor":5,"turns":4},{"damage":43,"enemies":"3 Sentries","floor":6,"turns":10},{"damage":10,"enemies":"Lagavulin Event","floor":8,"turns":3},{"damage":0,"enemies":"2 Louse","floor":10,"turns":3},{"damage":13,"enemies":"Red Slaver","floor":11,"turns":3},{"damage":0,"enemies":"3 Louse","floor":14,"turns":3},{"damage":88,"enemies":"Slime Boss","floor":16,"turns":11}],"seed_played":"8195643374322955924","potions_obtained":[{"floor":5,"key":"AttackPotion"},{"floor":6,"key":"EntropicBrew"},{"floor":10,"key":"Poison Potion"},{"floor":14,"key":"Regen Potion"}],"is_trial":false,"path_per_floor":["M","?","T","$","M","E","R","?","T","M","M","?","$","M","R","B"],"character_chosen":"IRONCLAD","items_purchased":["Double Tap","Feed"],"campfire_rested":1,"item_purchase_floors":[4,13],"current_hp_per_floor":[80,73,73,73,71,34,58,62,62,68,61,61,61,70,70,0],"gold":60,"neow_bonus":"HUNDRED_GOLD","is_prod":false,"is_daily":false,"chose_seed":false,"campfire_upgraded":1,"win_rate":0,"timestamp":1560472771,"path_taken":["M","?","?","$","M","E","R","?","T","M","M","?","$","?","R","BOSS"],"build_version":"2019-01-23","purchased_purges":1,"victory":false,"max_hp_per_floor":[80,80,80,80,80,80,80,80,80,80,80,80,80,83,83,86],"card_choices":[{"not_picked":["Sword Boomerang","Clash","Rupture"],"picked":"SKIP","floor":1},{"not_picked":["Clothesline","Heavy Blade","Flex"],"picked":"SKIP","floor":5},{"not_picked":["Spot Weakness","Blood for Blood","Immolate"],"picked":"SKIP","floor":6},{"not_picked":["Clash","Havoc"],"picked":"Armaments","floor":8},{"not_picked":["Searing Blow","Flame Barrier","Heavy Blade"],"picked":"SKIP","floor":10},{"not_picked":["Clothesline","Shrug It Off","Twin Strike"],"picked":"SKIP","floor":11},{"not_picked":["Shrug It Off","Pommel Strike"],"picked":"Warcry","floor":14}],"player_experience":423443,"relics_obtained":[{"floor":3,"key":"Bottled Flame"},{"floor":6,"key":"Charon\u0027s Ashes"},{"floor":8,"key":"Dead Branch"},{"floor":9,"key":"Nunchaku"}],"event_choices":[{"cards_removed":["Strike_R"],"damage_healed":0,"gold_gain":0,"player_choice":"Card Removal","damage_taken":7,"max_hp_gain":0,"max_hp_loss":0,"event_name":"Golden Wing","floor":2,"gold_loss":0},{"damage_healed":0,"gold_gain":0,"player_choice":"Searched \u00271\u0027 times","damage_taken":0,"max_hp_gain":0,"max_hp_loss":0,"event_name":"Dead Adventurer","floor":8,"gold_loss":0},{"damage_healed":0,"gold_gain":0,"player_choice":"Upgraded","damage_taken":0,"max_hp_gain":0,"max_hp_loss":0,"event_name":"Upgrade Shrine","floor":12,"gold_loss":0,"cards_upgraded":["Armaments"]}],"is_beta":false,"boss_relics":[],"items_purged_floors":[13],"is_endless":false,"potions_floor_spawned":[5,6,10,14],"killed_by":"Slime Boss","ascension_level":2}