{"gold_per_floor":[17,17,30,44,44,69,69,103,103,103,53,82,99,174,174,270,270,282,33,51,51,62,62,91,104,128,146,202,202,233,243,243,348,348,366,382,142,142,155,189,189,217,217,217,229,275,275,300,300,300],"floor_reached":50,"playtime":6790,"items_purged":["Strike_G","Calculated Gamble"],"score":990,"play_id":"eecf1b67-ec72-43ab-b7f0-c0c926306b39","local_time":"20190612093106","is_ascension_mode":true,"campfire_choices":[{"data":"Neutralize","floor":7,"key":"SMITH"},{"floor":10,"key":"REST"},{"floor":15,"key":"REST"},{"data":"Cloak And Dagger","floor":23,"key":"SMITH"},{"floor":29,"key":"REST"},{"data":"Dodge and Roll","floor":32,"key":"SMITH"},{"data":"Footwork","floor":41,"key":"SMITH"},{"data":"Cloak And Dagger","floor":44,"key":"SMITH"},{"data":"Adrenaline","floor":47,"key":"SMITH"},{"data":"Well Laid Plans","floor":49,"key":"SMITH"}],"neow_cost":"NO_GOLD","seed_source_timestamp":113119166416195,"circlet_count":0,"master_deck":["Defend_G","Defend_G","Survivor","Neutralize+1","Crippling Poison","Well Laid Plans+1","Heel Hook","Cloak And Dagger+1","Backstab+1","Die Die Die+1","Burst+1","Flying Knee+1","Venomology+1","Skewer+1","Footwork+1","Flash of Steel+1","Flying Knee+1","Slice+1","Well Laid Plans","Dash+1","Calculated Gamble+1","Slice+1","Dodge and Roll+1","Adrenaline+1","Crippling Poison+1","Backflip+1","Finesse","Cloak And Dagger+1","Leg Sweep","PiercingWail+1","Dodge and Roll+1","Escape Plan","Acrobatics+1"],"relics":["Ring of the Snake","Sundial","Matryoshka","Molten Egg 2","Ninja Scroll","Bottled Tornado","Astrolabe","Pocketwatch","Vajra","Lantern","Tiny Chest","StoneCalendar","WristBlade","Torii","PreservedInsect","Art of War","Mercury Hourglass","Du-Vu Doll","Pen Nib"],"potions_floor_usage":[12,12,20,22,24,25,27,28,28,30,31,33,33,33,40,40,45,46,46,46,48,50,50,50],"damage_taken":[{"damage":7,"enemies":"Small Slimes","floor":1,"turns":5},{"damage":4,"enemies":"Jaw Worm","floor":3,"turns":6},{"damage":0,"enemies":"Cultist","floor":4,"turns":5},{"damage":38,"enemies":"Gremlin Nob","floor":6,"turns":6},{"damage":17,"enemies":"3 Sentries","floor":8,"turns":14},{"damage":1,"enemies":"Gremlin Nob","floor":12,"turns":3},{"damage":0,"enemies":"Blue Slaver","floor":13,"turns":4},{"damage":26,"enemies":"The Guardian","floor":16,"turns":23},{"damage":0,"enemies":"Chosen","floor":18,"turns":4},{"damage":0,"enemies":"2 Thieves","floor":20,"turns":1},{"damage":11,"enemies":"Centurion and Healer","floor":22,"turns":4},{"damage":3,"enemies":"Gremlin Leader","floor":24,"turns":3},{"damage":10,"enemies":"Shelled Parasite and Fungi","floor":25,"turns":3},{"damage":6,"enemies":"Chosen and Byrds","floor":27,"turns":3},{"damage":4,"enemies":"Book of Stabbing","floor":28,"turns":2},{"damage":4,"enemies":"Gremlin Leader","floor":30,"turns":5},{"damage":0,"enemies":"Centurion and Healer","floor":31,"turns":3},{"damage":21,"enemies":"Champ","floor":33,"turns":9},{"damage":0,"enemies":"Orb Walker","floor":35,"turns":2},{"damage":11,"enemies":"3 Shapes","floor":36,"turns":4},{"damage":20,"enemies":"Spire Growth","floor":39,"turns":4},{"damage":0,"enemies":"Nemesis","floor":40,"turns":7},{"damage":0,"enemies":"Reptomancer","floor":42,"turns":4},{"damage":0,"enemies":"Sphere and 2 Shapes","floor":45,"turns":3},{"damage":0,"enemies":"2 Orb Walkers","floor":46,"turns":3},{"damage":0,"enemies":"Giant Head","floor":48,"turns":6},{"damage":57,"enemies":"Time Eater","floor":50,"turns":14}],"seed_played":"-2252626941435720538","potions_obtained":[{"floor":1,"key":"FearPotion"},{"floor":8,"key":"Swift Potion"},{"floor":16,"key":"SkillPotion"},{"floor":20,"key":"FearPotion"},{"floor":24,"key":"Fire Potion"},{"floor":31,"key":"SpeedPotion"},{"floor":39,"key":"PowerPotion"},{"floor":42,"key":"FearPotion"},{"floor":45,"key":"Explosive Potion"},{"floor":48,"key":"LiquidBronze"}],"is_trial":false,"path_per_floor":["M","?","M","M","$","E","R","E","T","R","?","E","M","?","R","B",null,"M","$","M","?","M","R","E","M","T","M","E","R","E","M","R","B",null,"M","M","$","T","M","E","R","E","T","R","M","?","R","E","R","B"],"character_chosen":"THE_SILENT","items_purchased":["Footwork","Flash of Steel+1","Finesse","Cloak And Dagger"],"campfire_rested":3,"item_purchase_floors":[19,19,37,37],"current_hp_per_floor":[56,70,66,66,66,28,28,11,11,32,32,31,31,20,41,15,56,56,56,56,56,45,45,42,32,32,26,22,43,39,39,39,18,57,57,46,46,46,26,38,38,38,38,38,38,38,38,50,50,0],"gold":300,"neow_bonus":"REMOVE_TWO","is_prod":false,"is_daily":false,"chose_seed":false,"campfire_upgraded":7,"win_rate":0,"timestamp":1560303066,"path_taken":["M","?","M","M","$","E","R","E","T","R","?","E","M","?","R","BOSS","M","$","M","?","M","R","E","M","T","M","E","R","E","M","R","BOSS","M","M","$","?","M","E","R","E","T","R","M","?","R","E","R","BOSS"],"build_version":"2019-01-23","purchased_purges":2,"victory":false,"max_hp_per_floor":[70,70,70,70,70,70,70,70,70,70,70,70,70,70,70,70,70,70,70,70,70,70,70,70,70,70,70,70,70,70,70,70,70,70,70,70,70,70,70,70,70,70,70,70,70,70,70,70,70,70],"card_choices":[{"not_picked":["Concentrate","Acrobatics"],"picked":"Crippling Poison","floor":1},{"not_picked":["Backflip","Deadly Poison"],"picked":"Well Laid Plans","floor":3},{"not_picked":["Dagger Throw","Escape Plan"],"picked":"Heel Hook","floor":4},{"not_picked":["Backflip","Flying Knee"],"picked":"Cloak And Dagger","floor":6},{"not_picked":["Riddle With Holes","Underhanded Strike","Bane"],"picked":"SKIP","floor":8},{"not_picked":["Caltrops","Acrobatics"],"picked":"Calculated Gamble","floor":12},{"not_picked":["Backflip","Flying Knee+1"],"picked":"Backstab+1","floor":13},{"not_picked":["Unload+1","Night Terror"],"picked":"Die Die Die+1","floor":16},{"not_picked":["Deadly Poison","Accuracy"],"picked":"Skewer+1","floor":18},{"not_picked":["Sucker Punch+1","Outmaneuver"],"picked":"Flying Knee+1","floor":20},{"not_picked":["Flying Knee+1","Outmaneuver"],"picked":"Slice+1","floor":22},{"not_picked":["Underhanded Strike+1","Skewer+1"],"picked":"Well Laid Plans","floor":24},{"not_picked":["Endless Agony+1","Wraith Form v2"],"picked":"Dash+1","floor":25},{"not_picked":["Deflect","Flying Knee+1"],"picked":"Calculated Gamble+1","floor":27},{"not_picked":["Bane+1","Tools of the Trade","Dagger Throw+1"],"picked":"SKIP","floor":28},{"not_picked":["Deadly Poison","Setup+1"],"picked":"Slice+1","floor":30},{"not_picked":["Well Laid Plans","PiercingWail"],"picked":"Dodge and Roll","floor":31},{"not_picked":["Burst","Tools of the Trade"],"picked":"Adrenaline","floor":33},{"not_picked":["Well Laid Plans","Heel Hook+1"],"picked":"Crippling Poison+1","floor":35},{"not_picked":["Acrobatics+1","Flying Knee+1"],"picked":"Backflip+1","floor":36},{"not_picked":["Concentrate+1","Flechettes+1"],"picked":"Leg Sweep","floor":39},{"not_picked":["Bouncing Flask+1","Deflect","Setup+1"],"picked":"SKIP","floor":40},{"not_picked":["Distraction","Bane+1"],"picked":"PiercingWail+1","floor":42},{"not_picked":["Outmaneuver","Finisher+1"],"picked":"Dodge and Roll+1","floor":45},{"not_picked":["Prepared","Burst"],"picked":"Escape Plan","floor":46},{"not_picked":["Choke+1","Doppelganger"],"picked":"Acrobatics+1","floor":48}],"player_experience":777048,"relics_obtained":[{"floor":6,"key":"Sundial"},{"floor":8,"key":"Matryoshka"},{"floor":9,"key":"Molten Egg 2"},{"floor":9,"key":"Ninja Scroll"},{"floor":12,"key":"Bottled Tornado"},{"floor":24,"key":"Pocketwatch"},{"floor":26,"key":"Vajra"},{"floor":26,"key":"Lantern"},{"floor":28,"key":"Tiny Chest"},{"floor":30,"key":"StoneCalendar"},{"floor":38,"key":"Torii"},{"floor":40,"key":"PreservedInsect"},{"floor":42,"key":"Art of War"},{"floor":43,"key":"Mercury Hourglass"},{"floor":46,"key":"Du-Vu Doll"},{"floor":48,"key":"Pen Nib"}],"event_choices":[{"damage_healed":23,"gold_gain":0,"player_choice":"Banana","damage_taken":0,"max_hp_gain":0,"max_hp_loss":0,"event_name":"Big Fish","floor":2,"gold_loss":0},{"cards_removed":["Strike_G"],"damage_healed":0,"gold_gain":0,"player_choice":"Card Removal","damage_taken":0,"max_hp_gain":0,"max_hp_loss":0,"event_name":"The Cleric","floor":11,"gold_loss":50},{"damage_healed":0,"gold_gain":75,"player_choice":"Gather Gold","damage_taken":11,"max_hp_gain":0,"max_hp_loss":0,"event_name":"World of Goop","floor":14,"gold_loss":0},{"cards_removed":["Defend_G"],"damage_healed":0,"gold_gain":0,"player_choice":"Purged","damage_taken":0,"max_hp_gain":0,"max_hp_loss":0,"event_name":"Purifier","floor":21,"gold_loss":0},{"damage_healed":0,"gold_gain":0,"player_choice":"Fight","damage_taken":0,"max_hp_gain":0,"max_hp_loss":0,"event_name":"Mysterious Sphere","floor":46,"gold_loss":0}],"is_beta":false,"boss_relics":[{"not_picked":["Ring of the Serpent","Runic Dome"],"picked":"Astrolabe"},{"not_picked":["Empty Cage","Busted Crown"],"picked":"WristBlade"}],"items_purged_floors":[19,37],"is_endless":false,"potions_floor_spawned":[1,8,16,20,24,27,31,39,42,45,48],"killed_by":"Time Eater","ascension_level":9}