{"gold_per_floor":[11,11,11,27,39,39,53,66,66,66,86,86,121,139,139,139],"floor_reached":16,"playtime":726,"items_purged":[],"score":130,"play_id":"0430f36d-c30c-4d43-895a-b8a03c5e55a4","local_time":"20180814073858","is_ascension_mode":true,"campfire_choices":[{"data":"Bloodletting","floor":6,"key":"SMITH"},{"data":"Cleave","floor":12,"key":"SMITH"},{"data":"Reaper","floor":15,"key":"SMITH"}],"neow_cost":"NO_GOLD","seed_source_timestamp":1999991928507,"circlet_count":0,"master_deck":["Strike_R","Strike_R","Strike_R","Defend_R","Defend_R","Defend_R","Bash+1","Cleave+1","Bloodletting+1","Dropkick","Injury","Battle Trance","Reaper+1"],"relics":["Burning Blood","Pear","Bronze Scales"],"potions_floor_usage":[11,13,14,16],"damage_taken":[{"damage":8,"enemies":"2 Louse","floor":1,"turns":5},{"damage":8,"enemies":"Jaw Worm","floor":4,"turns":4},{"damage":4,"enemies":"Cultist","floor":5,"turns":3},{"damage":11,"enemies":"Blue Slaver","floor":7,"turns":4},{"damage":16,"enemies":"Gremlin Gang","floor":8,"turns":4},{"damage":18,"enemies":"Exordium Wildlife","floor":11,"turns":3},{"damage":31,"enemies":"Lagavulin","floor":13,"turns":5},{"damage":4,"enemies":"Exordium Thugs","floor":14,"turns":3},{"damage":60,"enemies":"Slime Boss","floor":16,"turns":9}],"seed_played":"-627750314435621817","potions_obtained":[{"floor":4,"key":"Strength Potion"},{"floor":5,"key":"EssenceOfSteel"},{"floor":8,"key":"Dexterity Potion"},{"floor":13,"key":"Regen Potion"}],"is_trial":false,"path_per_floor":["M","?","$","M","M","R","M","M","T","?","M","R","E","M","R"],"character_chosen":"IRONCLAD","items_purchased":[],"campfire_rested":0,"item_purchase_floors":[],"current_hp_per_floor":[78,78,78,76,78,78,73,63,73,73,61,61,36,51,51,0],"gold":139,"neow_bonus":"REMOVE_TWO","is_prod":false,"is_daily":false,"chose_seed":false,"campfire_upgraded":3,"win_rate":0,"timestamp":1534203538,"path_taken":["M","?","$","?","M","R","M","M","T","?","M","R","E","M","R","BOSS"],"build_version":"2018-08-09","purchased_purges":0,"victory":false,"max_hp_per_floor":[80,80,80,80,80,80,80,80,90,90,90,90,90,90,90,90],"card_choices":[{"not_picked":["Warcry","Body Slam"],"picked":"Cleave","floor":1},{"not_picked":["Sever Soul","Heavy Blade"],"picked":"Bloodletting","floor":4},{"not_picked":["Dual Wield","Perfected Strike","Headbutt"],"picked":"SKIP","floor":5},{"not_picked":["Clash","Armaments"],"picked":"Dropkick","floor":7},{"not_picked":["Perfected Strike","Reckless Charge","Body Slam"],"picked":"SKIP","floor":8},{"not_picked":["Berserk","Spot Weakness"],"picked":"Battle Trance","floor":11},{"not_picked":["Spot Weakness","Flex"],"picked":"Reaper","floor":13},{"not_picked":["Thunderclap","Sword Boomerang","True Grit"],"picked":"SKIP","floor":14}],"player_experience":410945,"relics_obtained":[{"floor":9,"key":"Pear"},{"floor":13,"key":"Bronze Scales"}],"event_choices":[{"event_name":"Living Wall","player_choice":"Forget","floor":2,"damage_taken":0},{"event_name":"Accursed Blacksmith","player_choice":"Forge","floor":10,"damage_taken":0}],"is_beta":false,"boss_relics":[],"items_purged_floors":[],"is_endless":false,"potions_floor_spawned":[4,5,8,13],"killed_by":"Slime Boss","ascension_level":5}