{"gold_per_floor":[20,20,30,30,30,30,47,78,78,90,104,116,135,135,135,231,231,241,69,69,69,79,79,79,79,106,121,138,138,157,188,188,188],"floor_reached":33,"playtime":2183,"items_purged":["Strike_G"],"score":361,"play_id":"d7d57960-25be-4d4e-b7b6-70fcdb29c1e6","local_time":"20190609090802","is_ascension_mode":true,"campfire_choices":[{"data":"Caltrops","floor":6,"key":"SMITH"},{"floor":15,"key":"REST"},{"data":"Adrenaline","floor":23,"key":"SMITH"},{"data":"After Image","floor":25,"key":"SMITH"},{"data":"Outmaneuver","floor":32,"key":"SMITH"}],"neow_cost":"NO_GOLD","seed_source_timestamp":140449473010311,"circlet_count":0,"master_deck":["Defend_G","Defend_G","Defend_G","Defend_G","Strike_G","Strike_G","Survivor","Neutralize","Caltrops+1","Deadly Poison","Prepared","All Out Attack","Backflip","Adrenaline+1","Backstab","Outmaneuver+1","After Image+1","Backflip","Finesse","Flying Knee+1","Flying Knee+1","Terror+1","Acrobatics+1"],"relics":["Ring of the Snake","Darkstone Periapt","Pantograph","Bronze Scales","Sozu","Enchiridion","Lantern","MutagenicStrength","Juzu Bracelet"],"potions_floor_usage":[16,24,30],"damage_taken":[{"damage":1,"enemies":"Small Slimes","floor":1,"turns":4},{"damage":5,"enemies":"2 Louse","floor":3,"turns":4},{"damage":0,"enemies":"Cultist","floor":7,"turns":4},{"damage":38,"enemies":"Gremlin Nob","floor":8,"turns":5},{"damage":3,"enemies":"Blue Slaver","floor":10,"turns":3},{"damage":7,"enemies":"Exordium Wildlife","floor":11,"turns":4},{"damage":13,"enemies":"Large Slime","floor":12,"turns":6},{"damage":1,"enemies":"2 Fungi Beasts","floor":13,"turns":3},{"damage":29,"enemies":"Hexaghost","floor":16,"turns":9},{"damage":13,"enemies":"Chosen","floor":18,"turns":6},{"damage":0,"enemies":"3 Byrds","floor":22,"turns":3},{"damage":0,"enemies":"Gremlin Leader","floor":24,"turns":5},{"damage":0,"enemies":"Centurion and Healer","floor":27,"turns":8},{"damage":11,"enemies":"Shelled Parasite and Fungi","floor":28,"turns":4},{"damage":5,"enemies":"Snecko","floor":30,"turns":5},{"damage":1,"enemies":"Slavers","floor":31,"turns":3},{"damage":72,"enemies":"Collector","floor":33,"turns":8}],"seed_played":"9014631414764160638","potions_obtained":[{"floor":1,"key":"SmokeBomb"},{"floor":8,"key":"SpeedPotion"},{"floor":13,"key":"SteroidPotion"},{"floor":16,"key":"SneckoOil"}],"is_trial":false,"path_per_floor":["M","?","M","$","?","R","M","E","T","M","M","M","M","?","R","B",null,"M","$","?","?","M","R","E","R","T","M","M","?","M","E","R","B"],"character_chosen":"THE_SILENT","items_purchased":["Finesse"],"campfire_rested":1,"item_purchase_floors":[19],"current_hp_per_floor":[69,62,57,57,70,70,70,32,32,29,22,9,8,8,29,25,59,46,46,30,53,53,53,53,53,53,53,42,42,37,36,36,0],"gold":188,"neow_bonus":"REMOVE_TWO","is_prod":false,"is_daily":false,"chose_seed":false,"campfire_upgraded":4,"win_rate":0,"timestamp":1560042482,"path_taken":["M","?","M","$","?","R","M","E","T","M","M","M","M","?","R","BOSS","M","$","?","?","M","R","E","R","T","M","M","?","M","E","R","BOSS"],"build_version":"2019-01-23","purchased_purges":1,"victory":false,"max_hp_per_floor":[70,70,70,70,70,70,70,70,70,70,70,70,70,70,70,70,70,70,70,70,70,70,70,70,70,70,70,70,70,70,70,70,70],"card_choices":[{"not_picked":["Skewer","Acrobatics"],"picked":"Caltrops","floor":1},{"not_picked":["Dagger Throw","Masterful Stab"],"picked":"Deadly Poison","floor":3},{"not_picked":["Deflect","Flying Knee"],"picked":"Prepared","floor":7},{"not_picked":["Sucker Punch","Choke"],"picked":"All Out Attack","floor":8},{"not_picked":["Sucker Punch","Poisoned Stab"],"picked":"Backflip","floor":10},{"not_picked":["Backstab","Prepared"],"picked":"Adrenaline","floor":11},{"not_picked":["Calculated Gamble","Eviscerate"],"picked":"Backstab","floor":12},{"not_picked":["Flying Knee","Poisoned Stab"],"picked":"Outmaneuver","floor":13},{"not_picked":["Malaise","Die Die Die"],"picked":"After Image","floor":16},{"not_picked":["Accuracy","Choke+1"],"picked":"Backflip","floor":18},{"not_picked":["Sucker Punch","Heel Hook","Dagger Spray"],"picked":"SKIP","floor":22},{"not_picked":["Deadly Poison","Heel Hook"],"picked":"Flying Knee+1","floor":27},{"not_picked":["Outmaneuver+1","Backflip"],"picked":"Flying Knee+1","floor":28},{"not_picked":["Heel Hook","Deadly Poison+1"],"picked":"Terror+1","floor":30},{"not_picked":["Sucker Punch","Cloak And Dagger"],"picked":"Acrobatics+1","floor":31}],"player_experience":706483,"relics_obtained":[{"floor":8,"key":"Pantograph"},{"floor":9,"key":"Bronze Scales"},{"floor":20,"key":"Enchiridion"},{"floor":26,"key":"Lantern"},{"floor":31,"key":"Juzu Bracelet"}],"event_choices":[{"damage_healed":0,"gold_gain":0,"player_choice":"Success","damage_taken":7,"relics_obtained":["Darkstone Periapt"],"max_hp_gain":0,"max_hp_loss":0,"event_name":"Scrap Ooze","floor":2,"gold_loss":0},{"damage_healed":23,"gold_gain":0,"player_choice":"Banana","damage_taken":0,"max_hp_gain":0,"max_hp_loss":0,"event_name":"Big Fish","floor":5,"gold_loss":0},{"cards_removed":["Strike_G"],"damage_healed":0,"gold_gain":0,"player_choice":"Forget","damage_taken":0,"max_hp_gain":0,"max_hp_loss":0,"event_name":"Living Wall","floor":14,"gold_loss":0},{"damage_healed":0,"gold_gain":0,"player_choice":"Obtained Book","damage_taken":16,"max_hp_gain":0,"max_hp_loss":0,"event_name":"Cursed Tome","floor":20,"gold_loss":0},{"damage_healed":23,"gold_gain":0,"player_choice":"Heal","damage_taken":0,"max_hp_gain":0,"max_hp_loss":0,"event_name":"The Library","floor":21,"gold_loss":0},{"damage_healed":0,"gold_gain":0,"player_choice":"Inject Mutagens","damage_taken":0,"relics_obtained":["MutagenicStrength"],"max_hp_gain":0,"max_hp_loss":0,"event_name":"Drug Dealer","floor":29,"gold_loss":0}],"is_beta":false,"boss_relics":[{"not_picked":["Fusion Hammer","White Beast Statue"],"picked":"Sozu"}],"items_purged_floors":[19],"is_endless":false,"potions_floor_spawned":[1,8,13,16,18,22,28],"killed_by":"Collector","ascension_level":5}