{"gold_per_floor":[110,35,51,70,70,70,89,118,118,118,175,175],"floor_reached":12,"playtime":579,"items_purged":["Defend_G"],"score":82,"play_id":"ae2485f2-543b-4447-83a8-586f8ed9d536","local_time":"20190519030542","is_ascension_mode":true,"campfire_choices":[{"floor":6,"key":"REST"},{"floor":10,"key":"REST"}],"neow_cost":"PERCENT_DAMAGE","seed_source_timestamp":124031293189800,"circlet_count":0,"master_deck":["Defend_G","Defend_G","Defend_G","Defend_G","Strike_G","Strike_G","Strike_G","Strike_G","Strike_G","Survivor","Neutralize","Burst","Prepared","Flying Knee","Well Laid Plans","Caltrops","PiercingWail","Eviscerate"],"relics":["Ring of the Snake","Bag of Marbles","Torii","Pantograph","Art of War"],"potions_floor_usage":[11],"damage_taken":[{"damage":0,"enemies":"Small Slimes","floor":1,"turns":4},{"damage":0,"enemies":"2 Louse","floor":3,"turns":3},{"damage":0,"enemies":"Cultist","floor":4,"turns":3},{"damage":7,"enemies":"Blue Slaver","floor":7,"turns":4},{"damage":41,"enemies":"3 Sentries","floor":8,"turns":10},{"damage":11,"enemies":"Lagavulin Event","floor":11,"turns":6},{"damage":61,"enemies":"Gremlin Nob","floor":12,"turns":5}],"seed_played":"-1188696902848007393","potions_obtained":[{"floor":4,"key":"FairyPotion"},{"floor":8,"key":"SkillPotion"}],"is_trial":false,"path_per_floor":["M","$","M","M","?","R","M","E","T","R","?","E"],"character_chosen":"THE_SILENT","items_purchased":[],"campfire_rested":2,"item_purchase_floors":[],"current_hp_per_floor":[49,49,49,49,31,52,45,4,4,25,14,0],"gold":175,"neow_bonus":"THREE_RARE_CARDS","is_prod":false,"is_daily":false,"chose_seed":false,"campfire_upgraded":0,"win_rate":0,"timestamp":1558245942,"path_taken":["M","$","M","M","?","R","M","E","T","R","?","E"],"build_version":"2019-01-23","purchased_purges":1,"victory":false,"max_hp_per_floor":[70,70,70,70,70,70,70,70,70,70,70,70],"card_choices":[{"not_picked":["Malaise","Venomology"],"picked":"Burst","floor":0},{"not_picked":["Poisoned Stab","Quick Slash"],"picked":"Prepared","floor":1},{"not_picked":["Choke","Dash"],"picked":"Flying Knee","floor":3},{"not_picked":["Dagger Throw","Dagger Spray"],"picked":"Well Laid Plans","floor":4},{"not_picked":["Skewer","Slice"],"picked":"Caltrops","floor":7},{"not_picked":["Blade Dance","Infinite Blades"],"picked":"PiercingWail","floor":8},{"not_picked":["Acrobatics","Bane"],"picked":"Eviscerate","floor":11}],"player_experience":194657,"relics_obtained":[{"floor":8,"key":"Torii"},{"floor":9,"key":"Pantograph"}],"event_choices":[{"damage_healed":0,"gold_gain":0,"player_choice":"Success","damage_taken":18,"relics_obtained":["Bag of Marbles"],"max_hp_gain":0,"max_hp_loss":0,"event_name":"Scrap Ooze","floor":5,"gold_loss":0},{"damage_healed":0,"gold_gain":0,"player_choice":"Searched \u00272\u0027 times","damage_taken":0,"relics_obtained":["Art of War"],"max_hp_gain":0,"max_hp_loss":0,"event_name":"Dead Adventurer","floor":11,"gold_loss":0}],"is_beta":false,"boss_relics":[],"items_purged_floors":[2],"is_endless":false,"potions_floor_spawned":[4,8],"killed_by":"Gremlin Nob","ascension_level":1}