{"path_per_floor":["M","M","?","$","?","R","M","R","T","E","?","R","$","M","R","B",null,"M","M","M","?","$","M","R","M","T"],"character_chosen":"DEFECT","items_purchased":["Leap","Capacitor","Chaos","Capacitor"],"gold_per_floor":[16,31,131,31,31,31,47,47,47,110,185,185,38,61,61,184,184,198,216,231,146,23,38,38,52,121,121],"floor_reached":27,"campfire_rested":2,"playtime":1339,"current_hp_per_floor":[75,74,74,74,56,56,53,53,53,41,30,52,52,44,44,27,75,59,59,43,50,50,32,56,55,55,0],"items_purged":["Strike_B","Strike_B"],"gold":121,"score":245,"play_id":"2afa9bdd-361a-4d47-894f-e7a344e96a08","local_time":"20180427161905","is_prod":false,"is_daily":false,"chose_seed":false,"is_ascension_mode":true,"campfire_upgraded":3,"timestamp":1524863945,"path_taken":["M","M","?","$","?","R","?","R","T","E","?","R","$","M","R","BOSS","M","M","M","?","$","?","R","M","T","M"],"build_version":"2018-04-26v2","seed_source_timestamp":15772441011672,"purchased_purges":2,"victory":false,"master_deck":["Strike_B","Defend_B","Defend_B","Defend_B","Zap+1","Dualcast+1","Impulse","Leap","Capacitor","Leap","Chaos+1","Static Discharge","Rainbow","Cold Snap","Cold Snap+1","Capacitor","Leap"],"max_hp_per_floor":[75,75,75,75,75,75,75,75,75,75,75,75,75,75,75,75,75,75,75,75,82,82,82,82,82,82,82],"relics":["Cracked Core","Golden Idol","Ice Cream","Tiny Chest","Runic Dome","Strawberry","Darkstone Periapt"],"card_choices":[{"not_picked":["Reprogram","Hello World"],"picked":"Impulse","floor":2},{"not_picked":["Hello World","Auto Shields"],"picked":"Leap","floor":7},{"not_picked":["Go for the Eyes","Sweeping Beam"],"picked":"Static Discharge","floor":14},{"not_picked":["Creative AI","Biased Cognition"],"picked":"Rainbow","floor":16},{"not_picked":["Beam Cell","Streamline"],"picked":"Cold Snap","floor":18},{"not_picked":["Melter","Storm"],"picked":"Cold Snap","floor":20},{"not_picked":["Melter","Blaster"],"picked":"Leap","floor":25}],"player_experience":55745,"potions_floor_usage":[16,27],"damage_taken":[{"damage":0,"enemies":"2 Louse","floor":1,"turns":2},{"damage":1,"enemies":"Cultist","floor":2,"turns":4},{"damage":3,"enemies":"Small Slimes","floor":7,"turns":4},{"damage":12,"enemies":"Lagavulin","floor":10,"turns":8},{"damage":8,"enemies":"Blue Slaver","floor":14,"turns":4},{"damage":17,"enemies":"The Guardian","floor":16,"turns":9},{"damage":16,"enemies":"2 Thieves","floor":18,"turns":5},{"damage":0,"enemies":"Shell Parasite","floor":19,"turns":7},{"damage":16,"enemies":"3 Cultists","floor":20,"turns":5},{"damage":18,"enemies":"Snake Plant","floor":23,"turns":4},{"damage":1,"enemies":"Snecko","floor":25,"turns":4},{"damage":70,"enemies":"Cultist and Chosen","floor":27,"turns":5}],"event_choices":[{"event_name":"Wheel of Change","player_choice":"Gold","floor":3,"damage_taken":0},{"event_name":"Golden Idol","player_choice":"Take Damage","floor":5,"damage_taken":0},{"event_name":"World of Goop","player_choice":"Gather Gold","floor":11,"damage_taken":0},{"event_name":"Addict","player_choice":"Obtained Relic","floor":21,"damage_taken":0}],"boss_relics":[{"not_picked":["Runic Pyramid","Velvet Choker"],"picked":"Runic Dome"}],"potions_floor_spawned":[2,7,16,18,25],"seed_played":"6508253770142492426","killed_by":"Cultist and Chosen","ascension_level":3,"is_trial":false}