{"gold_per_floor":[112,112,130,146,71,71,86,101,101,101,111,61,61,79,79,175,175,162,190,113,13,13,13,13],"floor_reached":24,"playtime":1113,"items_purged":["Strike_R","Strike_R"],"score":186,"play_id":"1323a3c1-403e-44cc-b28e-80dfc024a557","local_time":"20180812193959","is_ascension_mode":false,"campfire_choices":[{"data":"Armaments","floor":6,"key":"SMITH"},{"data":"Headbutt","floor":10,"key":"SMITH"},{"data":"True Grit","floor":15,"key":"SMITH"},{"data":"Cleave","floor":23,"key":"SMITH"}],"neow_cost":"NONE","seed_source_timestamp":34730023263677,"circlet_count":0,"master_deck":["Strike_R","Strike_R","Strike_R","Defend_R","Defend_R","Defend_R","Bash+1","Armaments+1","True Grit+1","Headbutt+1","Iron Wave","Cleave+1","J.A.X."],"relics":["Black Blood","Meat on the Bone","Red Mask"],"potions_floor_usage":[19,19],"damage_taken":[{"damage":0,"enemies":"Small Slimes","floor":1,"turns":5},{"damage":1,"enemies":"Jaw Worm","floor":3,"turns":3},{"damage":3,"enemies":"2 Louse","floor":4,"turns":3},{"damage":0,"enemies":"Red Slaver","floor":7,"turns":4},{"damage":9,"enemies":"Lots of Slimes","floor":8,"turns":8},{"damage":4,"enemies":"3 Louse","floor":11,"turns":5},{"damage":4,"enemies":"Exordium Wildlife","floor":14,"turns":4},{"damage":22,"enemies":"The Guardian","floor":16,"turns":12},{"damage":6,"enemies":"2 Thieves","floor":18,"turns":4},{"damage":77,"floor":19,"turns":10},{"damage":28,"enemies":"Spheric Guardian","floor":24,"turns":5}],"seed_played":"8868174933697819478","potions_obtained":[{"floor":1,"key":"Ancient Potion"},{"floor":4,"key":"GamblersBrew"},{"floor":16,"key":"Explosive Potion"},{"floor":18,"key":"EssenceOfSteel"},{"floor":19,"key":"Dexterity Potion"}],"is_trial":false,"path_per_floor":["M","?","M","M","$","R","M","M","T","R","M","?","$","M","R","B",null,"M","?","?","$","$","R"],"character_chosen":"IRONCLAD","items_purchased":[],"campfire_rested":0,"item_purchase_floors":[],"current_hp_per_floor":[80,80,80,80,80,80,80,77,77,77,79,79,79,80,80,64,80,80,25,25,25,25,25,0],"gold":13,"neow_bonus":"UPGRADE_CARD","is_prod":false,"is_daily":false,"chose_seed":false,"campfire_upgraded":4,"win_rate":0,"timestamp":1534073999,"path_taken":["M","?","?","M","$","R","M","M","T","R","?","?","?","M","R","BOSS","M","?","?","?","$","R","M"],"build_version":"2018-08-09","purchased_purges":2,"victory":false,"max_hp_per_floor":[80,80,80,80,80,80,80,80,80,80,80,80,80,80,80,80,80,80,80,80,80,80,80,80],"card_choices":[{"not_picked":["Pummel","Shrug It Off","Intimidate"],"picked":"SKIP","floor":1},{"not_picked":["Spot Weakness","Heavy Blade"],"picked":"Armaments","floor":3},{"not_picked":["Infernal Blade","Anger"],"picked":"True Grit","floor":4},{"not_picked":["Disarm","Body Slam","Warcry"],"picked":"SKIP","floor":7},{"not_picked":["Sword Boomerang","Feed"],"picked":"Headbutt","floor":8},{"not_picked":["Clothesline","Twin Strike"],"picked":"Iron Wave","floor":11},{"not_picked":["Armaments","Sword Boomerang","Sentinel"],"picked":"SKIP","floor":14},{"not_picked":["Armaments","Flex","Intimidate"],"picked":"SKIP","floor":18},{"not_picked":["Sentinel","Rampage"],"picked":"Cleave","floor":19}],"player_experience":378172,"relics_obtained":[{"floor":9,"key":"Meat on the Bone"},{"floor":19,"key":"Red Mask"}],"event_choices":[{"event_name":"Liars Game","player_choice":"disagreed","floor":2,"damage_taken":0},{"event_name":"The Cleric","player_choice":"Card Removal","floor":12,"damage_taken":0},{"event_name":"Masked Bandits","player_choice":"Fought Bandits","floor":19,"damage_taken":0},{"event_name":"Drug Dealer","player_choice":"Got JAXXED","floor":20,"damage_taken":0}],"is_beta":false,"boss_relics":[{"not_picked":["Mark of Pain","Pandora\u0027s Box"],"picked":"Black Blood"}],"items_purged_floors":[5,21],"is_endless":false,"potions_floor_spawned":[1,4,16,18,19],"killed_by":"Spheric Guardian","ascension_level":0}