{"gold_per_floor":[111,128,53,70,85,85,114,114,114,139,139,154,172,182,182,182],"floor_reached":16,"playtime":675,"items_purged":["Strike_R"],"score":114,"play_id":"3bbbc518-5050-490a-9729-9e4053b25196","local_time":"20180812111147","is_ascension_mode":false,"campfire_choices":[{"data":"Anger","floor":6,"key":"SMITH"},{"data":"Cleave","floor":8,"key":"SMITH"},{"data":"Bash","floor":11,"key":"SMITH"},{"data":"Sword Boomerang","floor":15,"key":"SMITH"}],"neow_cost":"","seed_source_timestamp":4678237628596,"circlet_count":0,"master_deck":["Strike_R","Strike_R","Strike_R","Strike_R","Defend_R","Defend_R","Defend_R","Defend_R","Bash+1","Sword Boomerang+1","Anger+1","Cleave+1","Shrug It Off","Shrug It Off","Thunderclap"],"relics":["Burning Blood","Pantograph","Champion Belt","Turnip"],"potions_floor_usage":[13,16,16,16],"damage_taken":[{"damage":1,"enemies":"Jaw Worm","floor":1,"turns":3},{"damage":1,"enemies":"Cultist","floor":2,"turns":3},{"damage":5,"enemies":"2 Louse","floor":4,"turns":3},{"damage":0,"enemies":"Large Slime","floor":5,"turns":4},{"damage":39,"enemies":"3 Sentries","floor":7,"turns":7},{"damage":31,"enemies":"Lagavulin","floor":10,"turns":6},{"damage":5,"enemies":"Looter","floor":12,"turns":3},{"damage":12,"enemies":"3 Louse","floor":13,"turns":2},{"damage":0,"enemies":"2 Fungi Beasts","floor":14,"turns":2},{"damage":49,"enemies":"The Guardian","floor":16,"turns":12}],"seed_played":"7232810154196998940","potions_obtained":[{"floor":4,"key":"SteroidPotion"},{"floor":7,"key":"SteroidPotion"},{"floor":12,"key":"LiquidBronze"},{"floor":13,"key":"Fire Potion"}],"is_trial":false,"path_per_floor":["M","M","$","M","M","R","E","R","T","E","R","M","M","M","R"],"character_chosen":"IRONCLAD","items_purchased":[],"campfire_rested":0,"item_purchase_floors":[],"current_hp_per_floor":[80,80,80,80,80,80,47,47,47,22,22,23,17,23,23,0],"gold":182,"neow_bonus":"","is_prod":false,"is_daily":false,"chose_seed":false,"campfire_upgraded":4,"win_rate":0,"timestamp":1534043507,"path_taken":["M","M","$","M","M","R","E","R","T","E","R","M","M","M","R","BOSS"],"build_version":"2018-08-09","purchased_purges":1,"victory":false,"max_hp_per_floor":[80,80,80,80,80,80,80,80,80,80,80,80,80,80,80,80],"card_choices":[{"not_picked":["Armaments","Havoc","Body Slam"],"picked":"SKIP","floor":1},{"not_picked":["Intimidate","Rage","Disarm"],"picked":"SKIP","floor":2},{"not_picked":["Carnage","Warcry"],"picked":"Sword Boomerang","floor":4},{"not_picked":["Carnage","Wild Strike"],"picked":"Anger","floor":5},{"not_picked":["Barricade","Headbutt"],"picked":"Cleave","floor":7},{"not_picked":["Inflame","Entrench"],"picked":"Shrug It Off","floor":10},{"not_picked":["Havoc","Warcry"],"picked":"Shrug It Off","floor":12},{"not_picked":["Intimidate","Cleave"],"picked":"Thunderclap","floor":13},{"not_picked":["Blood for Blood","Clothesline","Power Through"],"picked":"SKIP","floor":14}],"player_experience":373321,"relics_obtained":[{"floor":7,"key":"Pantograph"},{"floor":9,"key":"Champion Belt"},{"floor":10,"key":"Turnip"}],"event_choices":[],"is_beta":false,"boss_relics":[],"items_purged_floors":[3],"is_endless":false,"potions_floor_spawned":[4,7,12,13],"killed_by":"The Guardian","ascension_level":0}