{"gold_per_floor":[109,128,145,158,177,210,210,210,210,227,227,247,247,257,257,352,352,362,362,138,155,155,155,186,186,210,230,230,262,272,290,290,385,385,397,407,83,43,57,57,69,83,128,142,142,17,17,29,29,29],"floor_reached":51,"playtime":5063,"items_purged":["Strike_R","Defend_R","Strike_R"],"score":645,"play_id":"9349de74-37ee-4a90-80a0-2d4314e11589","local_time":"20190123021136","is_ascension_mode":false,"campfire_choices":[{"data":"Whirlwind","floor":7,"key":"SMITH"},{"data":"Rampage","floor":11,"key":"SMITH"},{"floor":15,"key":"REST"},{"data":"Bash","floor":23,"key":"SMITH"},{"floor":28,"key":"REST"},{"data":"Cleave","floor":32,"key":"SMITH"},{"data":"Shrug It Off","floor":40,"key":"SMITH"},{"data":"Shrug It Off","floor":45,"key":"SMITH"},{"data":"Anger","floor":47,"key":"SMITH"},{"data":"Iron Wave","floor":49,"key":"SMITH"}],"neow_cost":"TEN_PERCENT_HP_LOSS","seed_source_timestamp":106346522935800,"circlet_count":0,"master_deck":["Strike_R+1","Defend_R","Bash+1","Reaper","Anger+1","Metallicize+1","Rampage+1","True Grit","Whirlwind+1","Shrug It Off+1","Heavy Blade","Metallicize+1","Juggernaut+1","Body Slam+1","Shrug It Off+1","Cleave+1","Thunderclap+1","True Grit","Fiend Fire+1","Cleave+1","Anger+1","Feel No Pain+1","Armaments+1","Clash+1","Shrug It Off+1","Iron Wave+1"],"relics":["Burning Blood","Frozen Egg 2","Pocketwatch","Busted Crown","Mummified Hand","Incense Burner","Whetstone","Self Forming Clay","Lizard Tail","Lantern","Potion Belt"],"potions_floor_usage":[16,16,16,24,33,33,33,33,33,39,39,41,50,50,50],"damage_taken":[{"damage":1,"enemies":"Jaw Worm","floor":1,"turns":3},{"damage":11,"enemies":"Small Slimes","floor":2,"turns":5},{"damage":1,"enemies":"Cultist","floor":3,"turns":3},{"damage":12,"enemies":"Exordium Wildlife","floor":4,"turns":5},{"damage":23,"enemies":"Exordium Thugs","floor":5,"turns":6},{"damage":41,"enemies":"Gremlin Nob","floor":6,"turns":6},{"damage":12,"enemies":"Large Slime","floor":10,"turns":5},{"damage":5,"enemies":"2 Fungi Beasts","floor":12,"turns":3},{"damage":3,"enemies":"Gremlin Gang","floor":14,"turns":4},{"damage":22,"enemies":"The Guardian","floor":16,"turns":9},{"damage":2,"enemies":"Spheric Guardian","floor":18,"turns":3},{"damage":0,"enemies":"Chosen","floor":21,"turns":4},{"damage":33,"enemies":"Book of Stabbing","floor":24,"turns":5},{"damage":27,"enemies":"Snake Plant","floor":27,"turns":3},{"damage":8,"enemies":"Gremlin Leader","floor":29,"turns":5},{"damage":10,"enemies":"Chosen and Byrds","floor":30,"turns":3},{"damage":2,"enemies":"Centurion and Healer","floor":31,"turns":3},{"damage":58,"enemies":"Champ","floor":33,"turns":10},{"damage":13,"enemies":"3 Shapes","floor":35,"turns":4},{"damage":2,"enemies":"Orb Walker","floor":36,"turns":3},{"damage":31,"enemies":"Writhing Mass","floor":39,"turns":7},{"damage":14,"enemies":"3 Darklings","floor":41,"turns":4},{"damage":0,"enemies":"Transient","floor":42,"turns":5},{"damage":29,"enemies":"Spire Growth","floor":44,"turns":4},{"damage":1,"enemies":"Sphere and 2 Shapes","floor":48,"turns":3},{"damage":84,"enemies":"Awakened One","floor":50,"turns":12}],"seed_played":"8832587735987940691","potions_obtained":[{"floor":1,"key":"Energy Potion"},{"floor":6,"key":"BloodPotion"},{"floor":10,"key":"PowerPotion"},{"floor":12,"key":"SkillPotion"},{"floor":16,"key":"Fire Potion"},{"floor":18,"key":"FearPotion"},{"floor":19,"key":"GamblersBrew"},{"floor":19,"key":"EntropicBrew"},{"floor":29,"key":"Regen Potion"},{"floor":30,"key":"Fire Potion"},{"floor":33,"key":"BloodPotion"},{"floor":35,"key":"Explosive Potion"},{"floor":41,"key":"EssenceOfSteel"},{"floor":42,"key":"Block Potion"},{"floor":44,"key":"Poison Potion"}],"is_trial":false,"path_per_floor":["M","M","M","M","M","E","R","?","T","M","R","M","?","M","R","B",null,"M","?","$","M","?","R","E","?","T","M","R","E","M","M","R","B",null,"M","M","$","?","M","R","M","M","T","M","R","$","R","M","R","B",null],"character_chosen":"IRONCLAD","items_purchased":["Body Slam","Shrug It Off","Cleave","Lantern","Feel No Pain+1"],"campfire_rested":2,"item_purchase_floors":[20,20,20,37,37],"current_hp_per_floor":[72,71,72,69,52,17,17,17,17,15,15,16,16,27,48,39,72,72,72,72,72,72,72,51,51,51,30,51,49,45,59,59,26,72,65,69,69,69,51,51,43,53,53,36,36,36,36,41,41,13],"gold":29,"neow_bonus":"TRANSFORM_TWO_CARDS","is_prod":false,"is_daily":false,"chose_seed":false,"campfire_upgraded":8,"win_rate":0.0,"timestamp":1548205896,"path_taken":["M","M","M","M","M","E","R","?","T","M","R","M","?","?","R","BOSS","M","?","?","M","?","R","E","?","T","M","R","E","M","?","R","BOSS","M","M","?","?","M","R","?","?","T","M","R","$","R","M","R","BOSS"],"build_version":"2019-01-17v2","purchased_purges":3,"victory":true,"max_hp_per_floor":[72,72,72,72,72,72,72,72,72,72,72,72,72,72,72,72,72,72,72,72,72,72,72,72,72,72,72,72,72,72,72,72,72,72,72,72,72,72,72,72,72,72,72,72,72,72,72,72,72,72],"card_choices":[{"not_picked":["Shrug It Off","Twin Strike"],"picked":"Metallicize","floor":1},{"not_picked":["Sword Boomerang","Iron Wave"],"picked":"Rampage","floor":2},{"not_picked":["Inflame","Reckless Charge"],"picked":"True Grit","floor":3},{"not_picked":["Seeing Red","Rupture"],"picked":"Whirlwind","floor":4},{"not_picked":["Dual Wield","Clothesline"],"picked":"Shrug It Off","floor":5},{"not_picked":["Rupture","Berserk"],"picked":"Heavy Blade","floor":6},{"not_picked":["Warcry","Pummel","Flex"],"picked":"SKIP","floor":10},{"not_picked":["Combust+1","Thunderclap","Wild Strike"],"picked":"SKIP","floor":12},{"not_picked":["Armaments","Flex"],"picked":"Metallicize+1","floor":14},{"not_picked":["Reaper","Feed"],"picked":"Juggernaut+1","floor":16},{"not_picked":["Clothesline"],"picked":"SKIP","floor":18},{"not_picked":["Wild Strike"],"picked":"SKIP","floor":21},{"not_picked":[],"picked":"Thunderclap+1","floor":24},{"not_picked":["Corruption+1"],"picked":"SKIP","floor":27},{"not_picked":[],"picked":"True Grit","floor":29},{"not_picked":["Wild Strike+1"],"picked":"SKIP","floor":30},{"not_picked":["Perfected Strike"],"picked":"SKIP","floor":31},{"not_picked":[],"picked":"Fiend Fire","floor":33},{"not_picked":[],"picked":"Cleave+1","floor":35},{"not_picked":[],"picked":"Anger+1","floor":36},{"not_picked":[],"picked":"Armaments+1","floor":39},{"not_picked":["True Grit+1"],"picked":"SKIP","floor":41},{"not_picked":[],"picked":"Clash+1","floor":42},{"not_picked":[],"picked":"Shrug It Off+1","floor":44},{"not_picked":[],"picked":"Iron Wave","floor":48}],"player_experience":81207,"relics_obtained":[{"floor":6,"key":"Frozen Egg 2"},{"floor":9,"key":"Pocketwatch"},{"floor":24,"key":"Mummified Hand"},{"floor":25,"key":"Incense Burner"},{"floor":26,"key":"Whetstone"},{"floor":29,"key":"Self Forming Clay"},{"floor":43,"key":"Potion Belt"}],"event_choices":[{"damage_healed":0,"gold_gain":0,"player_choice":"Grow","damage_taken":0,"max_hp_gain":0,"max_hp_loss":0,"event_name":"Living Wall","floor":8,"gold_loss":0,"cards_upgraded":["Metallicize"]},{"cards_removed":["Strike_R"],"damage_healed":0,"gold_gain":0,"player_choice":"Purged","damage_taken":0,"max_hp_gain":0,"max_hp_loss":0,"event_name":"Purifier","floor":13,"gold_loss":0},{"damage_healed":0,"gold_gain":0,"player_choice":"Got Potions","damage_taken":0,"max_hp_gain":0,"max_hp_loss":0,"event_name":"Lab","floor":19,"gold_loss":0},{"cards_removed":["Defend_R"],"damage_healed":0,"gold_gain":0,"player_choice":"Elegance","damage_taken":0,"max_hp_gain":0,"max_hp_loss":0,"event_name":"Back to Basics","floor":22,"gold_loss":0},{"damage_healed":0,"gold_gain":0,"player_choice":"Relic","damage_taken":0,"max_hp_gain":0,"max_hp_loss":0,"event_name":"Wheel of Change","floor":25,"gold_loss":0},{"damage_healed":0,"gold_gain":0,"player_choice":"Upgrade","damage_taken":0,"max_hp_gain":0,"max_hp_loss":0,"event_name":"Designer","floor":38,"gold_loss":40,"cards_upgraded":["Fiend Fire"]}],"is_beta":false,"boss_relics":[{"not_picked":["Runic Pyramid","Ectoplasm"],"picked":"Busted Crown"},{"not_picked":["Tiny House","Mark of Pain"],"picked":"Lizard Tail"}],"items_purged_floors":[20,37,46],"is_endless":false,"potions_floor_spawned":[1,6,10,12,16,18,29,30,31,33,35,41,42,44],"ascension_level":0}