{"gold_per_floor":[114,129,96,111,126,156,156,171,221,221,236,251,281,296,296,396,396,411,164,164,79,94,124,124,124,179,209,209,224,239,254,254,354,354,369,384,384,13,28,28,43,58,58,73,73,85,100,115,115,115],"floor_reached":51,"playtime":4337,"items_purged":["Strike_G"],"score":682,"play_id":"7f214b97-a502-4578-980a-b7dd768d9b6b","local_time":"20190521131022","daily_mods":["Chimera","ControlledChaos","Night Terrors"],"is_ascension_mode":false,"campfire_choices":[{"floor":10,"key":"REST"},{"data":"Static Discharge","floor":15,"key":"SMITH"},{"floor":24,"key":"REST"},{"data":"Double Energy","floor":28,"key":"SMITH"},{"floor":32,"key":"REST"},{"floor":45,"key":"REST"},{"data":"Storm","floor":49,"key":"SMITH"}],"neow_cost":"","seed_source_timestamp":0,"circlet_count":0,"master_deck":["Bash","Survivor","Zap","Strike_B","Defend_R","Defend_G","Defend_B","Heatsinks","Redo","Static Discharge","Conserve Battery","Echo Form","Static Discharge+1","Self Repair","Leap","Double Energy+1","Seek","Chrysalis","Chrysalis","Panacea","Seek","Parasite","Conserve Battery+1","White Noise","Buffer","Creative AI","Apotheosis","Capacitor","Storm+1"],"special_seed":18037,"relics":["Cracked Core","Frozen Eye","Du-Vu Doll","Bag of Preparation","Pen Nib","Cursed Key","Bottled Lightning","Tiny Chest","Omamori","Nuclear Battery","Strange Spoon","Gremlin Horn","Turnip"],"potions_floor_usage":[16,23,27,30,30,30,33,46,46,50,50,50],"damage_taken":[{"damage":1,"enemies":"Cultist","floor":1,"turns":3},{"damage":3,"enemies":"2 Louse","floor":2,"turns":3},{"damage":11,"enemies":"Jaw Worm","floor":4,"turns":4},{"damage":8,"enemies":"Exordium Wildlife","floor":5,"turns":4},{"damage":15,"enemies":"Lagavulin","floor":6,"turns":6},{"damage":11,"enemies":"Exordium Thugs","floor":8,"turns":5},{"damage":0,"enemies":"Large Slime","floor":11,"turns":4},{"damage":12,"enemies":"Exordium Wildlife","floor":12,"turns":3},{"damage":11,"enemies":"3 Sentries","floor":13,"turns":5},{"damage":5,"enemies":"Looter","floor":14,"turns":4},{"damage":30,"enemies":"Hexaghost","floor":16,"turns":8},{"damage":5,"enemies":"3 Byrds","floor":18,"turns":2},{"damage":16,"enemies":"Shell Parasite","floor":22,"turns":4},{"damage":30,"enemies":"Book of Stabbing","floor":23,"turns":5},{"damage":30,"enemies":"Slavers","floor":27,"turns":2},{"damage":15,"enemies":"Cultist and Chosen","floor":29,"turns":4},{"damage":5,"enemies":"3 Cultists","floor":30,"turns":3},{"damage":10,"enemies":"Snecko","floor":31,"turns":4},{"damage":17,"enemies":"Automaton","floor":33,"turns":9},{"damage":9,"enemies":"3 Shapes","floor":35,"turns":3},{"damage":21,"enemies":"Orb Walker","floor":36,"turns":4},{"damage":9,"enemies":"3 Darklings","floor":39,"turns":6},{"damage":9,"enemies":"Spire Growth","floor":41,"turns":4},{"damage":1,"enemies":"Maw","floor":42,"turns":6},{"damage":35,"enemies":"3 Darklings","floor":44,"turns":5},{"damage":18,"enemies":"2 Orb Walkers","floor":46,"turns":5},{"damage":0,"enemies":"Writhing Mass","floor":47,"turns":5},{"damage":12,"enemies":"Jaw Worm Horde","floor":48,"turns":4},{"damage":22,"enemies":"Awakened One","floor":50,"turns":8}],"seed_played":"-7280386136630335372","potions_obtained":[{"floor":2,"key":"SpeedPotion"},{"floor":5,"key":"Dexterity Potion"},{"floor":11,"key":"Strength Potion"},{"floor":13,"key":"Regen Potion"},{"floor":16,"key":"Dexterity Potion"},{"floor":23,"key":"Explosive Potion"},{"floor":27,"key":"Energy Potion"},{"floor":29,"key":"FocusPotion"},{"floor":30,"key":"GamblersBrew"},{"floor":35,"key":"Fire Potion"},{"floor":37,"key":"PowerPotion"},{"floor":37,"key":"Swift Potion"},{"floor":46,"key":"PowerPotion"},{"floor":48,"key":"AttackPotion"}],"is_trial":false,"path_per_floor":["M","M","$","M","M","E","?","M","T","R","M","M","E","M","R","B",null,"M","$","?","$","M","E","R","?","T","E","R","M","M","M","R","B",null,"M","M","?","$","M","$","M","M","T","M","R","?","M","M","R","B",null],"character_chosen":"DEFECT","items_purchased":["Static Discharge","Chrysalis","Panacea","Apotheosis","Strange Spoon"],"campfire_rested":4,"item_purchase_floors":[3,19,21,38,38],"current_hp_per_floor":[74,71,71,60,52,37,37,26,26,70,70,58,54,56,56,55,70,70,70,70,70,61,38,65,65,65,42,42,34,36,33,60,50,60,58,44,44,44,42,42,43,49,49,24,55,51,55,53,53,31],"gold":115,"neow_bonus":"","is_prod":false,"is_daily":true,"chose_seed":false,"campfire_upgraded":3,"win_rate":0,"timestamp":1558411822,"path_taken":["M","M","?","M","M","E","?","M","T","R","M","M","E","?","R","BOSS","M","$","?","$","?","E","R","?","T","E","R","M","M","M","R","BOSS","M","M","?","$","M","?","M","M","T","M","R","?","M","M","R","BOSS"],"build_version":"2019-01-23","purchased_purges":1,"victory":true,"max_hp_per_floor":[75,75,75,75,75,75,75,75,75,70,70,70,70,70,70,70,70,70,70,70,70,70,70,65,65,65,65,65,65,65,65,60,60,60,60,60,60,60,60,60,60,60,60,60,55,55,55,55,55,55],"card_choices":[{"not_picked":["Streamline","Turbo"],"picked":"Heatsinks","floor":1},{"not_picked":["Beam Cell","Barrage"],"picked":"Redo","floor":2},{"not_picked":["Consume","Sweeping Beam"],"picked":"Conserve Battery","floor":4},{"not_picked":["Coolheaded","Sweeping Beam","Go for the Eyes"],"picked":"SKIP","floor":5},{"not_picked":["Reinforced Body","Leap"],"picked":"Echo Form","floor":6},{"not_picked":["Coolheaded","Go for the Eyes"],"picked":"Static Discharge","floor":8},{"not_picked":["Steam","FTL"],"picked":"Self Repair","floor":11},{"not_picked":["Compile Driver","Chaos"],"picked":"Leap","floor":12},{"not_picked":["Reboot","Steam"],"picked":"Double Energy","floor":13},{"not_picked":["Gash","Streamline","Beam Cell"],"picked":"SKIP","floor":14},{"not_picked":["Reboot","Multi-Cast"],"picked":"Seek","floor":16},{"not_picked":["Stack","Steam+1","Barrage+1"],"picked":"SKIP","floor":18},{"not_picked":["Tempest","Rip and Tear","Stack"],"picked":"SKIP","floor":22},{"not_picked":["Lockon","Coolheaded+1"],"picked":"Seek","floor":23},{"not_picked":["Fusion+1","Gash+1"],"picked":"Conserve Battery+1","floor":27},{"not_picked":["Darkness","Stack","Turbo"],"picked":"SKIP","floor":29},{"not_picked":["Sweeping Beam","Static Discharge"],"picked":"White Noise","floor":30},{"not_picked":["Sweeping Beam","Melter"],"picked":"Buffer","floor":31},{"not_picked":["Hyperbeam","Meteor Strike"],"picked":"Creative AI","floor":33},{"not_picked":["Auto Shields+1","Reinforced Body","Turbo"],"picked":"SKIP","floor":35},{"not_picked":["FTL+1","Blizzard+1","Darkness+1"],"picked":"SKIP","floor":36},{"not_picked":["Tempest","Hologram","Gash"],"picked":"SKIP","floor":39},{"not_picked":["Leap+1","Tempest"],"picked":"Capacitor","floor":41},{"not_picked":["Conserve Battery","Leap+1","Hologram"],"picked":"SKIP","floor":42},{"not_picked":["Rebound","Barrage+1","BootSequence+1"],"picked":"SKIP","floor":44},{"not_picked":["Stack+1","Beam Cell"],"picked":"Storm","floor":46},{"not_picked":["Rebound+1","Hologram","Sweeping Beam+1"],"picked":"SKIP","floor":47},{"not_picked":["Go for the Eyes+1","Cold Snap","Beam Cell+1"],"picked":"SKIP","floor":48}],"player_experience":406698,"relics_obtained":[{"floor":6,"key":"Du-Vu Doll"},{"floor":9,"key":"Bag of Preparation"},{"floor":13,"key":"Pen Nib"},{"floor":23,"key":"Bottled Lightning"},{"floor":26,"key":"Tiny Chest"},{"floor":27,"key":"Omamori"},{"floor":43,"key":"Gremlin Horn"},{"floor":46,"key":"Turnip"}],"event_choices":[{"cards_removed":["Strike_R"],"damage_healed":0,"gold_gain":0,"player_choice":"Card Removal","damage_taken":0,"max_hp_gain":0,"max_hp_loss":0,"event_name":"Wheel of Change","floor":7,"gold_loss":0},{"damage_healed":0,"gold_gain":0,"player_choice":"Copied","damage_taken":0,"max_hp_gain":0,"max_hp_loss":0,"event_name":"Duplicator","floor":20,"gold_loss":0,"cards_obtained":["Chrysalis"]},{"damage_healed":0,"gold_gain":0,"player_choice":"Ignored","damage_taken":0,"max_hp_gain":0,"max_hp_loss":0,"event_name":"Vampires","floor":25,"gold_loss":0},{"damage_healed":0,"gold_gain":0,"player_choice":"Got Potions","damage_taken":0,"max_hp_gain":0,"max_hp_loss":0,"event_name":"Lab","floor":37,"gold_loss":0},{"damage_healed":0,"gold_gain":0,"player_choice":"Fight","damage_taken":0,"max_hp_gain":0,"max_hp_loss":0,"event_name":"Mysterious Sphere","floor":46,"gold_loss":0}],"is_beta":false,"boss_relics":[{"not_picked":["Eternal Feather","Snecko Eye"],"picked":"Cursed Key"},{"not_picked":["Empty Cage","Runic Pyramid"],"picked":"Nuclear Battery"}],"items_purged_floors":[19],"is_endless":false,"potions_floor_spawned":[2,5,11,13,16,23,27,29,30,35,39,46,48],"ascension_level":0}