{"gold_per_floor":[117,134,145,163,163,196,216,251,251,251,272,293,316,357,357,482,482,502,518,101,114,114],"floor_reached":22,"playtime":2265,"items_purged":["Strike_B"],"score":273,"play_id":"a4d647bb-9388-4c4c-98ae-36e6cef60cad","local_time":"20180721135720","is_ascension_mode":true,"campfire_choices":[{"data":"Glacier","floor":10,"key":"SMITH"},{"data":"Streamline","floor":15,"key":"SMITH"}],"neow_cost":"NONE","seed_source_timestamp":65821061730994,"circlet_count":0,"master_deck":["Strike_B","Strike_B","Strike_B","Defend_B","Defend_B","Defend_B","Defend_B","Zap","Dualcast","Ball Lightning","Gash","Streamline+1","Melter","Melter","Glacier+1","Gash","Leap","Streamline+1","Rebound+1","Barrage+1","Machine Learning","Consume","Barrage+1","Loop","Cold Snap+1"],"relics":["Sozu","Golden Idol","Meat on the Bone","Bag of Preparation","Molten Egg 2","Juzu Bracelet","Inserter","Gambling Chip"],"potions_floor_usage":[],"damage_taken":[{"damage":1,"enemies":"Cultist","floor":1,"turns":4},{"damage":0,"enemies":"Small Slimes","floor":2,"turns":3},{"damage":5,"enemies":"2 Louse","floor":3,"turns":2},{"damage":9,"enemies":"Red Slaver","floor":4,"turns":4},{"damage":20,"enemies":"Lagavulin","floor":6,"turns":6},{"damage":6,"enemies":"Exordium Thugs","floor":7,"turns":4},{"damage":21,"enemies":"Gremlin Nob","floor":8,"turns":4},{"damage":0,"enemies":"Looter","floor":11,"turns":3},{"damage":4,"enemies":"2 Fungi Beasts","floor":12,"turns":2},{"damage":6,"enemies":"Exordium Thugs","floor":13,"turns":4},{"damage":0,"enemies":"3 Sentries","floor":14,"turns":5},{"damage":20,"enemies":"Hexaghost","floor":16,"turns":8},{"damage":12,"enemies":"Chosen","floor":18,"turns":4},{"damage":12,"enemies":"Shell Parasite","floor":19,"turns":6},{"damage":27,"enemies":"3 Cultists","floor":21,"turns":5},{"damage":39,"enemies":"Snecko","floor":22,"turns":4}],"seed_played":"147631441698423520","potions_obtained":[],"is_trial":false,"path_per_floor":["M","M","M","M","?","E","M","E","T","R","M","M","M","E","R","B",null,"M","M","$","M"],"character_chosen":"DEFECT","items_purchased":["Loop","Gambling Chip"],"campfire_rested":0,"item_purchase_floors":[20,20],"current_hp_per_floor":[74,74,69,60,42,22,28,19,19,19,31,39,45,45,45,37,75,63,51,51,36,0],"gold":114,"neow_bonus":"BOSS_RELIC","is_prod":false,"is_daily":false,"chose_seed":false,"campfire_upgraded":2,"win_rate":0,"timestamp":1532152640,"path_taken":["M","M","M","?","?","E","M","E","T","R","M","M","M","E","R","BOSS","M","M","$","M","M"],"build_version":"2018-07-19v2","purchased_purges":1,"victory":false,"max_hp_per_floor":[75,75,75,75,75,75,75,75,75,75,75,75,75,75,75,75,75,75,75,75,75,75],"card_choices":[{"not_picked":["Steam Power","Redo"],"picked":"Ball Lightning","floor":1},{"not_picked":["Aggregate","Consume"],"picked":"Gash","floor":2},{"not_picked":["Leap","Rebound"],"picked":"Streamline","floor":3},{"not_picked":["Turbo","Barrage"],"picked":"Melter","floor":4},{"not_picked":["Redo","Beam Cell"],"picked":"Melter","floor":6},{"not_picked":["Cold Snap","Double Energy"],"picked":"Glacier","floor":7},{"not_picked":["Doom and Gloom","Barrage"],"picked":"Gash","floor":8},{"not_picked":["Force Field","Storm"],"picked":"Leap","floor":11},{"not_picked":["Beam Cell+1","Defragment"],"picked":"Streamline+1","floor":12},{"not_picked":["Chaos","Go for the Eyes+1"],"picked":"Rebound+1","floor":13},{"not_picked":["Self Repair","Rebound+1"],"picked":"Barrage+1","floor":14},{"not_picked":["Hyperbeam+1","Biased Cognition"],"picked":"Machine Learning","floor":16},{"not_picked":["Steam Power","Steam"],"picked":"Consume","floor":18},{"not_picked":["Steam","Leap"],"picked":"Barrage+1","floor":19},{"not_picked":["Redo","Rebound+1"],"picked":"Cold Snap+1","floor":21}],"player_experience":189786,"relics_obtained":[{"floor":6,"key":"Meat on the Bone"},{"floor":8,"key":"Bag of Preparation"},{"floor":9,"key":"Molten Egg 2"},{"floor":14,"key":"Juzu Bracelet"}],"event_choices":[{"event_name":"Golden Idol","player_choice":"Take Damage","floor":5,"damage_taken":0}],"is_beta":false,"boss_relics":[{"not_picked":["Tiny House","Coffee Dripper"],"picked":"Inserter"}],"items_purged_floors":[20],"is_endless":false,"potions_floor_spawned":[2,6,7,12,14,16,18],"killed_by":"Snecko","ascension_level":3}