{"gold_per_floor":[109,109,109,123,134,134,146,146,146,162,162,179,214,234,234,333,333,351,366,291,291,216,216,248,264,264,290,290,307,207,5,5,109,109,120,120,139,239,251,251,101,131,178,35,35,50,82,82,82,82],"floor_reached":51,"playtime":3377,"items_purged":["Defend_R","Strike_R","Defend_R","Defend_R"],"score":1180,"play_id":"f159c89a-e2c8-4635-bc30-e0001a8ccd8c","local_time":"20181217213042","is_ascension_mode":true,"campfire_choices":[{"data":"Infernal Blade","floor":6,"key":"SMITH"},{"data":"Blood for Blood","floor":8,"key":"SMITH"},{"data":"Cleave","floor":11,"key":"SMITH"},{"data":"Combust","floor":15,"key":"SMITH"},{"data":"Flame Barrier","floor":23,"key":"SMITH"},{"data":"Rupture","floor":28,"key":"SMITH"},{"floor":32,"key":"REST"},{"data":"Seeing Red","floor":40,"key":"SMITH"},{"floor":45,"key":"REST"},{"floor":49,"key":"REST"}],"neow_cost":"NONE","seed_source_timestamp":440384605822970,"circlet_count":0,"master_deck":["AscendersBane","Bash+1","Infernal Blade+1","Cleave+1","Blood for Blood+1","Flame Barrier+1","Combust+1","Ghostly Armor+1","Seeing Red+1","Feed+1","Seeing Red","Rupture+1","Dark Embrace","Seeing Red","Blood for Blood+1","Feed","Flex+1","Disarm+1","Inflame+1","Seeing Red+1","Ghostly Armor+1","Madness","Madness"],"relics":["Burning Blood","Centennial Puzzle","Ornamental Fan","Runic Pyramid","War Paint","Matryoshka","Red Mask","White Beast Statue","Prayer Wheel","Happy Flower","Blood Vial","Lantern","Whetstone","Singing Bowl"],"potions_floor_usage":[16,16,24,25,27,33,38,42,50,50],"damage_taken":[{"damage":8,"enemies":"Jaw Worm","floor":1,"turns":4},{"damage":9,"enemies":"2 Louse","floor":4,"turns":3},{"damage":0,"enemies":"Small Slimes","floor":5,"turns":3},{"damage":8,"enemies":"Blue Slaver","floor":7,"turns":2},{"damage":0,"enemies":"3 Louse","floor":10,"turns":3},{"damage":11,"enemies":"Looter","floor":12,"turns":2},{"damage":9,"enemies":"Gremlin Nob","floor":13,"turns":3},{"damage":6,"enemies":"Exordium Thugs","floor":14,"turns":4},{"damage":23,"enemies":"Slime Boss","floor":16,"turns":8},{"damage":11,"enemies":"3 Byrds","floor":18,"turns":3},{"damage":1,"enemies":"Chosen","floor":19,"turns":4},{"damage":18,"enemies":"Gremlin Leader","floor":24,"turns":4},{"damage":10,"enemies":"Snake Plant","floor":25,"turns":3},{"damage":33,"enemies":"Masked Bandits","floor":27,"turns":3},{"damage":5,"enemies":"Snecko","floor":29,"turns":4},{"damage":53,"enemies":"Automaton","floor":33,"turns":11},{"damage":28,"enemies":"3 Darklings","floor":35,"turns":3},{"damage":5,"enemies":"3 Shapes","floor":37,"turns":2},{"damage":17,"enemies":"Mind Bloom Boss Battle","floor":38,"turns":5},{"damage":29,"enemies":"Sphere and 2 Shapes","floor":39,"turns":6},{"damage":34,"enemies":"Nemesis","floor":42,"turns":7},{"damage":13,"enemies":"Maw","floor":46,"turns":5},{"damage":25,"enemies":"Giant Head","floor":47,"turns":8},{"damage":13,"enemies":"Donu and Deca","floor":50,"turns":7}],"seed_played":"3682077554788199085","potions_obtained":[{"floor":4,"key":"EssenceOfSteel"},{"floor":5,"key":"Fire Potion"},{"floor":12,"key":"Block Potion"},{"floor":16,"key":"Ancient Potion"},{"floor":18,"key":"Dexterity Potion"},{"floor":24,"key":"Explosive Potion"},{"floor":27,"key":"Block Potion"},{"floor":35,"key":"Swift Potion"},{"floor":37,"key":"Explosive Potion"},{"floor":38,"key":"SpeedPotion"},{"floor":39,"key":"BloodPotion"},{"floor":42,"key":"SpeedPotion"},{"floor":46,"key":"Explosive Potion"}],"is_trial":false,"path_per_floor":["M","?","?","M","M","R","M","R","T","M","R","M","E","M","R","B",null,"M","M","?","?","$","R","E","M","T","?","R","M","$","$","R","B",null,"M","$","M","?","M","R","$","E","T","$","R","M","E","?","R","B",null],"character_chosen":"IRONCLAD","items_purchased":["Blood for Blood","Whetstone"],"campfire_rested":3,"item_purchase_floors":[31,44],"current_hp_per_floor":[70,70,63,60,66,66,64,64,64,70,70,65,62,62,62,45,71,69,74,74,74,74,74,62,61,61,34,34,35,35,35,60,13,68,49,49,53,48,31,31,31,13,13,13,44,43,32,18,52,51],"gold":82,"neow_bonus":"UPGRADE_CARD","is_prod":false,"is_daily":false,"chose_seed":false,"campfire_upgraded":7,"win_rate":0,"timestamp":1545053442,"path_taken":["M","?","?","M","M","R","M","R","T","M","R","M","E","M","R","BOSS","M","M","?","?","$","R","E","M","T","?","R","M","?","$","R","BOSS","M","$","M","?","M","R","$","E","T","$","R","M","E","?","R","BOSS"],"build_version":"2018-12-13","purchased_purges":4,"victory":true,"max_hp_per_floor":[80,80,80,80,80,80,80,80,80,80,80,80,80,80,80,80,80,83,83,83,83,83,83,83,86,86,86,86,86,86,86,86,86,86,89,89,92,98,104,104,104,104,104,104,104,108,114,114,114,118],"card_choices":[{"not_picked":["Havoc","Shrug It Off"],"picked":"Infernal Blade","floor":1},{"not_picked":["Sword Boomerang","Shockwave"],"picked":"Cleave","floor":4},{"not_picked":["Corruption","Hemokinesis","Reckless Charge"],"picked":"SKIP","floor":5},{"not_picked":["Shockwave","Fire Breathing"],"picked":"Blood for Blood","floor":7},{"not_picked":["Headbutt","Perfected Strike"],"picked":"Flame Barrier","floor":10},{"not_picked":["Combust","Carnage","Reckless Charge"],"picked":"SKIP","floor":12},{"not_picked":["Carnage","Reckless Charge"],"picked":"Combust","floor":12},{"not_picked":["Searing Blow","Metallicize"],"picked":"Ghostly Armor","floor":13},{"not_picked":["Twin Strike","Cleave"],"picked":"Seeing Red","floor":14},{"not_picked":["Immolate","Fiend Fire"],"picked":"Feed","floor":16},{"not_picked":["Uppercut","Warcry","Shrug It Off"],"picked":"SKIP","floor":18},{"not_picked":["Twin Strike","Clothesline"],"picked":"Seeing Red","floor":19},{"not_picked":["Thunderclap+1","Perfected Strike","Wild Strike"],"picked":"SKIP","floor":24},{"not_picked":["Rage","Shrug It Off+1"],"picked":"Seeing Red","floor":25},{"not_picked":["Intimidate","Shockwave","Body Slam"],"picked":"SKIP","floor":29},{"not_picked":["Impervious","Immolate"],"picked":"Feed","floor":33},{"not_picked":["Inflame","Armaments"],"picked":"Flex+1","floor":35},{"not_picked":["Clash","Spot Weakness"],"picked":"Disarm+1","floor":37},{"not_picked":["Infernal Blade","Sever Soul"],"picked":"Inflame+1","floor":39},{"not_picked":["Intimidate","Iron Wave+1"],"picked":"Seeing Red","floor":39},{"not_picked":["Armaments","Perfected Strike","Iron Wave"],"picked":"SKIP","floor":42},{"not_picked":["Twin Strike","Pummel+1"],"picked":"Ghostly Armor+1","floor":46},{"not_picked":["Shrug It Off","Perfected Strike","Pommel Strike"],"picked":"SKIP","floor":46},{"not_picked":["Disarm","Armaments","Dual Wield+1"],"picked":"Singing Bowl","floor":47}],"player_experience":586618,"relics_obtained":[{"floor":9,"key":"Centennial Puzzle"},{"floor":13,"key":"Ornamental Fan"},{"floor":24,"key":"War Paint"},{"floor":26,"key":"Matryoshka"},{"floor":27,"key":"Red Mask"},{"floor":38,"key":"Prayer Wheel"},{"floor":42,"key":"Happy Flower"},{"floor":43,"key":"Blood Vial"},{"floor":43,"key":"Lantern"},{"floor":47,"key":"Singing Bowl"}],"event_choices":[{"cards_removed":["Strike_R"],"damage_healed":0,"gold_gain":0,"player_choice":"Forget","damage_taken":0,"max_hp_gain":0,"max_hp_loss":0,"event_name":"Living Wall","floor":2,"gold_loss":0},{"cards_removed":["Strike_R"],"damage_healed":0,"gold_gain":0,"player_choice":"Card Removal","damage_taken":7,"max_hp_gain":0,"max_hp_loss":0,"event_name":"Golden Wing","floor":3,"gold_loss":0},{"cards_removed":["Strike_R"],"damage_healed":0,"gold_gain":0,"player_choice":"Gave Gold","damage_taken":0,"max_hp_gain":0,"max_hp_loss":0,"event_name":"Beggar","floor":20,"gold_loss":75},{"damage_healed":0,"gold_gain":0,"cards_transformed":["Defend_R","Strike_R"],"player_choice":"Became Test Subject","damage_taken":0,"max_hp_gain":0,"max_hp_loss":0,"event_name":"Drug Dealer","floor":21,"gold_loss":0,"cards_obtained":["Rupture","Dark Embrace"]},{"damage_healed":0,"gold_gain":0,"player_choice":"Fought Bandits","damage_taken":0,"max_hp_gain":0,"max_hp_loss":0,"event_name":"Masked Bandits","floor":27,"gold_loss":0},{"damage_healed":0,"gold_gain":0,"player_choice":"Fight","damage_taken":0,"max_hp_gain":0,"max_hp_loss":0,"event_name":"MindBloom","floor":38,"gold_loss":0},{"damage_healed":0,"gold_gain":0,"player_choice":"Embrace Madness","damage_taken":14,"max_hp_gain":0,"max_hp_loss":0,"event_name":"Winding Halls","floor":48,"gold_loss":0,"cards_obtained":["Madness","Madness"]}],"is_beta":false,"boss_relics":[{"not_picked":["Busted Crown","Snecko Eye"],"picked":"Runic Pyramid"},{"not_picked":["Lizard Tail","Orrery"],"picked":"White Beast Statue"}],"items_purged_floors":[22,30,31,41],"is_endless":false,"potions_floor_spawned":[4,5,12,16,18,24,27,35,37,38,39,42,46,47],"ascension_level":12}