{"gold_per_floor":[109,109,109,123,123,123,150,168,244,276,287,307,307],"floor_reached":13,"playtime":428,"items_purged":[],"score":216,"play_id":"650ba957-c1ad-424b-b17a-cc027bf61b21","local_time":"20190101142552","is_ascension_mode":true,"campfire_choices":[{"data":"Cleave","floor":6,"key":"SMITH"}],"neow_cost":"NONE","seed_source_timestamp":177984305637330,"circlet_count":0,"master_deck":["AscendersBane","Strike_R","Strike_R","Strike_R","Defend_R","Defend_R","Defend_R","Defend_R","Bash","Pommel Strike","Cleave+1","Limit Break","Limit Break","Rampage","Twin Strike","Seeing Red"],"relics":["Burning Blood","NeowsBlessing","Dream Catcher","Sundial","Bottled Flame"],"potions_floor_usage":[11],"damage_taken":[{"damage":0,"enemies":"Jaw Worm","floor":1,"turns":1},{"damage":0,"enemies":"Small Slimes","floor":4,"turns":1},{"damage":0,"enemies":"3 Sentries","floor":7,"turns":2},{"damage":0,"enemies":"2 Louse","floor":8,"turns":2},{"damage":56,"enemies":"Lagavulin","floor":10,"turns":7},{"damage":20,"enemies":"Exordium Thugs","floor":11,"turns":4},{"damage":5,"enemies":"2 Fungi Beasts","floor":12,"turns":3},{"damage":14,"enemies":"Lots of Slimes","floor":13,"turns":1}],"seed_played":"-5453284849313339504","potions_obtained":[{"floor":4,"key":"GamblersBrew"},{"floor":7,"key":"FearPotion"},{"floor":12,"key":"FearPotion"}],"is_trial":false,"path_per_floor":["M","?","?","M","?","R","E","M","T","E","M","M","M"],"character_chosen":"IRONCLAD","items_purchased":[],"campfire_rested":0,"item_purchase_floors":[],"current_hp_per_floor":[74,67,67,73,73,73,75,75,75,25,11,12,0],"gold":307,"neow_bonus":"THREE_ENEMY_KILL","is_prod":false,"is_daily":false,"chose_seed":false,"campfire_upgraded":1,"win_rate":0,"timestamp":1546323952,"path_taken":["M","?","?","M","?","R","E","M","T","E","?","M","M"],"build_version":"2018-12-20","purchased_purges":0,"victory":false,"max_hp_per_floor":[75,75,75,75,75,75,75,75,75,75,75,75,75],"card_choices":[{"not_picked":["Warcry","Clash"],"picked":"Pommel Strike","floor":1},{"not_picked":["Clash","Headbutt"],"picked":"Cleave","floor":4},{"not_picked":["Disarm","Cleave"],"picked":"Limit Break","floor":7},{"not_picked":["Armaments","Iron Wave"],"picked":"Rampage","floor":8},{"not_picked":["Inflame","Clash","Rage"],"picked":"SKIP","floor":10},{"not_picked":["Clothesline","Havoc"],"picked":"Twin Strike","floor":11},{"not_picked":["Sword Boomerang","Headbutt"],"picked":"Seeing Red","floor":12}],"player_experience":636939,"relics_obtained":[{"floor":7,"key":"Dream Catcher"},{"floor":9,"key":"Sundial"},{"floor":10,"key":"Bottled Flame"}],"event_choices":[{"cards_removed":["Strike_R"],"damage_healed":0,"gold_gain":0,"player_choice":"Card Removal","damage_taken":7,"max_hp_gain":0,"max_hp_loss":0,"event_name":"Golden Wing","floor":2,"gold_loss":0},{"damage_healed":0,"gold_gain":0,"player_choice":"Ignored","damage_taken":0,"max_hp_gain":0,"max_hp_loss":0,"event_name":"Liars Game","floor":3,"gold_loss":0},{"damage_healed":0,"gold_gain":0,"cards_transformed":["Strike_R"],"player_choice":"Transformed","damage_taken":0,"max_hp_gain":0,"max_hp_loss":0,"event_name":"Transmorgrifier","floor":5,"gold_loss":0,"cards_obtained":["Limit Break"]}],"is_beta":false,"boss_relics":[],"items_purged_floors":[],"is_endless":false,"potions_floor_spawned":[4,7,8,12],"killed_by":"Lots of Slimes","ascension_level":16}