{"gold_per_floor":[113,113,38,38,48,81,81,91,91,91,104,104,129,54,54,54],"floor_reached":16,"playtime":425,"items_purged":["Strike_R"],"score":239,"play_id":"a3cf9449-4de7-4308-984f-c0039867c9b4","local_time":"20181230082528","is_ascension_mode":true,"campfire_choices":[{"data":"Bash","floor":7,"key":"SMITH"},{"data":"True Grit","floor":10,"key":"SMITH"},{"data":"Pommel Strike","floor":12,"key":"SMITH"},{"data":"Shrug It Off","floor":15,"key":"SMITH"}],"neow_cost":"NONE","seed_source_timestamp":744323184842497,"circlet_count":0,"master_deck":["AscendersBane","Strike_R","Strike_R","Strike_R","Defend_R","Defend_R","Defend_R","Bash+1","Pommel Strike+1","True Grit+1","Shrug It Off","Shrug It Off+1"],"relics":["Burning Blood","NeowsBlessing","Prayer Wheel","Ornamental Fan","PreservedInsect"],"potions_floor_usage":[13],"damage_taken":[{"damage":0,"enemies":"Small Slimes","floor":1,"turns":1},{"damage":0,"enemies":"2 Louse","floor":5,"turns":1},{"damage":0,"enemies":"3 Sentries","floor":6,"turns":1},{"damage":5,"enemies":"Cultist","floor":8,"turns":4},{"damage":11,"enemies":"3 Louse","floor":11,"turns":5},{"damage":12,"enemies":"Gremlin Nob","floor":13,"turns":4},{"damage":73,"enemies":"Slime Boss","floor":16,"turns":10}],"seed_played":"-2452527214857746885","potions_obtained":[{"floor":5,"key":"GamblersBrew"},{"floor":11,"key":"Energy Potion"}],"is_trial":false,"path_per_floor":["M","?","$","?","M","E","R","M","T","R","M","R","E","?","R","B"],"character_chosen":"IRONCLAD","items_purchased":[],"campfire_rested":0,"item_purchase_floors":[],"current_hp_per_floor":[74,74,74,74,75,75,75,75,75,75,70,70,64,64,64,0],"gold":54,"neow_bonus":"THREE_ENEMY_KILL","is_prod":false,"is_daily":false,"chose_seed":false,"campfire_upgraded":4,"win_rate":0,"timestamp":1546129528,"path_taken":["M","?","$","?","M","E","R","M","T","R","M","R","E","?","R","BOSS"],"build_version":"2018-12-20","purchased_purges":1,"victory":false,"max_hp_per_floor":[75,75,75,75,75,75,75,75,75,75,75,75,75,75,75,75],"card_choices":[{"not_picked":["Thunderclap","Battle Trance"],"picked":"Pommel Strike","floor":1},{"not_picked":["Headbutt","Twin Strike"],"picked":"True Grit","floor":5},{"not_picked":["Anger","Flex","Warcry"],"picked":"SKIP","floor":6},{"not_picked":["Blood for Blood","Wild Strike"],"picked":"Shrug It Off","floor":8},{"not_picked":["Perfected Strike","Anger","Armaments"],"picked":"SKIP","floor":8},{"not_picked":["Body Slam","Clash"],"picked":"Shrug It Off","floor":11},{"not_picked":["Combust","Shockwave","Warcry"],"picked":"SKIP","floor":11},{"not_picked":["Barricade","Havoc","Anger"],"picked":"SKIP","floor":13}],"player_experience":631603,"relics_obtained":[{"floor":6,"key":"Prayer Wheel"},{"floor":9,"key":"Ornamental Fan"},{"floor":13,"key":"PreservedInsect"}],"event_choices":[{"damage_healed":0,"gold_gain":0,"player_choice":"Ignored","damage_taken":0,"max_hp_gain":0,"max_hp_loss":0,"event_name":"Liars Game","floor":2,"gold_loss":0},{"cards_removed":["Strike_R"],"damage_healed":0,"gold_gain":0,"player_choice":"Forget","damage_taken":0,"max_hp_gain":0,"max_hp_loss":0,"event_name":"Living Wall","floor":4,"gold_loss":0},{"cards_removed":["Defend_R"],"damage_healed":0,"gold_gain":0,"player_choice":"Card Removal","damage_taken":0,"max_hp_gain":0,"max_hp_loss":0,"event_name":"The Cleric","floor":14,"gold_loss":75}],"is_beta":false,"boss_relics":[],"items_purged_floors":[3],"is_endless":false,"potions_floor_spawned":[5,11],"killed_by":"Slime Boss","ascension_level":16}