{"path_per_floor":["M","?","M","$","M","E","M","R","T","E","R","?","E","M","R","B",null,"M"],"character_chosen":"DEFECT","items_purchased":["DataDisk","Barrage"],"gold_per_floor":[116,191,206,5,16,49,67,67,67,102,102,102,135,154,154,251,251,267,192],"floor_reached":19,"campfire_rested":3,"playtime":720,"current_hp_per_floor":[66,55,46,46,46,28,21,43,43,10,32,32,28,25,47,28,63,38,0],"items_purged":[],"gold":192,"score":290,"play_id":"153d42d0-d5e5-46bd-a81f-142453d1d878","local_time":"20180501152148","is_prod":false,"is_daily":false,"chose_seed":false,"is_ascension_mode":true,"campfire_upgraded":0,"timestamp":1525206108,"path_taken":["M","?","M","$","M","E","M","R","T","E","R","?","E","M","R","BOSS","M","M"],"build_version":"2018-04-30","seed_source_timestamp":358579583793809,"purchased_purges":0,"victory":false,"master_deck":["Strike_B","Strike_B","Strike_B","Strike_B","Defend_B","Defend_B","Defend_B","Defend_B","Zap","Dualcast","AscendersBane","Barrage","Ball Lightning","Barrage","White Noise","Ball Lightning","Sweeping Beam","Leap","Coolheaded"],"max_hp_per_floor":[75,75,75,75,75,75,75,75,75,75,75,75,75,75,75,75,75,75,75],"relics":["Nuclear Battery","DataDisk","Dream Catcher","Bottled Lightning","Ginger","Bag of Marbles","Inserter"],"card_choices":[{"not_picked":["Capacitor","Reprieve"],"picked":"Barrage","floor":1},{"not_picked":["Capacitor","Rebound"],"picked":"Ball Lightning","floor":3},{"not_picked":["Hologram","Turbo"],"picked":"White Noise","floor":5},{"not_picked":["Machine Learning","Axe Kick"],"picked":"Ball Lightning","floor":8},{"not_picked":["Skim","Biased Cognition"],"picked":"Sweeping Beam","floor":10},{"not_picked":["Chaos","Coolheaded"],"picked":"Leap","floor":15},{"not_picked":["Steam Power","Impulse"],"picked":"Coolheaded","floor":18}],"player_experience":136363,"potions_floor_usage":[6,7,13,13,16,16],"damage_taken":[{"damage":2,"enemies":"2 Louse","floor":1,"turns":4},{"damage":9,"enemies":"Small Slimes","floor":3,"turns":4},{"damage":0,"enemies":"Cultist","floor":5,"turns":2},{"damage":30,"enemies":"Lagavulin","floor":6,"turns":6},{"damage":7,"enemies":"Looter","floor":7,"turns":3},{"damage":33,"enemies":"Gremlin Nob","floor":10,"turns":4},{"damage":13,"enemies":"3 Sentries","floor":13,"turns":4},{"damage":3,"enemies":"Blue Slaver","floor":14,"turns":2},{"damage":19,"enemies":"Hexaghost","floor":16,"turns":9},{"damage":25,"enemies":"3 Byrds","floor":18,"turns":5},{"damage":39,"enemies":"2 Thieves","floor":19,"turns":3}],"event_choices":[{"event_name":"World of Goop","player_choice":"Gather Gold","floor":2,"damage_taken":0},{"event_name":"The Lab","player_choice":"Got Potions","floor":12,"damage_taken":0}],"boss_relics":[{"not_picked":["Runic Pyramid","Lizard Tail"],"picked":"Inserter"}],"potions_floor_spawned":[5,6,10,13,18],"seed_played":"-3232909471327216387","killed_by":"2 Thieves","ascension_level":11,"is_trial":false}