{"gold_per_floor":[111,121,121,121,46,80,80,43,70,70,82,99,99,114,114,114],"floor_reached":16,"playtime":1126,"items_purged":["Defend_R"],"score":100,"play_id":"bef8405c-ed69-4327-9adb-32bb91c7b35b","local_time":"20180721170010","is_ascension_mode":false,"campfire_choices":[{"data":"Bash","floor":7,"key":"SMITH"},{"data":"Spot Weakness","floor":15,"key":"SMITH"}],"neow_cost":"TEN_PERCENT_HP_LOSS","seed_source_timestamp":77931321364543,"circlet_count":0,"master_deck":["Strike_R","Strike_R","Defend_R","Defend_R","Defend_R","Bash+1","Spot Weakness+1"],"relics":["Burning Blood","Regal Pillow","Blood Vial"],"potions_floor_usage":[6,6,16],"damage_taken":[{"damage":7,"enemies":"Small Slimes","floor":1,"turns":7},{"damage":1,"enemies":"Cultist","floor":2,"turns":3},{"damage":31,"enemies":"3 Sentries","floor":6,"turns":14},{"damage":5,"enemies":"2 Louse","floor":11,"turns":4},{"damage":9,"enemies":"2 Fungi Beasts","floor":12,"turns":4},{"damage":2,"enemies":"Large Slime","floor":14,"turns":6},{"damage":56,"enemies":"Hexaghost","floor":16,"turns":10}],"seed_played":"-2588358764867066454","potions_obtained":[{"floor":2,"key":"Dexterity Potion"},{"floor":3,"key":"Block Potion"},{"floor":3,"key":"FearPotion"},{"floor":3,"key":"GamblersBrew"},{"floor":12,"key":"Block Potion"}],"is_trial":false,"path_per_floor":["M","M","?","?","$","E","R","?","T","$","M","M","?","M","R"],"character_chosen":"IRONCLAD","items_purchased":[],"campfire_rested":0,"item_purchase_floors":[],"current_hp_per_floor":[71,72,72,65,65,40,40,40,40,40,43,42,47,53,53,0],"gold":114,"neow_bonus":"REMOVE_TWO","is_prod":false,"is_daily":false,"chose_seed":false,"campfire_upgraded":2,"win_rate":0,"timestamp":1532163610,"path_taken":["M","M","?","?","$","E","R","?","T","?","M","M","?","M","R","BOSS"],"build_version":"2018-07-19v2","purchased_purges":1,"victory":false,"max_hp_per_floor":[72,72,72,72,72,72,72,72,72,72,72,72,77,77,77,77],"card_choices":[{"not_picked":["Body Slam","Headbutt","Rupture"],"picked":"SKIP","floor":1},{"not_picked":["Armaments","Fire Breathing","Anger"],"picked":"SKIP","floor":2},{"not_picked":["Cleave","Anger","Demon Form"],"picked":"SKIP","floor":6},{"not_picked":["Sword Boomerang","Wild Strike","Thunderclap"],"picked":"SKIP","floor":11},{"not_picked":["Uppercut","Wild Strike","Fire Breathing"],"picked":"SKIP","floor":12},{"not_picked":["Cleave","Perfected Strike"],"picked":"Spot Weakness","floor":14}],"player_experience":200163,"relics_obtained":[{"floor":6,"key":"Regal Pillow"},{"floor":9,"key":"Blood Vial"}],"event_choices":[{"event_name":"The Lab","player_choice":"Got Potions","floor":3,"damage_taken":0},{"event_name":"Golden Wing","player_choice":"Card Removal","floor":4,"damage_taken":0},{"event_name":"World of Goop","player_choice":"Left","floor":8,"damage_taken":0},{"event_name":"Big Fish","player_choice":"Donut","floor":13,"damage_taken":0}],"is_beta":false,"boss_relics":[],"items_purged_floors":[5],"is_endless":false,"potions_floor_spawned":[2,12],"killed_by":"Hexaghost","ascension_level":0}