{"path_per_floor":["M","M","?","M","?","R","E","M","T","M","M","?","R","$","R","B",null,"M","?","M","$","?","R","?","R","T","M","M","$","M","M","R","B",null,"M","M","?","M","$","R","T","R","T","M","M","?"],"character_chosen":"THE_SILENT","items_purchased":["Noxious Fumes","Snake Skull","War Paint"],"gold_per_floor":[115,135,135,154,154,154,183,199,199,211,229,229,229,75,75,180,180,198,198,214,114,114,114,114,114,138,148,163,17,27,43,43,145,145,164,175,175,193,47,47,129,129,181,198,215,315],"floor_reached":47,"campfire_rested":5,"playtime":2829,"current_hp_per_floor":[62,56,56,61,47,47,28,28,28,28,28,28,28,28,48,23,56,52,52,52,52,52,52,44,64,64,64,60,60,42,42,62,16,54,54,54,54,30,30,50,50,67,67,56,23,23],"items_purged":["Parasite","Strike_G"],"gold":315,"score":686,"play_id":"11587138-1a45-4486-974a-759e0973f99a","local_time":"20180317125028","is_prod":false,"is_daily":false,"is_ascension_mode":true,"campfire_upgraded":3,"timestamp":1521309028,"path_taken":["M","M","?","M","?","R","E","M","T","M","?","?","R","$","R","BOSS","M","?","M","?","?","R","?","R","T","M","M","$","M","M","R","BOSS","M","M","?","M","$","R","?","R","T","M","M","?","M"],"build_version":"2018-03-15v2","purchased_purges":2,"victory":false,"master_deck":["Defend_G+1","Defend_G","Defend_G","Defend_G","Defend_G+1","Strike_G+1","Strike_G","Strike_G+1","Survivor+1","Neutralize","Backflip+1","Backflip+1","Bouncing Flask+1","Escape Plan+1","Well Laid Plans","Noxious Fumes+1","Die Die Die","Outmaneuver+1"],"max_hp_per_floor":[70,70,70,70,70,70,70,70,70,70,70,70,70,67,67,67,67,67,67,67,67,67,67,67,67,67,67,67,67,67,67,67,67,67,67,67,67,67,67,67,67,67,67,67,67,67],"relics":["Ring of the Snake","Whetstone","Thread and Needle","Nloth\u0027s Gift","Omamori","Snake Skull","Sozu","War Paint","Dodecahedron","Prayer Wheel"],"card_choices":[{"not_picked":["PiercingWail","Acrobatics"],"picked":"Backflip"},{"not_picked":["Choke","Predator"],"picked":"Backflip"},{"not_picked":["Acrobatics","Malaise"],"picked":"Bouncing Flask"},{"not_picked":["Deadly Poison","Deflect"],"picked":"Escape Plan"},{"not_picked":["Cloak And Dagger","Crippling Poison"],"picked":"Well Laid Plans"},{"not_picked":["After Image","Doppelganger"],"picked":"Die Die Die"},{"not_picked":["Underhanded Strike","Crippling Poison"],"picked":"Backflip"},{"not_picked":["Flying Knee","Deadly Poison"],"picked":"Outmaneuver"}],"player_experience":284896,"potions_floor_usage":[4,7,11,16,20,38,47],"damage_taken":[{"damage":1,"enemies":"2 Louse","floor":1,"turns":3},{"damage":6,"enemies":"Small Slimes","floor":2,"turns":5},{"damage":7,"enemies":"Jaw Worm","floor":4,"turns":5},{"damage":19,"enemies":"3 Sentries","floor":7,"turns":15},{"damage":0,"enemies":"3 Louse","floor":8,"turns":4},{"damage":0,"enemies":"2 Fungi Beasts","floor":10,"turns":4},{"damage":0,"enemies":"Lots of Slimes","floor":11,"turns":3},{"damage":25,"enemies":"Slime Boss","floor":16,"turns":10},{"damage":4,"enemies":"Shell Parasite","floor":18,"turns":4},{"damage":0,"enemies":"3 Byrds","floor":20,"turns":5},{"damage":0,"enemies":"Snake Plant","floor":27,"turns":5},{"damage":4,"enemies":"Centurion and Healer","floor":28,"turns":7},{"damage":18,"enemies":"Slaver and Parasite","floor":30,"turns":6},{"damage":0,"enemies":"Chosen and Byrds","floor":31,"turns":5},{"damage":46,"enemies":"Champ","floor":33,"turns":10},{"damage":0,"enemies":"3 Darklings","floor":35,"turns":5},{"damage":0,"enemies":"Orb Walker","floor":36,"turns":3},{"damage":24,"enemies":"Sphere and 2 Shapes","floor":38,"turns":5},{"damage":11,"enemies":"3 Darklings","floor":44,"turns":5},{"damage":33,"enemies":"4 Shapes","floor":45,"turns":6},{"damage":52,"enemies":"Sphere and 2 Shapes","floor":47,"turns":4}],"event_choices":[{"event_name":"Liars Game","player_choice":"disagreed","floor":3,"damage_taken":0},{"event_name":"Shining Light","player_choice":"Entered Light","floor":5,"damage_taken":0},{"event_name":"Upgrade Shrine","player_choice":"Upgraded","floor":12,"damage_taken":0},{"event_name":"Wheel of Change","player_choice":"Card Removal","floor":19,"damage_taken":0},{"event_name":"N\u0027loth","player_choice":"Traded a Black Star","floor":22,"damage_taken":0},{"event_name":"Knowing Skull","player_choice":"","floor":24,"damage_taken":0},{"event_name":"Golden Shrine","player_choice":"Pray","floor":46,"damage_taken":0}],"boss_relics":[{"not_picked":["Snecko Eye","Calling Bell"],"picked":"Black Star"},{"not_picked":["Astrolabe","The Specimen"],"picked":"Sozu"}],"potions_floor_spawned":[1,2,7,8,18,20,33,36,44],"seed_played":"-7665249960260408443","killed_by":"Sphere and 2 Shapes","ascension_level":12,"is_trial":false}