{"gold_per_floor":[110,110,129,54,54,54,85,85,157,157,191,91,109,127,127,232,232,252,127,127,141,141,172,172,172],"floor_reached":25,"playtime":1021,"items_purged":["Strike_R","Strike_R","Strike_R"],"score":363,"play_id":"acb56261-5d1a-4591-bea6-d35f9e459564","local_time":"20181214115255","is_ascension_mode":true,"campfire_choices":[{"data":"Rampage","floor":6,"key":"SMITH"},{"data":"Bash","floor":8,"key":"SMITH"},{"data":"Clothesline","floor":10,"key":"SMITH"},{"floor":15,"key":"REST"},{"data":"Thunderclap","floor":24,"key":"SMITH"}],"neow_cost":"NONE","seed_source_timestamp":148983880392788,"circlet_count":0,"master_deck":["AscendersBane","Defend_R","Defend_R","Bash+1","Rampage+1","Clothesline+1","Clash","Headbutt","Thunderclap+1","Combust"],"relics":["Burning Blood","CultistMask","Happy Flower","Singing Bowl","Ice Cream","Busted Crown","Art of War"],"potions_floor_usage":[14,16],"damage_taken":[{"damage":5,"enemies":"Small Slimes","floor":1,"turns":4},{"damage":0,"enemies":"2 Louse","floor":3,"turns":2},{"damage":36,"enemies":"Gremlin Nob","floor":7,"turns":5},{"damage":27,"enemies":"3 Sentries","floor":11,"turns":7},{"damage":0,"enemies":"Cultist","floor":13,"turns":2},{"damage":5,"enemies":"Gremlin Gang","floor":14,"turns":3},{"damage":33,"enemies":"The Guardian","floor":16,"turns":9},{"damage":13,"enemies":"Shell Parasite","floor":18,"turns":5},{"damage":23,"enemies":"2 Thieves","floor":21,"turns":4},{"damage":35,"enemies":"Gremlin Leader","floor":23,"turns":6},{"damage":32,"enemies":"Slavers","floor":25,"turns":2}],"seed_played":"-7997546707645604412","potions_obtained":[{"floor":7,"key":"Explosive Potion"},{"floor":13,"key":"SpeedPotion"},{"floor":14,"key":"Energy Potion"},{"floor":23,"key":"SteroidPotion"}],"is_trial":false,"path_per_floor":["M","?","M","$","?","R","E","R","T","R","E","$","M","M","R","B",null,"M","$","$","M","?","E","R","E"],"character_chosen":"IRONCLAD","items_purchased":[],"campfire_rested":1,"item_purchase_floors":[],"current_hp_per_floor":[73,66,72,72,72,72,42,42,42,42,23,23,31,34,59,34,75,70,70,70,55,55,28,28,0],"gold":172,"neow_bonus":"TRANSFORM_CARD","is_prod":false,"is_daily":false,"chose_seed":false,"campfire_upgraded":4,"win_rate":0,"timestamp":1544759575,"path_taken":["M","?","M","$","?","R","E","R","T","R","E","$","M","M","R","BOSS","M","?","$","?","?","E","R","E"],"build_version":"2018-12-13","purchased_purges":3,"victory":false,"max_hp_per_floor":[80,80,80,80,80,80,80,80,80,80,82,82,84,86,86,88,88,90,90,90,92,92,94,94,94],"card_choices":[{"not_picked":["Blood for Blood","Reckless Charge"],"picked":"Clothesline","floor":1},{"not_picked":["Uppercut","Rupture"],"picked":"Clash","floor":3},{"not_picked":["Reckless Charge","Flex"],"picked":"Headbutt","floor":7},{"not_picked":["Heavy Blade","Burning Pact","Clothesline"],"picked":"Singing Bowl","floor":11},{"not_picked":["Warcry","Shrug It Off","Exhume"],"picked":"Singing Bowl","floor":13},{"not_picked":["Havoc","Armaments","Clothesline"],"picked":"Singing Bowl","floor":14},{"not_picked":["Brutality","Reaper","Demon Form"],"picked":"Singing Bowl","floor":16},{"not_picked":["Whirlwind"],"picked":"Singing Bowl","floor":18},{"not_picked":["Evolve"],"picked":"Singing Bowl","floor":21},{"not_picked":["Disarm"],"picked":"Singing Bowl","floor":23}],"player_experience":564861,"relics_obtained":[{"floor":7,"key":"Happy Flower"},{"floor":9,"key":"Singing Bowl"},{"floor":11,"key":"Ice Cream"},{"floor":23,"key":"Art of War"}],"event_choices":[{"cards_removed":["Strike_R"],"damage_healed":0,"gold_gain":0,"player_choice":"Card Removal","damage_taken":7,"max_hp_gain":0,"max_hp_loss":0,"event_name":"Golden Wing","floor":2,"gold_loss":0},{"damage_healed":0,"gold_gain":0,"player_choice":"Trade","damage_taken":0,"relics_obtained":["CultistMask"],"max_hp_gain":0,"max_hp_loss":0,"event_name":"FaceTrader","floor":5,"gold_loss":0},{"damage_healed":0,"gold_gain":0,"cards_transformed":["Defend_R","Defend_R"],"player_choice":"Became Test Subject","damage_taken":0,"max_hp_gain":0,"max_hp_loss":0,"event_name":"Drug Dealer","floor":22,"gold_loss":0,"cards_obtained":["Thunderclap","Combust"]}],"is_beta":false,"boss_relics":[{"not_picked":["Pandora\u0027s Box","Empty Cage"],"picked":"Busted Crown"}],"items_purged_floors":[4,12,19],"is_endless":false,"potions_floor_spawned":[7,13,14,23],"killed_by":"Slavers","ascension_level":12}