{"path_per_floor":["M","$","?","?","M","R","M","E","T","R","?","R","E","M","R","B",null,"M","$","M","M","$","R","E","R","T","?","R","M","$","M","R","B",null,"M","?","?","M","$","R","?","E","T","R","$","R","E","M","R"],"character_chosen":"DEFECT","items_purchased":["Beam Cell","Strength Potion","DataDisk","Chill","Regen Potion","White Noise","Cold Snap","Reinforced Body"],"gold_per_floor":[115,13,13,13,26,26,41,69,94,94,115,115,145,161,161,240,240,251,11,21,41,41,41,72,72,96,96,96,115,12,27,27,101,101,118,118,118,128,18,18,18,44,44,44,44,44,71,86,86,86],"floor_reached":50,"campfire_rested":5,"playtime":2500,"current_hp_per_floor":[68,68,56,61,56,56,52,36,36,36,29,50,38,38,38,20,60,52,52,52,47,47,47,58,58,58,45,45,56,56,37,60,49,71,74,64,64,28,28,51,51,14,14,37,37,60,74,76,76,0],"items_purged":["Madness"],"gold":86,"score":931,"play_id":"a7ab110f-8807-4cbe-bdfe-a2cd79b09fd1","local_time":"20180506225611","is_prod":false,"is_daily":false,"chose_seed":false,"is_ascension_mode":true,"campfire_upgraded":7,"timestamp":1525665371,"path_taken":["M","$","?","?","M","R","M","E","T","R","?","R","E","?","R","BOSS","M","$","M","M","?","R","E","R","T","?","R","M","$","M","R","BOSS","M","?","?","M","$","R","?","E","T","R","?","R","E","?","R","BOSS"],"build_version":"2018-05-03","seed_source_timestamp":816098838979478,"purchased_purges":1,"victory":false,"master_deck":["Defend_B","Defend_B+1","Defend_B","Zap+1","Dualcast+1","AscendersBane","Genetic Algorithm","Beam Cell","Leap+1","Ball Lightning+1","Tempest","Ball Lightning+1","Ball Lightning+1","BootSequence+1","Seek+1","Chaos+1","FTL","Chill","Chill","Leap+1","Reinforced Body+1","Ball Lightning+1","White Noise","Cold Snap","Echo Form+1","Cold Snap","Madness","Reinforced Body","Self Repair+1","Reinforced Body+1"],"max_hp_per_floor":[68,68,68,73,73,73,73,73,73,73,73,73,73,73,73,73,73,73,73,73,73,73,73,73,73,73,78,78,78,78,78,78,78,78,78,78,78,78,78,78,78,78,78,78,78,78,78,78,78,78],"relics":["Cracked Core","Bronze Scales","Bird Faced Urn","Anchor","Odd Mushroom","War Paint","Astrolabe","DataDisk","Cables","Pen Nib","Sozu","Vajra","Bag of Preparation","Meat on the Bone"],"card_choices":[{"not_picked":["Doom and Gloom","Static Discharge"],"picked":"Genetic Algorithm","floor":1},{"not_picked":["Auto Shields","Barrage"],"picked":"Leap","floor":5},{"not_picked":["Hello World","Hologram"],"picked":"Ball Lightning","floor":7},{"not_picked":["Biased Cognition","Conserve Battery"],"picked":"Tempest","floor":8},{"not_picked":["Coolheaded","Conserve Battery"],"picked":"Ball Lightning","floor":11},{"not_picked":["Undo","Self Repair"],"picked":"Ball Lightning","floor":13},{"not_picked":["Skim","Static Discharge"],"picked":"FTL","floor":18},{"not_picked":["Impulse","Streamline"],"picked":"Chill","floor":20},{"not_picked":["Ball Lightning","Cold Snap"],"picked":"Leap","floor":21},{"not_picked":["Undo","Cold Snap"],"picked":"Reinforced Body","floor":24},{"not_picked":["Streamline","Scrape"],"picked":"Ball Lightning","floor":29},{"not_picked":["Thunder Strike","Rainbow"],"picked":"Echo Form","floor":33},{"not_picked":["Barrage","Hologram"],"picked":"Cold Snap","floor":35},{"not_picked":["Cold Snap","Go for the Eyes"],"picked":"Self Repair","floor":42},{"not_picked":["Capacitor","Redo"],"picked":"Reinforced Body","floor":48}],"player_experience":182506,"potions_floor_usage":[11,16,18,21,24,24,29,29],"damage_taken":[{"damage":0,"enemies":"Small Slimes","floor":1,"turns":3},{"damage":5,"enemies":"2 Louse","floor":5,"turns":2},{"damage":4,"enemies":"Jaw Worm","floor":7,"turns":3},{"damage":16,"enemies":"Gremlin Nob","floor":8,"turns":4},{"damage":7,"enemies":"The Mushroom Lair","floor":11,"turns":3},{"damage":12,"enemies":"Lagavulin","floor":13,"turns":5},{"damage":0,"enemies":"3 Louse","floor":14,"turns":2},{"damage":18,"enemies":"Hexaghost","floor":16,"turns":6},{"damage":8,"enemies":"Shell Parasite","floor":18,"turns":4},{"damage":0,"enemies":"Spheric Guardian","floor":20,"turns":2},{"damage":5,"enemies":"Snake Plant","floor":21,"turns":3},{"damage":1,"enemies":"Gremlin Leader","floor":24,"turns":6},{"damage":1,"enemies":"Chosen and Byrds","floor":29,"turns":5},{"damage":21,"enemies":"Cultist and Chosen","floor":31,"turns":6},{"damage":13,"enemies":"Champ","floor":33,"turns":9},{"damage":1,"enemies":"Orb Walker","floor":35,"turns":2},{"damage":38,"enemies":"3 Darklings","floor":38,"turns":4},{"damage":41,"enemies":"Nemesis","floor":42,"turns":10},{"damage":0,"enemies":"2 Orb Walkers","floor":47,"turns":4},{"damage":0,"enemies":"Flame Bruiser 2 Orb","floor":48,"turns":6},{"damage":82,"enemies":"Donu and Deca","floor":50,"turns":9}],"event_choices":[{"event_name":"Scrap Ooze","player_choice":"success","floor":3,"damage_taken":12},{"event_name":"Big Fish","player_choice":"Donut","floor":4,"damage_taken":0},{"event_name":"Mushrooms","player_choice":"Fought Mushrooms","floor":11,"damage_taken":0},{"event_name":"Forgotten Altar","player_choice":"Shed Blood","floor":27,"damage_taken":0},{"event_name":"Winding Halls","player_choice":"Embrace Madness","floor":36,"damage_taken":0},{"event_name":"Mysterious Sphere","player_choice":"Ignore","floor":37,"damage_taken":0},{"event_name":"SensoryStone","player_choice":"Memory 1","floor":41,"damage_taken":0}],"boss_relics":[{"not_picked":["White Beast Statue","Runic Pyramid"],"picked":"Astrolabe"},{"not_picked":["Nuclear Battery","Snecko Eye"],"picked":"Sozu"}],"potions_floor_spawned":[1,8,11,16,20,21,24,29,38,42],"seed_played":"-3186444787513157132","killed_by":"Donu and Deca","ascension_level":13,"is_trial":false}