{"gold_per_floor":[116,216,216,229,154,154,182,198,198,148,167,167,67,79,79,178,178,197,211,224,99,112,112,37,66,66,66,76,93,93,93,93,195,195,211,211,225,75,75,75,88,106,106,106,106,118,129,146,146,146],"floor_reached":51,"playtime":2070,"items_purged":["Defend_R","Strike_R","Strike_R+1","Feed+1"],"score":776,"play_id":"dfc4d875-b6ec-4495-8e35-2a54bb595d65","local_time":"20180817090819","is_ascension_mode":false,"campfire_choices":[{"data":"Bash","floor":6,"key":"SMITH"},{"data":"Feed","floor":12,"key":"SMITH"},{"data":"Strike_R","floor":15,"key":"SMITH"},{"data":"Dropkick","floor":23,"key":"SMITH"},{"floor":30,"key":"REST"},{"floor":32,"key":"REST"},{"data":"Dropkick","floor":40,"key":"SMITH"},{"floor":45,"key":"REST"},{"floor":49,"key":"REST"}],"neow_cost":"NONE","seed_source_timestamp":89360549451292,"circlet_count":0,"master_deck":["Bash+1","Offering+1","Dropkick+1","Dropkick+1","Dropkick+1"],"relics":["Burning Blood","Sundial","Magic Flower","Astrolabe","Red Mask","Happy Flower","Meat on the Bone"],"potions_floor_usage":[16,18],"damage_taken":[{"damage":4,"enemies":"Jaw Worm","floor":1,"turns":5},{"damage":13,"enemies":"Cultist","floor":4,"turns":6},{"damage":28,"enemies":"Gremlin Nob","floor":7,"turns":4},{"damage":0,"enemies":"Small Slimes","floor":8,"turns":4},{"damage":17,"enemies":"Exordium Thugs","floor":11,"turns":5},{"damage":0,"enemies":"Large Slime","floor":14,"turns":4},{"damage":59,"enemies":"Slime Boss","floor":16,"turns":11},{"damage":6,"enemies":"Shell Parasite","floor":18,"turns":1},{"damage":16,"enemies":"Chosen","floor":19,"turns":2},{"damage":6,"enemies":"Snake Plant","floor":20,"turns":1},{"damage":6,"enemies":"Snecko","floor":22,"turns":1},{"damage":6,"floor":25,"turns":1},{"damage":6,"enemies":"Centurion and Healer","floor":28,"turns":1},{"damage":6,"enemies":"Sentry and Sphere","floor":29,"turns":2},{"damage":0,"enemies":"Champ","floor":33,"turns":1},{"damage":6,"enemies":"3 Darklings","floor":35,"turns":2},{"damage":26,"enemies":"3 Shapes","floor":37,"turns":2},{"damage":0,"enemies":"Transient","floor":41,"turns":1},{"damage":6,"enemies":"4 Shapes","floor":42,"turns":1},{"damage":6,"enemies":"3 Darklings","floor":46,"turns":1},{"damage":6,"enemies":"Sphere and 2 Shapes","floor":47,"turns":2},{"damage":0,"enemies":"Flame Bruiser 2 Orb","floor":48,"turns":1},{"damage":58,"enemies":"Time Eater","floor":50,"turns":5}],"seed_played":"4421191817392799535","potions_obtained":[{"floor":1,"key":"Swift Potion"},{"floor":4,"key":"Ancient Potion"},{"floor":14,"key":"FearPotion"},{"floor":18,"key":"GamblersBrew"},{"floor":28,"key":"AttackPotion"}],"is_trial":false,"path_per_floor":["M","?","?","M","$","R","E","M","T","?","M","R","$","M","R","B",null,"M","M","M","$","M","R","?","?","T","$","M","M","R","?","R","B",null,"M","?","M","$","?","R","M","M","T","$","R","M","M","M","R","B"],"character_chosen":"IRONCLAD","items_purchased":[],"campfire_rested":4,"item_purchase_floors":[],"current_hp_per_floor":[83,83,83,79,79,79,57,66,66,66,63,63,63,72,72,22,92,96,95,104,104,104,104,104,108,108,108,108,112,112,112,112,112,112,112,112,101,101,101,101,110,113,113,113,116,116,116,116,116,85],"gold":146,"neow_bonus":"TRANSFORM_CARD","is_prod":false,"is_daily":false,"chose_seed":false,"campfire_upgraded":5,"win_rate":0,"timestamp":1534468099,"path_taken":["M","?","?","M","$","R","E","M","T","?","M","R","?","M","R","BOSS","M","M","?","$","M","R","?","?","T","$","M","M","R","?","R","BOSS","M","?","M","$","?","R","M","M","T","$","R","M","M","M","R","BOSS"],"build_version":"2018-08-09","purchased_purges":4,"victory":true,"max_hp_per_floor":[83,83,83,86,86,86,86,89,89,89,92,92,92,92,92,92,92,96,100,104,104,104,104,104,108,108,108,108,112,112,112,112,112,112,112,112,116,116,116,116,116,116,116,116,116,116,116,116,116,116],"card_choices":[{"not_picked":["Cleave","Rage","Body Slam"],"picked":"SKIP","floor":1},{"not_picked":["Body Slam","Sword Boomerang","Armaments"],"picked":"SKIP","floor":4},{"not_picked":["Whirlwind","Wild Strike","Shrug It Off"],"picked":"SKIP","floor":7},{"not_picked":["Searing Blow","Anger","Warcry"],"picked":"SKIP","floor":8},{"not_picked":["Havoc","Anger","Perfected Strike"],"picked":"SKIP","floor":11},{"not_picked":["Juggernaut","Intimidate","Perfected Strike"],"picked":"SKIP","floor":14},{"not_picked":["Warcry","Clothesline+1","Sword Boomerang"],"picked":"SKIP","floor":18},{"not_picked":["Wild Strike","Shrug It Off"],"picked":"Dropkick","floor":19},{"not_picked":["Inflame+1","Wild Strike","Clothesline"],"picked":"SKIP","floor":20},{"not_picked":["True Grit+1","Sever Soul","Disarm"],"picked":"SKIP","floor":22},{"not_picked":["Twin Strike+1","Uppercut","Dual Wield"],"picked":"SKIP","floor":28},{"not_picked":["Power Through","Bloodletting","Anger"],"picked":"SKIP","floor":29},{"not_picked":["Perfected Strike+1","Battle Trance+1"],"picked":"Dropkick","floor":35},{"not_picked":["Carnage+1","Shrug It Off","Infernal Blade+1"],"picked":"SKIP","floor":37},{"not_picked":["Hemokinesis+1","Thunderclap","Sword Boomerang"],"picked":"SKIP","floor":41},{"not_picked":["True Grit+1","Havoc+1","Disarm+1"],"picked":"SKIP","floor":42},{"not_picked":["Seeing Red","Sever Soul+1","True Grit+1"],"picked":"SKIP","floor":46},{"not_picked":["Feel No Pain+1","Perfected Strike","Burning Pact+1"],"picked":"SKIP","floor":47},{"not_picked":["Berserk","Ghostly Armor+1","Havoc+1"],"picked":"SKIP","floor":48}],"player_experience":491054,"relics_obtained":[{"floor":7,"key":"Sundial"},{"floor":9,"key":"Magic Flower"},{"floor":25,"key":"Red Mask"},{"floor":26,"key":"Happy Flower"},{"floor":43,"key":"Meat on the Bone"}],"event_choices":[{"event_name":"Golden Shrine","player_choice":"Pray","floor":2,"damage_taken":0},{"event_name":"Living Wall","player_choice":"Forget","floor":3,"damage_taken":0},{"event_name":"The Cleric","player_choice":"Card Removal","floor":10,"damage_taken":0},{"event_name":"Beggar","player_choice":"Gave Gold","floor":24,"damage_taken":0},{"event_name":"Masked Bandits","player_choice":"Fought Bandits","floor":25,"damage_taken":0},{"event_name":"Ghosts","player_choice":"Ignored","floor":31,"damage_taken":0},{"event_name":"SecretPortal","player_choice":"Rejected Portal.","floor":36,"damage_taken":0},{"event_name":"The Woman in Blue","player_choice":"Bought 0 Potions","floor":39,"damage_taken":0}],"is_beta":false,"boss_relics":[{"not_picked":["Velvet Choker","Cursed Key"],"picked":"Astrolabe"},{"not_picked":["Orrery","Coffee Dripper","Runic Pyramid"]}],"items_purged_floors":[5,13,21,38],"is_endless":false,"potions_floor_spawned":[1,4,14,18,28,29,33,37,41,42],"ascension_level":0}