{"gold_per_floor":[109,109,109,125,50,50,81,81,107,131,143,172,14,32,32,130,130,144,144,155,425,300,300,300],"floor_reached":24,"playtime":2174,"items_purged":["Strike_R","Strike_R","Strike_R"],"score":241,"play_id":"ec1cbc8e-1ac5-486b-8de7-23aa67fe726c","local_time":"20190613041757","is_ascension_mode":true,"campfire_choices":[{"data":"True Grit","floor":6,"key":"SMITH"},{"data":"Flame Barrier","floor":8,"key":"SMITH"},{"data":"True Grit","floor":11,"key":"SMITH"},{"data":"Whirlwind","floor":15,"key":"SMITH"},{"data":"Limit Break","floor":23,"key":"SMITH"}],"neow_cost":"NONE","seed_source_timestamp":208629957223400,"circlet_count":0,"master_deck":["Strike_R","Strike_R","Defend_R","Defend_R","Defend_R","Defend_R","Bash","True Grit+1","True Grit+1","Flame Barrier+1","Whirlwind+1","Inflame","Limit Break+1","Shrug It Off"],"relics":["Burning Blood","NeowsBlessing","Dream Catcher","MawBank","Mark of Pain"],"potions_floor_usage":[],"damage_taken":[{"damage":0,"enemies":"Jaw Worm","floor":1,"turns":1},{"damage":0,"enemies":"2 Louse","floor":4,"turns":1},{"damage":0,"enemies":"Lagavulin","floor":7,"turns":1},{"damage":0,"enemies":"Cultist","floor":10,"turns":4},{"damage":0,"enemies":"Red Slaver","floor":12,"turns":7},{"damage":13,"enemies":"Blue Slaver","floor":14,"turns":5},{"damage":32,"enemies":"Slime Boss","floor":16,"turns":11},{"damage":28,"enemies":"Shell Parasite","floor":18,"turns":5},{"damage":0,"enemies":"3 Byrds","floor":20,"turns":4},{"damage":29,"enemies":"Gremlin Leader","floor":24,"turns":3}],"seed_played":"-7610861801463079621","potions_obtained":[{"floor":1,"key":"FearPotion"},{"floor":4,"key":"FairyPotion"},{"floor":7,"key":"Strength Potion"},{"floor":16,"key":"SkillPotion"}],"is_trial":false,"path_per_floor":["M","?","?","M","$","R","E","R","T","M","R","M","$","M","R","B",null,"M","?","M","?","$","R","E"],"character_chosen":"IRONCLAD","items_purchased":["Inflame"],"campfire_rested":0,"item_purchase_floors":[13],"current_hp_per_floor":[80,85,85,85,85,85,85,85,85,85,85,85,85,78,78,52,85,63,47,53,17,17,17,0],"gold":300,"neow_bonus":"THREE_ENEMY_KILL","is_prod":false,"is_daily":false,"chose_seed":false,"campfire_upgraded":5,"win_rate":0,"timestamp":1560392277,"path_taken":["M","?","?","M","$","R","E","R","T","?","R","M","?","M","R","BOSS","M","?","M","?","$","R","E"],"build_version":"2019-01-23","purchased_purges":3,"victory":false,"max_hp_per_floor":[80,85,85,85,85,85,85,85,85,85,85,85,85,85,85,85,85,85,90,90,90,90,90,90],"card_choices":[{"not_picked":["Second Wind","Evolve"],"picked":"True Grit","floor":1},{"not_picked":["Havoc","Anger"],"picked":"True Grit","floor":4},{"not_picked":["Bloodletting","Cleave"],"picked":"Flame Barrier","floor":7},{"not_picked":["Clothesline","Perfected Strike","Sever Soul"],"picked":"SKIP","floor":10},{"not_picked":["Intimidate","Heavy Blade"],"picked":"Whirlwind","floor":12},{"not_picked":["Corruption","Clothesline","Havoc"],"picked":"SKIP","floor":14},{"not_picked":["Juggernaut","Reaper"],"picked":"Limit Break","floor":16},{"not_picked":["Clash","Thunderclap","Body Slam"],"picked":"SKIP","floor":18},{"not_picked":["Anger","Ghostly Armor"],"picked":"Shrug It Off","floor":20}],"player_experience":197785,"relics_obtained":[{"floor":7,"key":"Dream Catcher"},{"floor":9,"key":"MawBank"}],"event_choices":[{"damage_healed":0,"gold_gain":0,"player_choice":"Donut","damage_taken":0,"max_hp_gain":5,"max_hp_loss":0,"event_name":"Big Fish","floor":2,"gold_loss":0},{"damage_healed":0,"gold_gain":0,"player_choice":"Bought 0 Potions","damage_taken":0,"max_hp_gain":0,"max_hp_loss":0,"event_name":"The Woman in Blue","floor":3,"gold_loss":0},{"damage_healed":0,"gold_gain":0,"player_choice":"Shed Blood","damage_taken":21,"max_hp_gain":5,"max_hp_loss":0,"event_name":"Forgotten Altar","floor":19,"gold_loss":0},{"damage_healed":0,"gold_gain":270,"player_choice":"GOLD GOLD GOLD ","damage_taken":36,"max_hp_gain":0,"max_hp_loss":0,"event_name":"Knowing Skull","floor":21,"potions_obtained":[],"gold_loss":0,"cards_obtained":[]}],"is_beta":false,"boss_relics":[{"not_picked":["Orrery","White Beast Statue"],"picked":"Mark of Pain"}],"items_purged_floors":[5,13,22],"is_endless":false,"potions_floor_spawned":[1,4,7,16,18],"killed_by":"Gremlin Leader","ascension_level":2}