{"gold_per_floor":[116,135,135,60,60,60,71,71,71,71,398,398,96,107,107,186,186,201,201,201,211,86,86,86],"floor_reached":24,"playtime":1185,"items_purged":["Strike_R","Strike_R","Defend_R"],"score":346,"play_id":"eaa9e00d-6b51-471c-811e-fbbe0907949a","local_time":"20181227135709","is_ascension_mode":true,"campfire_choices":[{"data":"Juggernaut","floor":6,"key":"SMITH"},{"data":"Cleave","floor":8,"key":"SMITH"},{"data":"Bash","floor":10,"key":"SMITH"},{"floor":15,"key":"REST"},{"data":"Offering","floor":23,"key":"SMITH"}],"neow_cost":"PERCENT_DAMAGE","seed_source_timestamp":504263614782194,"circlet_count":0,"master_deck":["AscendersBane","Defend_R","Defend_R","Bash+1","Juggernaut+1","Iron Wave","Cleave+1","Shrug It Off","Flame Barrier","Offering+1","Brutality+1","Flame Barrier+1","Shrug It Off+1","Armaments","True Grit+1"],"relics":["Burning Blood","Prayer Wheel","Mummified Hand","Old Coin","Blood Vial","Astrolabe"],"potions_floor_usage":[16,24],"damage_taken":[{"damage":9,"enemies":"2 Louse","floor":1,"turns":4},{"damage":3,"enemies":"Jaw Worm","floor":2,"turns":4},{"damage":4,"enemies":"Small Slimes","floor":7,"turns":3},{"damage":25,"enemies":"3 Sentries","floor":11,"turns":6},{"damage":0,"enemies":"Exordium Wildlife","floor":14,"turns":2},{"damage":28,"enemies":"The Guardian","floor":16,"turns":12},{"damage":9,"enemies":"Chosen","floor":18,"turns":4},{"damage":20,"enemies":"Shell Parasite","floor":21,"turns":8},{"damage":48,"enemies":"Gremlin Leader","floor":24,"turns":8}],"seed_played":"-7740849925743549456","potions_obtained":[{"floor":7,"key":"SmokeBomb"},{"floor":11,"key":"Dexterity Potion"}],"is_trial":false,"path_per_floor":["M","M","?","$","?","R","M","R","T","R","E","?","$","M","R","B",null,"M","?","?","M","$","R","E"],"character_chosen":"IRONCLAD","items_purchased":["Blood Vial","Flame Barrier"],"campfire_rested":1,"item_purchase_floors":[13,13],"current_hp_per_floor":[47,50,45,45,38,38,40,40,40,40,21,21,21,29,51,31,64,63,42,58,46,46,46,0],"gold":86,"neow_bonus":"THREE_RARE_CARDS","is_prod":false,"is_daily":false,"chose_seed":false,"campfire_upgraded":4,"win_rate":0,"timestamp":1545890229,"path_taken":["M","M","?","?","?","R","?","R","T","R","E","?","$","M","R","BOSS","M","?","?","M","?","R","E"],"build_version":"2018-12-20","purchased_purges":3,"victory":false,"max_hp_per_floor":[75,75,75,75,75,75,75,75,75,75,75,75,75,75,75,75,75,75,80,80,80,80,80,80],"card_choices":[{"not_picked":["Fiend Fire","Bludgeon"],"picked":"Juggernaut","floor":0},{"not_picked":["Body Slam","Twin Strike"],"picked":"Iron Wave","floor":1},{"not_picked":["Sword Boomerang","Sever Soul"],"picked":"Cleave","floor":2},{"not_picked":["Sentinel","Clash","Havoc"],"picked":"SKIP","floor":7},{"not_picked":["Disarm","Heavy Blade","Wild Strike"],"picked":"SKIP","floor":7},{"not_picked":["Sentinel","Sword Boomerang"],"picked":"Shrug It Off","floor":11},{"not_picked":["Anger","Disarm","Thunderclap"],"picked":"SKIP","floor":14},{"not_picked":["Sentinel","Thunderclap","Reckless Charge"],"picked":"SKIP","floor":14},{"not_picked":["Demon Form","Limit Break"],"picked":"Offering","floor":16},{"not_picked":["Wild Strike","Headbutt"],"picked":"Armaments","floor":18},{"not_picked":["Perfected Strike","Shockwave"],"picked":"True Grit+1","floor":18},{"not_picked":["Clash","Thunderclap","Hemokinesis"],"picked":"SKIP","floor":21},{"not_picked":["Clothesline","Hemokinesis","Dark Embrace"],"picked":"SKIP","floor":21}],"player_experience":620652,"relics_obtained":[{"floor":9,"key":"Mummified Hand"},{"floor":11,"key":"Old Coin"}],"event_choices":[{"damage_healed":0,"gold_gain":0,"player_choice":"Success","damage_taken":5,"relics_obtained":["Prayer Wheel"],"max_hp_gain":0,"max_hp_loss":0,"event_name":"Scrap Ooze","floor":3,"gold_loss":0},{"cards_removed":["Strike_R"],"damage_healed":0,"gold_gain":0,"player_choice":"Card Removal","damage_taken":7,"max_hp_gain":0,"max_hp_loss":0,"event_name":"Golden Wing","floor":5,"gold_loss":0},{"damage_healed":0,"gold_gain":0,"player_choice":"Ignored","damage_taken":0,"max_hp_gain":0,"max_hp_loss":0,"event_name":"Shining Light","floor":12,"gold_loss":0},{"damage_healed":0,"gold_gain":0,"player_choice":"Shed Blood","damage_taken":26,"max_hp_gain":5,"max_hp_loss":0,"event_name":"Forgotten Altar","floor":19,"gold_loss":0},{"damage_healed":16,"gold_gain":0,"player_choice":"Heal","damage_taken":0,"max_hp_gain":0,"max_hp_loss":0,"event_name":"The Library","floor":20,"gold_loss":0}],"is_beta":false,"boss_relics":[{"not_picked":["Mark of Pain","White Beast Statue"],"picked":"Astrolabe"}],"items_purged_floors":[4,13,22],"is_endless":false,"potions_floor_spawned":[7,11],"killed_by":"Gremlin Leader","ascension_level":16}