{"gold_per_floor":[116,116,191,205,205,244,244,264,264,284,284,95,113,141,141,231,231,245,35,35],"floor_reached":20,"playtime":1096,"items_purged":["Strike_B","Strike_B"],"score":457,"play_id":"a8f6dd79-9ca9-4bed-a03f-fd1f05c825a0","local_time":"20190609082217","is_ascension_mode":true,"campfire_choices":[{"data":"Chaos","floor":7,"key":"SMITH"},{"data":"Hologram","floor":11,"key":"SMITH"},{"data":"Zap","floor":15,"key":"SMITH"}],"neow_cost":"NONE","seed_source_timestamp":1870113742207669,"circlet_count":0,"master_deck":["AscendersBane","Strike_B","Strike_B","Defend_B","Defend_B","Defend_B","Defend_B","Zap+1","Dualcast","Doom and Gloom","Chaos+1","Leap","Steam","Hologram+1","Conserve Battery","Self Repair","Rebound","Creative AI","Leap","White Noise"],"relics":["Cracked Core","NeowsBlessing","Golden Idol","Meat on the Bone","Centennial Puzzle","Odd Mushroom","Busted Crown"],"potions_floor_usage":[16],"damage_taken":[{"damage":0,"enemies":"2 Louse","floor":1,"turns":1},{"damage":0,"enemies":"Small Slimes","floor":4,"turns":1},{"damage":0,"enemies":"Lagavulin","floor":6,"turns":1},{"damage":7,"enemies":"Jaw Worm","floor":8,"turns":4},{"damage":8,"enemies":"Large Slime","floor":10,"turns":5},{"damage":5,"enemies":"3 Louse","floor":13,"turns":2},{"damage":5,"enemies":"The Mushroom Lair","floor":14,"turns":4},{"damage":0,"enemies":"Hexaghost","floor":16,"turns":8},{"damage":14,"enemies":"Spheric Guardian","floor":18,"turns":4},{"damage":28,"enemies":"Shell Parasite","floor":20,"turns":6}],"seed_played":"778063000169327249","potions_obtained":[{"floor":1,"key":"SpeedPotion"},{"floor":6,"key":"Ancient Potion"},{"floor":13,"key":"PowerPotion"}],"is_trial":false,"path_per_floor":["M","?","?","M","?","E","R","M","T","M","R","$","M","?","R","B",null,"M","$","M"],"character_chosen":"DEFECT","items_purchased":["Conserve Battery","Self Repair","Leap","White Noise"],"campfire_rested":0,"item_purchase_floors":[12,12,19,19],"current_hp_per_floor":[64,64,53,53,53,53,53,46,46,38,38,38,40,35,35,42,59,52,52,24],"gold":35,"neow_bonus":"THREE_ENEMY_KILL","is_prod":false,"is_daily":false,"chose_seed":false,"campfire_upgraded":3,"win_rate":0,"timestamp":1560082937,"path_taken":["M","?","?","M","?","E","R","M","T","M","R","?","M","?","R","BOSS","M","$","M"],"build_version":"2019-01-23","purchased_purges":2,"victory":false,"max_hp_per_floor":[71,64,64,64,64,64,64,64,64,64,64,64,64,64,64,64,64,64,64,64],"card_choices":[{"not_picked":["Skim","Force Field"],"picked":"Doom and Gloom","floor":1},{"not_picked":["Turbo","Stack"],"picked":"Chaos","floor":4},{"not_picked":["Capacitor","Redo"],"picked":"Leap","floor":6},{"not_picked":["Go for the Eyes","Conserve Battery"],"picked":"Steam","floor":8},{"not_picked":["Rip and Tear","Aggregate"],"picked":"Hologram","floor":10},{"not_picked":["Meteor Strike","Redo","Double Energy"],"picked":"SKIP","floor":13},{"not_picked":["Sunder","Aggregate"],"picked":"Rebound","floor":14},{"not_picked":["Reboot","Fission"],"picked":"Creative AI","floor":16},{"not_picked":["Cold Snap"],"picked":"SKIP","floor":18}],"player_experience":770591,"relics_obtained":[{"floor":6,"key":"Meat on the Bone"},{"floor":9,"key":"Centennial Puzzle"},{"floor":14,"key":"Odd Mushroom"}],"event_choices":[{"damage_healed":0,"gold_gain":0,"player_choice":"Lose Max HP","damage_taken":0,"relics_obtained":["Golden Idol"],"max_hp_gain":0,"max_hp_loss":7,"event_name":"Golden Idol","floor":2,"gold_loss":0},{"damage_healed":0,"gold_gain":75,"player_choice":"Gather Gold","damage_taken":11,"max_hp_gain":0,"max_hp_loss":0,"event_name":"World of Goop","floor":3,"gold_loss":0},{"damage_healed":0,"gold_gain":0,"player_choice":"Ignored","damage_taken":0,"max_hp_gain":0,"max_hp_loss":0,"event_name":"Liars Game","floor":5,"gold_loss":0},{"damage_healed":0,"gold_gain":0,"player_choice":"Fought Mushrooms","damage_taken":0,"max_hp_gain":0,"max_hp_loss":0,"event_name":"Mushrooms","floor":14,"gold_loss":0}],"is_beta":false,"boss_relics":[{"not_picked":["Snecko Eye","Orrery"],"picked":"Busted Crown"}],"items_purged_floors":[12,19],"is_endless":false,"potions_floor_spawned":[1,6,13],"killed_by":"Shell Parasite","ascension_level":17}