{"gold_per_floor":[118,118,118,118,130,160,160,160,160,185,185,185,185,206,206,206],"floor_reached":16,"playtime":312,"items_purged":[],"score":234,"play_id":"9c448025-67fe-42bd-9bc2-21a48001bb87","local_time":"20190607070536","is_ascension_mode":true,"campfire_choices":[{"floor":8,"key":"REST"},{"floor":11,"key":"REST"},{"data":"Neutralize","floor":13,"key":"SMITH"},{"data":"Noxious Fumes","floor":15,"key":"SMITH"}],"neow_cost":"NONE","seed_source_timestamp":463799045184323,"circlet_count":0,"master_deck":["AscendersBane","Defend_G","Defend_G+1","Defend_G","Defend_G","Defend_G","Strike_G+1","Strike_G","Strike_G","Strike_G","Survivor","Neutralize+1","Deadly Poison","Leg Sweep+1","Bouncing Flask+1","PiercingWail+1","Noxious Fumes+1"],"relics":["Ring of the Snake","NeowsBlessing","Toxic Egg 2","Ancient Tea Set","Golden Idol","Smiling Mask"],"potions_floor_usage":[16,16],"damage_taken":[{"damage":0,"enemies":"Cultist","floor":1,"turns":1},{"damage":0,"enemies":"Jaw Worm","floor":5,"turns":1},{"damage":0,"enemies":"3 Sentries","floor":6,"turns":1},{"damage":8,"enemies":"Small Slimes","floor":10,"turns":2},{"damage":3,"enemies":"Blue Slaver","floor":14,"turns":3},{"damage":37,"enemies":"Slime Boss","floor":16,"turns":9}],"seed_played":"-7482942723852881904","potions_obtained":[{"floor":5,"key":"GamblersBrew"},{"floor":14,"key":"SkillPotion"}],"is_trial":false,"path_per_floor":["M","$","?","T","M","E","?","R","T","M","R","?","R","M","R","B"],"character_chosen":"THE_SILENT","items_purchased":[],"campfire_rested":2,"item_purchase_floors":[],"current_hp_per_floor":[59,59,39,39,39,39,16,35,35,27,46,39,39,36,36,0],"gold":206,"neow_bonus":"THREE_ENEMY_KILL","is_prod":false,"is_daily":false,"chose_seed":false,"campfire_upgraded":2,"win_rate":0,"timestamp":1559862336,"path_taken":["M","$","?","?","M","E","?","R","T","M","R","?","R","?","R","BOSS"],"build_version":"2019-01-23","purchased_purges":0,"victory":false,"max_hp_per_floor":[66,66,66,66,66,66,66,66,66,66,66,66,66,66,66,66],"card_choices":[{"not_picked":["Deflect","Tactician"],"picked":"Deadly Poison","floor":1},{"not_picked":["Dash","Prepared+1"],"picked":"Leg Sweep+1","floor":5},{"not_picked":["Dash","Dagger Throw"],"picked":"Bouncing Flask+1","floor":6},{"not_picked":["Flying Knee","Dagger Spray"],"picked":"PiercingWail+1","floor":10},{"not_picked":["Prepared+1","Acrobatics+1"],"picked":"Noxious Fumes","floor":14}],"player_experience":650746,"relics_obtained":[{"floor":4,"key":"Toxic Egg 2"},{"floor":6,"key":"Ancient Tea Set"},{"floor":9,"key":"Smiling Mask"}],"event_choices":[{"damage_healed":0,"gold_gain":0,"player_choice":"Entered Light","damage_taken":20,"max_hp_gain":0,"max_hp_loss":0,"event_name":"Shining Light","floor":3,"gold_loss":0,"cards_upgraded":["Strike_G","Defend_G"]},{"damage_healed":0,"gold_gain":0,"player_choice":"Take Damage","damage_taken":23,"relics_obtained":["Golden Idol"],"max_hp_gain":0,"max_hp_loss":0,"event_name":"Golden Idol","floor":7,"gold_loss":0},{"cards_removed":["Strike_G"],"damage_healed":0,"gold_gain":0,"player_choice":"Card Removal","damage_taken":7,"max_hp_gain":0,"max_hp_loss":0,"event_name":"Golden Wing","floor":12,"gold_loss":0}],"is_beta":false,"boss_relics":[],"items_purged_floors":[],"is_endless":false,"potions_floor_spawned":[5,14],"killed_by":"Slime Boss","ascension_level":18}