{"gold_per_floor":[110,129,129,140,819,845,865,865,865,880,880,896,896,921,921,1021,1021,1004,546,561,571,591,619,619,647,697,697,697,707,724,724,724,828,828,841,588,588,588,639,665,665,126,126,126,126,154,154,173,173,173,173,173,711,745,745],"floor_reached":56,"playtime":5202,"items_purged":["Defend_G","Strike_G","Strike_G","Defend_G","Strike_G"],"score":1494,"play_id":"98588aa9-7532-4291-8b11-2ba7593f65d5","local_time":"20190613032802","is_ascension_mode":true,"campfire_choices":[{"floor":8.0,"key":"REST"},{"data":"Metamorphosis","floor":11.0,"key":"SMITH"},{"data":"Endless Agony","floor":13.0,"key":"SMITH"},{"data":"Catalyst","floor":15.0,"key":"SMITH"},{"data":"Burst","floor":24.0,"key":"SMITH"},{"data":"Calculated Gamble","floor":27.0,"key":"SMITH"},{"data":"RitualDagger","floor":32.0,"key":"SMITH"},{"data":"Catalyst","floor":41.0,"key":"SMITH"},{"floor":45.0,"key":"RECALL"},{"data":"Noxious Fumes","floor":47,"key":"SMITH"},{"data":"Secret Technique","floor":49,"key":"SMITH"},{"data":"Well Laid Plans","floor":52,"key":"SMITH"}],"neow_cost":"NONE","seed_source_timestamp":202417452919300,"circlet_count":0,"master_deck":["Defend_G","Defend_G","Strike_G","Survivor","Neutralize","Endless Agony+1","Deadly Poison","Outmaneuver","Metamorphosis+1","Blade Dance","Catalyst+1","Calculated Gamble+1","Burst+1","Acrobatics","Poisoned Stab","Deadly Poison","Backflip","Bouncing Flask","Bandage Up","Poisoned Stab","Backflip","Adrenaline","Catalyst+1","Well Laid Plans+1","Deadly Poison+1","RitualDagger+1","Doppelganger","Crippling Poison","Noxious Fumes+1","Secret Technique+1","Bouncing Flask+1","Deadly Poison+1","Catalyst+1","Master of Strategy","Well Laid Plans"],"special_seed":0,"relics":["Empty Cage","Membership Card","Paper Crane","Bottled Flame","Smiling Mask","Gremlin Horn","Prayer Wheel","Orrery","Bag of Marbles","HandDrill","Pocketwatch","Question Card","Meat on the Bone","Anchor","GremlinMask","Sozu","Bag of Preparation","Darkstone Periapt","Ginger","Letter Opener","TwistedFunnel","Unceasing Top","Shuriken","Pear","Torii","Strange Spoon","Oddly Smooth Stone","Vajra","Sundial"],"potions_floor_usage":[46,50],"damage_taken":[{"damage":2.0,"enemies":"Jaw Worm","floor":1.0,"turns":6.0},{"damage":6.0,"enemies":"Cultist","floor":2.0,"turns":5.0},{"damage":0.0,"enemies":"Small Slimes","floor":4.0,"turns":3.0},{"damage":38.0,"enemies":"Gremlin Nob","floor":6.0,"turns":5.0},{"damage":17.0,"enemies":"Exordium Wildlife","floor":7.0,"turns":4.0},{"damage":2.0,"enemies":"Blue Slaver","floor":10.0,"turns":4.0},{"damage":1.0,"enemies":"2 Fungi Beasts","floor":12.0,"turns":3.0},{"damage":56.0,"enemies":"Lagavulin","floor":14.0,"turns":9.0},{"damage":18.0,"enemies":"Hexaghost","floor":16.0,"turns":8.0},{"damage":34.0,"enemies":"2 Thieves","floor":18.0,"turns":4.0},{"damage":6.0,"enemies":"Spheric Guardian","floor":20.0,"turns":3.0},{"damage":25.0,"enemies":"3 Cultists","floor":21.0,"turns":4.0},{"damage":30.0,"enemies":"Centurion and Healer","floor":22.0,"turns":6.0},{"damage":36.0,"enemies":"Book of Stabbing","floor":23.0,"turns":4.0},{"damage":26.0,"enemies":"Gremlin Leader","floor":25.0,"turns":4.0},{"damage":5.0,"enemies":"Chosen and Byrds","floor":29.0,"turns":4.0},{"damage":6.0,"enemies":"Snake Plant","floor":30.0,"turns":3.0},{"damage":104.0,"enemies":"Automaton","floor":33.0,"turns":7.0},{"damage":0.0,"enemies":"Orb Walker","floor":35.0,"turns":2.0},{"damage":30.0,"enemies":"2 Orb Walkers","floor":39.0,"turns":4.0},{"damage":2.0,"enemies":"Giant Head","floor":40.0,"turns":5.0},{"damage":2,"enemies":"Nemesis","floor":46,"turns":3},{"damage":6,"enemies":"3 Shapes","floor":48,"turns":1},{"damage":53,"enemies":"Donu and Deca","floor":50,"turns":5},{"damage":19,"enemies":"Shield and Spear","floor":54,"turns":3},{"damage":20,"enemies":"The Heart","floor":55,"turns":3}],"seed_played":"-8854631428866317188","potions_obtained":[{"floor":1.0,"key":"GamblersBrew"},{"floor":10.0,"key":"LiquidBronze"},{"floor":14.0,"key":"Fire Potion"},{"floor":21.0,"key":"GamblersBrew"},{"floor":25.0,"key":"Energy Potion"},{"floor":30.0,"key":"GhostInAJar"}],"is_trial":false,"path_per_floor":["M","M","?","M","$","E","M","R","T","M","R","M","R","E","R","B",null,"M","$","M","M","M","E","R","E","T","R","?","M","M","?","R","B",null,"M","$","?","?","?","E","R","$","T","T","R","E","R","M","R","B",null,"R","$","E","B",null],"character_chosen":"THE_SILENT","items_purchased":["Membership Card","Paper Crane","Metamorphosis","Bottled Flame","Bouncing Flask","Bag of Marbles","HandDrill","Pocketwatch","Bandage Up","Bag of Preparation","Darkstone Periapt","TwistedFunnel","Unceasing Top","Shuriken","Noxious Fumes","Secret Technique","Strange Spoon","Oddly Smooth Stone","Vajra","Master of Strategy","Well Laid Plans"],"campfire_rested":1,"item_purchase_floors":[5,5,5,5,19,19,19,19,19,36,36,42,42,42,42,42,53,53,53,53,53],"current_hp_per_floor":[68,62,62,62,62,24,7,28,28,26,26,25,25,9,9,11,70,36,36,34,13,37,5,5,44,44,44,44,43,41,35,35,51,70,70,70,66,66,66,64,64,64,64,74,74,74,74,68,68,31,76,76,76,57,41],"gold":745,"neow_bonus":"BOSS_RELIC","is_prod":false,"is_daily":false,"chose_seed":false,"campfire_upgraded":10,"win_rate":0,"timestamp":1560389282,"path_taken":["M","M","?","M","$","E","M","R","T","?","R","M","R","E","R","BOSS","M","$","M","M","M","E","R","E","T","R","?","M","?","?","R","BOSS","M","$","?","?","?","E","R","$","T","?","R","E","R","M","R","BOSS","R","$","E","BOSS"],"build_version":"2019-01-23","purchased_purges":5,"victory":true,"max_hp_per_floor":[70,70,70,70,70,70,70,70,70,70,70,70,70,70,70,70,70,70,70,70,70,70,70,70,70,70,70,70,70,70,70,70,70,70,70,70,66,66,66,66,66,66,66,76,76,76,76,76,76,76,76,76,76,76,76],"card_choices":[{"not_picked":["PiercingWail","Deflect"],"picked":"Endless Agony","floor":1.0},{"not_picked":["Quick Slash","Bane"],"picked":"Deadly Poison","floor":2.0},{"not_picked":["Dodge and Roll","Sucker Punch"],"picked":"Outmaneuver","floor":4.0},{"not_picked":["Underhanded Strike","Skewer"],"picked":"Blade Dance","floor":6.0},{"not_picked":["Dagger Throw","Deflect","Predator"],"picked":"SKIP","floor":7.0},{"not_picked":["Grand Finale","Infinite Blades"],"picked":"Catalyst","floor":10.0},{"not_picked":["Deflect","Caltrops","Cloak And Dagger"],"picked":"SKIP","floor":12.0},{"not_picked":["Bane","Sucker Punch"],"picked":"Calculated Gamble","floor":14.0},{"not_picked":["Unload","Storm of Steel"],"picked":"Burst","floor":16.0},{"not_picked":["Terror","Dagger Throw"],"picked":"Acrobatics","floor":17.0},{"not_picked":["Prepared","A Thousand Cuts"],"picked":"Poisoned Stab","floor":17.0},{"not_picked":["Blade Dance","Flying Knee"],"picked":"Deadly Poison","floor":17.0},{"not_picked":["Underhanded Strike","Slice"],"picked":"Backflip","floor":17.0},{"not_picked":["Dagger Spray","Backflip","Dodge and Roll"],"picked":"SKIP","floor":18.0},{"not_picked":["Underhanded Strike","Setup","Bane"],"picked":"SKIP","floor":18.0},{"not_picked":["Dodge and Roll+1","Malaise"],"picked":"Choke","floor":20.0},{"not_picked":["Underhanded Strike+1","Acrobatics","Prepared"],"picked":"SKIP","floor":20.0},{"not_picked":["Flying Knee","Outmaneuver"],"picked":"Poisoned Stab","floor":21.0},{"not_picked":["Deflect","Flying Knee"],"picked":"Backflip","floor":21.0},{"not_picked":["Backflip+1","PiercingWail","Acrobatics+1"],"picked":"SKIP","floor":22.0},{"not_picked":["Deflect+1","Bane","PiercingWail"],"picked":"SKIP","floor":22.0},{"not_picked":["Backstab","Deflect+1","Tactician"],"picked":"SKIP","floor":23.0},{"not_picked":["PiercingWail","Bane","Skewer"],"picked":"Adrenaline","floor":25.0},{"not_picked":["Acrobatics","Dodge and Roll","Deflect"],"picked":"Catalyst","floor":29.0},{"not_picked":["Quick Slash","Blur","Escape Plan"],"picked":"Well Laid Plans","floor":29.0},{"not_picked":["Acrobatics","Flying Knee","Dagger Throw+1"],"picked":"Deadly Poison+1","floor":30.0},{"not_picked":["Calculated Gamble","Choke","Escape Plan","Backflip"],"picked":"SKIP","floor":30.0},{"not_picked":["Burst","Unload","Die Die Die"],"picked":"Doppelganger","floor":33.0},{"not_picked":["Footwork+1","Blur","Eviscerate+1","Concentrate+1"],"picked":"SKIP","floor":35.0},{"not_picked":["Sucker Punch+1","Bane+1","Deflect","Endless Agony"],"picked":"SKIP","floor":35.0},{"not_picked":["Outmaneuver+1","PiercingWail+1","Acrobatics"],"picked":"Crippling Poison","floor":39.0},{"not_picked":["Acrobatics","Quick Slash","Footwork+1","Cloak And Dagger+1"],"picked":"SKIP","floor":40.0},{"not_picked":["Footwork","Deflect+1","Cloak And Dagger+1"],"picked":"Bouncing Flask+1","floor":46},{"not_picked":["Dodge and Roll+1","Cloak And Dagger","Masterful Stab+1"],"picked":"Deadly Poison+1","floor":48},{"not_picked":["Outmaneuver","Grand Finale","Slice"],"picked":"Catalyst+1","floor":48},{"not_picked":["Acrobatics","Dagger Throw","Storm of Steel","Expertise"],"picked":"SKIP","floor":54}],"player_experience":192466,"relics_obtained":[{"floor":6.0,"key":"Smiling Mask"},{"floor":9.0,"key":"Gremlin Horn"},{"floor":14.0,"key":"Prayer Wheel"},{"floor":23.0,"key":"Question Card"},{"floor":25.0,"key":"Meat on the Bone"},{"floor":26.0,"key":"Anchor"},{"floor":39.0,"key":"Ginger"},{"floor":40.0,"key":"Letter Opener"},{"floor":44.0,"key":"Pear"},{"floor":46,"key":"Torii"},{"floor":54,"key":"Sundial"}],"event_choices":[{"damage_healed":0.0,"max_hp_gain":0.0,"max_hp_loss":0.0,"gold_gain":0.0,"event_name":"The Woman in Blue","player_choice":"Bought 0 Potions","floor":3.0,"gold_loss":0.0,"damage_taken":0.0},{"damage_healed":0.0,"max_hp_gain":0.0,"max_hp_loss":0.0,"gold_gain":0.0,"event_name":"FaceTrader","player_choice":"Trade","floor":28.0,"gold_loss":0.0,"damage_taken":0.0,"relics_obtained":["GremlinMask"]},{"damage_healed":0.0,"max_hp_gain":0.0,"max_hp_loss":0.0,"gold_gain":0.0,"event_name":"Nest","player_choice":"Joined the Cult","floor":31.0,"gold_loss":0.0,"damage_taken":6.0,"cards_obtained":["RitualDagger"]},{"damage_healed":0.0,"max_hp_gain":0.0,"max_hp_loss":4.0,"gold_gain":0.0,"event_name":"Winding Halls","player_choice":"Max HP","floor":37.0,"gold_loss":0.0,"damage_taken":0.0},{"cards_removed":["Choke"],"damage_healed":0.0,"max_hp_gain":0.0,"max_hp_loss":0.0,"gold_gain":0.0,"event_name":"Falling","player_choice":"Removed Attack","floor":38.0,"gold_loss":0.0,"damage_taken":0.0},{"damage_healed":0.0,"max_hp_gain":0.0,"max_hp_loss":0.0,"gold_gain":0.0,"event_name":"Mysterious Sphere","player_choice":"Fight","floor":39.0,"gold_loss":0.0,"damage_taken":0.0}],"is_beta":false,"boss_relics":[{"not_picked":["Ectoplasm","Astrolabe"],"picked":"Orrery"},{"not_picked":["Lizard Tail","Calling Bell"],"picked":"Sozu"}],"items_purged_floors":[5,19,36,42,53],"is_endless":false,"potions_floor_spawned":[1,10,14,21,25,30,39],"ascension_level":4}