{"gold_per_floor":[127,150,181,293,318,364,376,408,474,502,514,526,549,561,573,585],"floor_reached":16,"playtime":808,"items_purged":[],"score":151,"play_id":"06778943-e848-4670-bf1b-9337932e418b","local_time":"20190610112827","is_ascension_mode":true,"campfire_choices":[{"data":"Blade Dance","floor":7,"key":"SMITH"},{"data":"Blade Dance","floor":12,"key":"SMITH"},{"data":"Blade Dance","floor":15,"key":"SMITH"}],"neow_cost":"NONE","seed_source_timestamp":236651192946397,"circlet_count":0,"master_deck":["Defend_G","Defend_G","Defend_G","Defend_G","Defend_G","Strike_G","Strike_G","Strike_G","Strike_G+1","Strike_G","Survivor","Neutralize","Backstab","Prepared+1","Cloak And Dagger","Backflip","Blade Dance+1","Blade Dance+1","Blade Dance+1","Backstab"],"relics":["Ring of the Snake","MawBank","FossilizedHelix","Regal Pillow"],"potions_floor_usage":[6,6,16,16],"damage_taken":[{"damage":0,"enemies":"2 Louse","floor":1,"turns":5},{"damage":0,"enemies":"Cultist","floor":2,"turns":4},{"damage":0,"enemies":"Small Slimes","floor":3,"turns":4},{"damage":1,"enemies":"Red Slaver","floor":5,"turns":5},{"damage":35,"enemies":"Gremlin Nob","floor":6,"turns":5},{"damage":0,"enemies":"2 Fungi Beasts","floor":8,"turns":3},{"damage":0,"enemies":"Looter","floor":10,"turns":2},{"damage":0,"enemies":"Exordium Thugs","floor":13,"turns":5},{"damage":30,"enemies":"Slime Boss","floor":16,"turns":7}],"seed_played":"-9110457298544994329","potions_obtained":[{"floor":1,"key":"SpeedPotion"},{"floor":3,"key":"Regen Potion"},{"floor":5,"key":"GamblersBrew"},{"floor":10,"key":"GhostInAJar"}],"is_trial":false,"path_per_floor":["M","M","M","?","M","E","R","M","T","M","$","R","M","?","R","B"],"character_chosen":"THE_SILENT","items_purchased":[],"campfire_rested":0,"item_purchase_floors":[],"current_hp_per_floor":[63,63,63,63,62,40,40,40,40,40,40,40,40,26,26,0],"gold":585,"neow_bonus":"RANDOM_COMMON_RELIC","is_prod":false,"is_daily":false,"chose_seed":false,"campfire_upgraded":3,"win_rate":0,"timestamp":1560137307,"path_taken":["M","M","M","?","?","E","R","M","T","M","?","R","M","?","R","BOSS"],"build_version":"2019-01-23","purchased_purges":0,"victory":false,"max_hp_per_floor":[70,70,70,70,70,70,70,70,70,70,70,70,70,70,70,70],"card_choices":[{"not_picked":["Prepared","Predator"],"picked":"Backstab","floor":1},{"not_picked":["Dagger Spray","Setup"],"picked":"Prepared","floor":2},{"not_picked":["Deflect","Eviscerate"],"picked":"Cloak And Dagger","floor":3},{"not_picked":["Dagger Throw","Poisoned Stab"],"picked":"Backflip","floor":5},{"not_picked":["Quick Slash","Underhanded Strike"],"picked":"Blade Dance","floor":6},{"not_picked":["Crippling Poison","Acrobatics"],"picked":"Blade Dance","floor":8},{"not_picked":["Eviscerate","Dodge and Roll"],"picked":"Blade Dance","floor":10},{"not_picked":["Malaise","Blade Dance"],"picked":"Backstab","floor":13}],"player_experience":736441,"relics_obtained":[{"floor":6,"key":"FossilizedHelix"},{"floor":9,"key":"Regal Pillow"}],"event_choices":[{"damage_healed":0,"gold_gain":100,"player_choice":"Pray","damage_taken":0,"max_hp_gain":0,"max_hp_loss":0,"event_name":"Golden Shrine","floor":4,"gold_loss":0},{"damage_healed":0,"gold_gain":0,"player_choice":"Entered Light","damage_taken":14,"max_hp_gain":0,"max_hp_loss":0,"event_name":"Shining Light","floor":14,"gold_loss":0,"cards_upgraded":["Strike_G","Prepared"]}],"is_beta":false,"boss_relics":[],"items_purged_floors":[],"is_endless":false,"potions_floor_spawned":[1,3,5,10],"killed_by":"Slime Boss","ascension_level":9}