{"gold_per_floor":[117,117,42,60,60,60,93,168,168,198,198,215,215,233,233,233],"floor_reached":16,"playtime":504,"items_purged":["Defend_R"],"score":173,"play_id":"7de8e09d-9220-495f-9c12-f7d5f841ed7c","local_time":"20180814180725","is_ascension_mode":true,"campfire_choices":[{"data":"Cleave","floor":6,"key":"SMITH"},{"data":"Metallicize","floor":11,"key":"SMITH"},{"data":"Thunderclap","floor":15,"key":"SMITH"}],"neow_cost":"NONE","seed_source_timestamp":39929706566901,"circlet_count":0,"master_deck":["Strike_R","Strike_R","Strike_R+1","Strike_R+1","Defend_R","Defend_R","Defend_R","Bash","Cleave+1","Metallicize+1","Ghostly Armor","Thunderclap+1"],"relics":["Burning Blood","NeowsBlessing","Darkstone Periapt","Ornamental Fan","Mercury Hourglass"],"potions_floor_usage":[10,10,16],"damage_taken":[{"damage":0,"enemies":"Cultist","floor":1,"turns":1},{"damage":0,"enemies":"Small Slimes","floor":4,"turns":1},{"damage":0,"enemies":"Lagavulin","floor":7,"turns":1},{"damage":14,"enemies":"3 Sentries","floor":10,"turns":6},{"damage":2,"enemies":"2 Louse","floor":12,"turns":2},{"damage":3,"enemies":"2 Fungi Beasts","floor":14,"turns":3},{"damage":59,"enemies":"The Guardian","floor":16,"turns":14}],"seed_played":"4632972199197841990","potions_obtained":[{"floor":1,"key":"Fire Potion"},{"floor":7,"key":"EssenceOfSteel"},{"floor":10,"key":"Energy Potion"}],"is_trial":false,"path_per_floor":["M","?","$","M","$","R","E","?","T","E","R","M","?","M","R"],"character_chosen":"IRONCLAD","items_purchased":[],"campfire_rested":0,"item_purchase_floors":[],"current_hp_per_floor":[78,78,78,80,80,80,80,69,69,61,61,65,49,52,52,0],"gold":233,"neow_bonus":"THREE_ENEMY_KILL","is_prod":false,"is_daily":false,"chose_seed":false,"campfire_upgraded":3,"win_rate":0,"timestamp":1534241245,"path_taken":["M","?","$","M","$","R","E","?","T","E","R","M","?","M","R","BOSS"],"build_version":"2018-08-09","purchased_purges":1,"victory":false,"max_hp_per_floor":[80,80,80,80,80,80,80,80,80,80,80,80,80,80,80,80],"card_choices":[{"not_picked":["Burning Pact","Armaments"],"picked":"Cleave","floor":1},{"not_picked":["Heavy Blade","Disarm","Armaments"],"picked":"SKIP","floor":4},{"not_picked":["Havoc","Pommel Strike"],"picked":"Metallicize","floor":7},{"not_picked":["True Grit","Wild Strike"],"picked":"Ghostly Armor","floor":12},{"not_picked":["Power Through","Shrug It Off"],"picked":"Thunderclap","floor":14}],"player_experience":432841,"relics_obtained":[{"floor":7,"key":"Darkstone Periapt"},{"floor":9,"key":"Ornamental Fan"},{"floor":10,"key":"Mercury Hourglass"}],"event_choices":[{"event_name":"Purifier","player_choice":"One Purge","floor":2,"damage_taken":0},{"event_name":"World of Goop","player_choice":"Gather Gold","floor":8,"damage_taken":0},{"event_name":"Shining Light","player_choice":"Entered Light","floor":13,"damage_taken":0}],"is_beta":false,"boss_relics":[],"items_purged_floors":[3],"is_endless":false,"potions_floor_spawned":[1,7,10],"killed_by":"The Guardian","ascension_level":6}