{"path_per_floor":["M","M","M","M","?","R","?","M","T","R","M","R","M","M","R","B",null,"M","$","M","?","M","R","M","R","T","M","M","?","M","M","R","B",null,"M","M","M","?","?","R","E","R","T","T","?","?","$","M","R","B"],"character_chosen":"THE_SILENT","items_purchased":["Apotheosis","Singing Bowl","Pear","Swift Potion"],"gold_per_floor":[112,131,142,152,227,227,227,247,302,302,313,313,324,343,343,443,443,456,44,59,59,79,79,92,92,117,133,143,143,161,176,176,281,281,291,306,326,326,326,326,357,357,384,436,436,436,24,42,42,42],"floor_reached":51,"campfire_rested":6,"playtime":3244,"current_hp_per_floor":[63,63,62,51,40,40,40,47,47,47,39,60,57,34,55,32,61,60,60,60,60,53,72,74,74,74,72,74,59,59,51,76,38,79,81,81,63,63,86,86,62,90,92,94,94,94,104,104,110,21],"items_purged":["Strike_G","Strike_G"],"gold":42,"score":1075,"play_id":"1f9c9fe5-946e-4fea-bc7b-b4a6e6f3feec","local_time":"20180321204058","is_prod":false,"is_daily":false,"is_ascension_mode":true,"campfire_upgraded":4,"timestamp":1521682858,"path_taken":["M","M","M","M","?","R","?","?","T","R","M","R","M","M","R","BOSS","M","$","M","?","M","R","?","R","T","M","?","?","M","M","R","BOSS","M","M","M","?","?","R","E","R","T","?","?","?","$","M","R","BOSS"],"build_version":"2018-03-15v3","purchased_purges":2,"victory":true,"master_deck":["Defend_G","Defend_G","Defend_G","Defend_G","Defend_G","Strike_G","Strike_G","Strike_G","Survivor+1","Neutralize+1","Predator+1","Bouncing Flask+1","Malaise+1","Bullet Time","Apotheosis","Dodge and Roll+1","Riddle With Holes+1","Adrenaline","Backflip+1","Predator","Bouncing Flask"],"max_hp_per_floor":[70,70,70,70,70,70,70,70,70,70,70,70,70,70,70,70,70,70,70,72,72,72,72,74,74,74,76,78,83,83,85,85,85,91,93,93,95,92,92,92,94,94,96,98,98,98,108,110,110,110],"relics":["Ring of the Snake","Happy Flower","Snecko Eye","Singing Bowl","Lantern","Orrery","Prayer Wheel","Orichalcum","Regal Pillow","Pear"],"card_choices":[{"not_picked":["Sucker Punch","Acrobatics"],"picked":"Predator"},{"not_picked":["Sucker Punch","Poisoned Stab"],"picked":"Bouncing Flask"},{"not_picked":["Dagger Spray","Underhanded Strike"],"picked":"Malaise"},{"not_picked":["Phantasmal Killer","Envenom"],"picked":"Bullet Time"},{"not_picked":["Deadly Poison","Dagger Throw"],"picked":"Dodge and Roll"},{"not_picked":["Infinite Blades","Deadly Poison"],"picked":"Riddle With Holes"},{"not_picked":["Storm of Steel","Corpse Explosion"],"picked":"Adrenaline"},{"not_picked":["Slice","Deflect"],"picked":"Backflip"},{"not_picked":["Underhanded Strike","Acrobatics"],"picked":"Predator"},{"not_picked":["Sucker Punch","Catalyst"],"picked":"Bouncing Flask"}],"player_experience":308987,"potions_floor_usage":[8,16,22,28,33,33,33,37,50,50],"damage_taken":[{"damage":0,"enemies":"2 Louse","floor":1,"turns":3},{"damage":0,"enemies":"Jaw Worm","floor":2,"turns":4},{"damage":1,"enemies":"Cultist","floor":3,"turns":3},{"damage":11,"enemies":"3 Louse","floor":4,"turns":4},{"damage":5,"enemies":"Exordium Wildlife","floor":8,"turns":5},{"damage":8,"enemies":"Exordium Thugs","floor":11,"turns":4},{"damage":3,"enemies":"Looter","floor":13,"turns":3},{"damage":23,"enemies":"Gremlin Gang","floor":14,"turns":6},{"damage":23,"enemies":"The Guardian","floor":16,"turns":9},{"damage":1,"enemies":"Spheric Guardian","floor":18,"turns":3},{"damage":2,"enemies":"Shell Parasite","floor":20,"turns":5},{"damage":7,"enemies":"Chosen and Byrds","floor":22,"turns":4},{"damage":0,"enemies":"Snecko","floor":24,"turns":5},{"damage":4,"enemies":"Snake Plant","floor":27,"turns":4},{"damage":0,"enemies":"Cultist and Chosen","floor":28,"turns":5},{"damage":0,"enemies":"3 Cultists","floor":30,"turns":5},{"damage":10,"enemies":"Snake Plant","floor":31,"turns":3},{"damage":38,"enemies":"Automaton","floor":33,"turns":11},{"damage":0,"enemies":"Orb Walker","floor":35,"turns":3},{"damage":0,"enemies":"3 Shapes","floor":36,"turns":3},{"damage":32,"enemies":"3 Darklings","floor":37,"turns":5},{"damage":26,"enemies":"Nemesis","floor":41,"turns":7},{"damage":2,"enemies":"Maw","floor":48,"turns":6},{"damage":89,"enemies":"Donu and Deca","floor":50,"turns":12}],"event_choices":[{"event_name":"World of Goop","player_choice":"Gather Gold","floor":5,"damage_taken":0},{"event_name":"Liars Game","player_choice":"disagreed","floor":7,"damage_taken":0},{"event_name":"Upgrade Shrine","player_choice":"Upgraded","floor":21,"damage_taken":0},{"event_name":"Forgotten Altar","player_choice":"Shed Blood","floor":29,"damage_taken":0},{"event_name":"Purifier","player_choice":"One Purge","floor":38,"damage_taken":0},{"event_name":"Winding Halls","player_choice":"Writhe","floor":39,"damage_taken":0},{"event_name":"Upgrade Shrine","player_choice":"Upgraded","floor":45,"damage_taken":0},{"event_name":"Fountain of Cleansing","player_choice":"Removed Curse","floor":46,"damage_taken":0}],"boss_relics":[{"not_picked":["Lizard Tail","Runic Dome"],"picked":"Snecko Eye"},{"not_picked":["Philosopher\u0027s Stone","Pandora\u0027s Box"],"picked":"Orrery"}],"potions_floor_spawned":[2,3,4,13,20,24,28,33,37,48],"seed_played":"-3976875673671808272","ascension_level":12,"is_trial":false}