{"path_per_floor":["M","M","?","M","M","R","M","E","T","?","E","R","M","?","R","B",null,"M","M","M","M","$","E","R","M","T","R"],"character_chosen":"DEFECT","items_purchased":["Bottled Lightning"],"gold_per_floor":[110,122,122,140,152,152,162,191,241,241,275,275,290,290,290,392,392,406,418,433,443,127,188,188,208,208,208,208],"floor_reached":28,"campfire_rested":2,"playtime":1781,"item_purchase_floors":[22],"current_hp_per_floor":[65,60,60,60,59,59,57,36,36,36,34,56,50,50,50,20,75,57,44,37,19,19,37,59,54,54,54,0],"items_purged":["Strike_B"],"gold":208,"score":265,"play_id":"7a806dee-f399-4aac-bfcc-1608102d8329","local_time":"20180531200719","is_prod":false,"is_daily":false,"chose_seed":false,"is_ascension_mode":true,"campfire_upgraded":3,"win_rate":0.0,"timestamp":1527815239,"campfire_choices":[{"data":"Zap","floor":6,"key":"SMITH"},{"floor":12,"key":"REST"},{"data":"Barrage","floor":15,"key":"SMITH"},{"floor":24,"key":"REST"},{"data":"Glacier","floor":27,"key":"SMITH"}],"path_taken":["M","M","?","?","M","R","M","E","T","?","E","R","M","?","R","BOSS","M","M","M","M","$","E","R","?","T","R","E"],"build_version":"2018-05-31","seed_source_timestamp":197577807520942,"purchased_purges":1,"victory":false,"master_deck":["Strike_B","Strike_B","Defend_B","Defend_B","Defend_B","Defend_B","Zap+1","Dualcast","Glacier+1","Barrage+1","Cold Snap","FTL","Steam","Darkness+1","Genetic Algorithm+1","Rainbow+1","Leap+1","White Noise+1","Conserve Battery+1","Auto Shields+1","FTL+1"],"max_hp_per_floor":[75,75,75,75,75,75,75,75,75,75,75,75,75,75,75,75,75,75,75,75,75,75,75,75,75,75,75,75],"relics":["Cracked Core","Toxic Egg 2","Bag of Preparation","Shuriken","Lizard Tail","Bottled Lightning","Tiny Chest","Orichalcum"],"card_choices":[{"not_picked":["Coolheaded","Steam"],"picked":"Glacier","floor":1},{"not_picked":["Heatsinks","Self Repair"],"picked":"Barrage","floor":2},{"not_picked":["Go for the Eyes","Scrape"],"picked":"Cold Snap","floor":4},{"not_picked":["Aggregate","Stack"],"picked":"FTL","floor":5},{"not_picked":["Hologram","Consume"],"picked":"Steam","floor":7},{"not_picked":["Reboot","Coolheaded"],"picked":"Darkness","floor":8},{"not_picked":["Melter","Compile Driver"],"picked":"Genetic Algorithm+1","floor":11},{"not_picked":["Coolheaded+1","Beam Cell","Reprogram+1"],"picked":"SKIP","floor":13},{"not_picked":["Biased Cognition","Amplify+1"],"picked":"Rainbow+1","floor":16},{"not_picked":["Steam Power+1","Hologram+1"],"picked":"Leap+1","floor":18},{"not_picked":["Streamline+1","Capacitor","Stack+1"],"picked":"SKIP","floor":19},{"not_picked":["Stack+1","Beam Cell"],"picked":"White Noise+1","floor":20},{"not_picked":["Steam+1","FTL"],"picked":"Conserve Battery+1","floor":21},{"not_picked":["Buffer","Conserve Battery+1"],"picked":"Auto Shields+1","floor":23},{"not_picked":["Hologram+1","Ball Lightning"],"picked":"FTL+1","floor":25}],"player_experience":592662,"potions_floor_usage":[5,16,16,16,23],"damage_taken":[{"damage":10,"enemies":"Cultist","floor":1,"turns":4},{"damage":5,"enemies":"Small Slimes","floor":2,"turns":4},{"damage":0,"enemies":"Jaw Worm","floor":4,"turns":3},{"damage":1,"enemies":"Gremlin Gang","floor":5,"turns":5},{"damage":2,"enemies":"2 Fungi Beasts","floor":7,"turns":3},{"damage":21,"enemies":"Gremlin Nob","floor":8,"turns":4},{"damage":2,"enemies":"3 Sentries","floor":11,"turns":6},{"damage":6,"enemies":"Blue Slaver","floor":13,"turns":2},{"damage":30,"enemies":"Slime Boss","floor":16,"turns":5},{"damage":18,"enemies":"2 Thieves","floor":18,"turns":4},{"damage":13,"enemies":"Spheric Guardian","floor":19,"turns":4},{"damage":7,"enemies":"Centurion and Healer","floor":20,"turns":5},{"damage":18,"enemies":"3 Cultists","floor":21,"turns":8},{"damage":19,"enemies":"Book of Stabbing","floor":23,"turns":5},{"damage":5,"enemies":"Snecko","floor":25,"turns":6},{"damage":54,"enemies":"Gremlin Leader","floor":28,"turns":9}],"relics_obtained":[{"floor":8,"key":"Toxic Egg 2"},{"floor":9,"key":"Bag of Preparation"},{"floor":11,"key":"Shuriken"},{"floor":23,"key":"Tiny Chest"},{"floor":26,"key":"Orichalcum"}],"event_choices":[{"event_name":"Living Wall","player_choice":"Forget","floor":3,"damage_taken":0},{"event_name":"The Woman in Blue","player_choice":"Bought 0 Potions","floor":10,"damage_taken":0},{"event_name":"Liars Game","player_choice":"disagreed","floor":14,"damage_taken":0}],"boss_relics":[{"not_picked":["Black Star","Philosopher\u0027s Stone"],"picked":"Lizard Tail"}],"items_purged_floors":[22],"potions_floor_spawned":[2,7,11,13,19,20],"seed_played":"3610661536534724899","killed_by":"Gremlin Leader","ascension_level":1,"potions_obtained":[{"floor":2,"key":"Poison Potion"},{"floor":7,"key":"AttackPotion"},{"floor":11,"key":"Strength Potion"},{"floor":13,"key":"FearPotion"},{"floor":19,"key":"Explosive Potion"},{"floor":20,"key":"SteroidPotion"}],"is_trial":false}