{"gold_per_floor":[112,128,53,53,53,81,81,94,94,110,18,18,18,37,37,111,111,124,135,25,38,38],"floor_reached":22,"playtime":978,"items_purged":["Strike_R","Strike_R"],"score":380,"play_id":"6cbc58bd-5f3f-4f92-a823-99ffbd7286c6","local_time":"20190109222429","is_ascension_mode":true,"campfire_choices":[{"data":"Bash","floor":7,"key":"SMITH"},{"data":"Rampage","floor":13,"key":"SMITH"},{"floor":15,"key":"REST"}],"neow_cost":"NONE","seed_source_timestamp":196203519394925,"circlet_count":0,"master_deck":["AscendersBane","Strike_R+1","Defend_R+1","Defend_R","Bash+1","Sword Boomerang","Shrug It Off","Twin Strike+1","Twin Strike","Rampage+1","Offering","Cleave"],"relics":["Burning Blood","NeowsBlessing","Matryoshka","Bronze Scales","Smiling Mask","Empty Cage"],"potions_floor_usage":[16,16,22,22],"damage_taken":[{"damage":0,"enemies":"Jaw Worm","floor":1,"turns":1},{"damage":0,"enemies":"Small Slimes","floor":2,"turns":1},{"damage":0,"enemies":"3 Sentries","floor":6,"turns":1},{"damage":6,"enemies":"Cultist","floor":8,"turns":3},{"damage":3,"enemies":"Looter","floor":10,"turns":2},{"damage":38,"enemies":"Gremlin Gang","floor":14,"turns":5},{"damage":50,"enemies":"Slime Boss","floor":16,"turns":11},{"damage":20,"enemies":"Shell Parasite","floor":18,"turns":5},{"damage":9,"enemies":"Spheric Guardian","floor":19,"turns":3},{"damage":29,"enemies":"Snecko","floor":21,"turns":4},{"damage":23,"enemies":"Centurion and Healer","floor":22,"turns":2}],"seed_played":"-5756928991371585534","potions_obtained":[{"floor":1,"key":"Ancient Potion"},{"floor":6,"key":"SneckoOil"},{"floor":12,"key":"Explosive Potion"},{"floor":12,"key":"Weak Potion"},{"floor":16,"key":"SteroidPotion"},{"floor":19,"key":"PowerPotion"}],"is_trial":false,"path_per_floor":["M","M","$","?","?","E","R","M","T","M","$","?","R","M","R","B",null,"M","M","?","M","M"],"character_chosen":"IRONCLAD","items_purchased":["Rampage"],"campfire_rested":1,"item_purchase_floors":[11],"current_hp_per_floor":[74,75,75,52,52,58,58,58,58,61,61,61,61,29,51,7,58,44,41,41,18,0],"gold":38,"neow_bonus":"THREE_ENEMY_KILL","is_prod":false,"is_daily":false,"chose_seed":false,"campfire_upgraded":2,"win_rate":0,"timestamp":1547043869,"path_taken":["M","M","$","?","?","E","R","M","T","?","$","?","R","M","R","BOSS","M","?","?","?","M"],"build_version":"2019-01-03v4","purchased_purges":2,"victory":false,"max_hp_per_floor":[75,75,75,75,75,75,75,75,75,75,75,75,75,75,75,75,75,75,75,75,75,75],"card_choices":[{"not_picked":["Wild Strike","Power Through","Fire Breathing"],"picked":"SKIP","floor":1},{"not_picked":["Heavy Blade","Disarm"],"picked":"Sword Boomerang","floor":2},{"not_picked":["Warcry","Shockwave"],"picked":"Twin Strike","floor":6},{"not_picked":["Intimidate","Corruption"],"picked":"Twin Strike","floor":8},{"not_picked":["Hemokinesis","Armaments","Flame Barrier"],"picked":"SKIP","floor":10},{"not_picked":["Headbutt","Armaments","Shrug It Off"],"picked":"SKIP","floor":14},{"not_picked":["Barricade","Reaper"],"picked":"Offering","floor":16},{"not_picked":["Sword Boomerang","Entrench","True Grit"],"picked":"SKIP","floor":18},{"not_picked":["Iron Wave","Thunderclap","Armaments"],"picked":"SKIP","floor":19},{"not_picked":["Thunderclap","Intimidate"],"picked":"Cleave","floor":21}],"player_experience":655862,"relics_obtained":[{"floor":6,"key":"Matryoshka"},{"floor":9,"key":"Bronze Scales"},{"floor":9,"key":"Smiling Mask"}],"event_choices":[{"damage_healed":0,"gold_gain":0,"player_choice":"Entered Light","damage_taken":23,"max_hp_gain":0,"max_hp_loss":0,"event_name":"Shining Light","floor":4,"gold_loss":0,"cards_upgraded":["Strike_R","Defend_R"]},{"damage_healed":0,"gold_gain":0,"cards_transformed":["Strike_R"],"player_choice":"Transformed","damage_taken":0,"max_hp_gain":0,"max_hp_loss":0,"event_name":"Transmorgrifier","floor":5,"gold_loss":0,"cards_obtained":["Shrug It Off"]},{"damage_healed":0,"gold_gain":0,"player_choice":"Got Potions","damage_taken":0,"max_hp_gain":0,"max_hp_loss":0,"event_name":"Lab","floor":12,"gold_loss":0},{"cards_removed":["Defend_R"],"damage_healed":0,"gold_gain":0,"player_choice":"Upgrade and Remove","damage_taken":0,"max_hp_gain":0,"max_hp_loss":0,"event_name":"Designer","floor":20,"gold_loss":110,"cards_upgraded":["Twin Strike"]}],"is_beta":false,"boss_relics":[{"not_picked":["Coffee Dripper","Orrery"],"picked":"Empty Cage"}],"items_purged_floors":[3,11],"is_endless":false,"potions_floor_spawned":[1,6,10,16,19],"killed_by":"Centurion and Healer","ascension_level":16}