{"gold_per_floor":[18,18,18,18,35,363,363,381,381,391,401,401,425,443,443,548,548,565,581,506,521,539,539,555,572,572,572],"floor_reached":27,"playtime":960,"items_purged":["Strike_R"],"score":244,"play_id":"1645f26f-7b00-41ff-ae16-bff5a3abe2aa","local_time":"20180816135714","is_ascension_mode":false,"campfire_choices":[{"data":"Flame Barrier","floor":7,"key":"SMITH"},{"data":"Feed","floor":12,"key":"SMITH"},{"floor":15,"key":"REST"},{"data":"Bash","floor":23,"key":"SMITH"}],"neow_cost":"NO_GOLD","seed_source_timestamp":21425395164899,"circlet_count":0,"master_deck":["Strike_R","Strike_R","Strike_R","Defend_R","Defend_R","Defend_R","Bash+1","Headbutt","Flame Barrier+1","Headbutt","Feed+1","Seeing Red+1","Iron Wave+1"],"relics":["Burning Blood","Old Coin","Self Forming Clay","Oddly Smooth Stone","Coffee Dripper","Frozen Egg 2"],"potions_floor_usage":[6,6,16],"damage_taken":[{"damage":16,"enemies":"Jaw Worm","floor":1,"turns":5},{"damage":1,"enemies":"Cultist","floor":5,"turns":4},{"damage":47,"enemies":"3 Sentries","floor":6,"turns":10},{"damage":0,"enemies":"Small Slimes","floor":8,"turns":3},{"damage":12,"enemies":"Blue Slaver","floor":10,"turns":4},{"damage":5,"enemies":"Looter","floor":11,"turns":3},{"damage":7,"enemies":"Large Slime","floor":14,"turns":5},{"damage":55,"enemies":"The Guardian","floor":16,"turns":14},{"damage":14,"enemies":"Chosen","floor":18,"turns":4},{"damage":17,"enemies":"Spheric Guardian","floor":19,"turns":7},{"damage":15,"enemies":"Chosen and Byrds","floor":21,"turns":5},{"damage":41,"enemies":"Cultist and Chosen","floor":22,"turns":7},{"damage":16,"enemies":"Centurion and Healer","floor":24,"turns":9},{"damage":3,"enemies":"Snecko","floor":25,"turns":5},{"damage":0,"floor":27,"turns":1}],"seed_played":"6527895805530772322","potions_obtained":[{"floor":1,"key":"Energy Potion"},{"floor":5,"key":"Fruit Juice"},{"floor":8,"key":"PowerPotion"},{"floor":24,"key":"SpeedPotion"}],"is_trial":false,"path_per_floor":["M","?","?","$","M","E","R","M","T","M","M","R","T","M","R","B",null,"M","M","$","M","M","R","M","M","T"],"character_chosen":"IRONCLAD","items_purchased":[],"campfire_rested":1,"item_purchase_floors":[],"current_hp_per_floor":[70,70,70,70,75,39,39,45,45,39,40,40,40,39,64,19,89,81,74,74,69,34,34,28,35,35,35],"gold":572,"neow_bonus":"REMOVE_TWO","is_prod":false,"is_daily":false,"chose_seed":false,"campfire_upgraded":3,"win_rate":0,"timestamp":1534399034,"path_taken":["M","?","?","?","M","E","R","M","T","M","M","R","?","?","R","BOSS","M","M","$","M","M","R","M","M","T","?"],"build_version":"2018-08-09","purchased_purges":1,"victory":false,"max_hp_per_floor":[80,80,80,80,80,85,85,85,85,85,85,85,85,85,85,89,89,89,93,93,97,97,97,101,105,105,105],"card_choices":[{"not_picked":["Power Through","Anger","Clothesline"],"picked":"SKIP","floor":1},{"not_picked":["Iron Wave","Armaments"],"picked":"Headbutt","floor":5},{"not_picked":["Armaments","Metallicize"],"picked":"Flame Barrier","floor":6},{"not_picked":["Heavy Blade","Second Wind","True Grit"],"picked":"SKIP","floor":8},{"not_picked":["Searing Blow","Wild Strike"],"picked":"Headbutt","floor":10},{"not_picked":["Anger","Clothesline"],"picked":"Feed","floor":11},{"not_picked":["Armaments","Body Slam","Infernal Blade"],"picked":"SKIP","floor":14},{"not_picked":["Clothesline","Clash+1","Hemokinesis"],"picked":"SKIP","floor":18},{"not_picked":["Clothesline","Entrench"],"picked":"Seeing Red+1","floor":19},{"not_picked":["Heavy Blade+1","Twin Strike","Warcry+1"],"picked":"SKIP","floor":21},{"not_picked":["Perfected Strike","Intimidate","Armaments"],"picked":"SKIP","floor":22},{"not_picked":["Armaments","Clothesline","Corruption"],"picked":"SKIP","floor":24},{"not_picked":["Brutality","Carnage"],"picked":"Iron Wave+1","floor":25}],"player_experience":475168,"relics_obtained":[{"floor":6,"key":"Old Coin"},{"floor":9,"key":"Self Forming Clay"},{"floor":13,"key":"Oddly Smooth Stone"},{"floor":26,"key":"Frozen Egg 2"}],"event_choices":[{"event_name":"The Cleric","player_choice":"Leave","floor":2,"damage_taken":0},{"event_name":"Liars Game","player_choice":"disagreed","floor":3,"damage_taken":0},{"event_name":"Masked Bandits","player_choice":"Fought Bandits","floor":27,"damage_taken":0}],"is_beta":false,"boss_relics":[{"not_picked":["Pandora\u0027s Box","Lizard Tail"],"picked":"Coffee Dripper"}],"items_purged_floors":[20],"is_endless":false,"potions_floor_spawned":[1,5,8,24],"ascension_level":0}