{"gold_per_floor":[112,112,141,128,128,156,167,103,174,207,207,225,225,238,238,310,310,327,343,343,343],"floor_reached":21,"playtime":563,"items_purged":[],"score":417,"play_id":"fe06bae6-e6d3-4d6d-ae13-1b962f905506","local_time":"20190611063636","is_ascension_mode":true,"campfire_choices":[{"data":"Dualcast","floor":11,"key":"SMITH"},{"data":"Zap","floor":13,"key":"SMITH"},{"floor":15,"key":"REST"}],"neow_cost":"NONE","seed_source_timestamp":807417810200606,"circlet_count":0,"master_deck":["AscendersBane","Strike_B","Defend_B","Defend_B","Defend_B","Zap+1","Dualcast+1","Gash","Ball Lightning","Sweeping Beam","Gash","All For One","Gash","Echo Form+1","Amplify+1","Biased Cognition+1","Heatsinks+1","Defragment+1","Coolheaded","RitualDagger"],"relics":["Cracked Core","NeowsBlessing","MawBank","The Courier","Kunai","Frozen Egg 2","Astrolabe"],"potions_floor_usage":[10,16,19,21],"damage_taken":[{"damage":0,"enemies":"Jaw Worm","floor":1,"turns":1},{"damage":0,"enemies":"Cultist","floor":3,"turns":1},{"damage":0,"enemies":"Lagavulin","floor":6,"turns":1},{"damage":9,"enemies":"2 Louse","floor":7,"turns":2},{"damage":8,"enemies":"Gremlin Nob","floor":10,"turns":3},{"damage":6,"enemies":"Exordium Thugs","floor":12,"turns":3},{"damage":11,"enemies":"Looter","floor":14,"turns":3},{"damage":36,"enemies":"Hexaghost","floor":16,"turns":6},{"damage":12,"enemies":"Chosen","floor":18,"turns":3},{"damage":22,"enemies":"3 Byrds","floor":19,"turns":4},{"damage":22,"enemies":"Snake Plant","floor":21,"turns":2}],"seed_played":"-4026191018341050609","potions_obtained":[{"floor":3,"key":"SpeedPotion"},{"floor":7,"key":"Poison Potion"},{"floor":14,"key":"Regen Potion"},{"floor":18,"key":"GamblersBrew"}],"is_trial":false,"path_per_floor":["M","?","M","$","?","E","M","$","T","E","R","M","R","M","R","B",null,"M","M","?","M"],"character_chosen":"DEFECT","items_purchased":["Ball Lightning","All For One"],"campfire_rested":1,"item_purchase_floors":[4,8],"current_hp_per_floor":[64,64,64,64,64,64,55,55,55,47,47,41,41,30,51,30,61,49,27,21,0],"gold":343,"neow_bonus":"THREE_ENEMY_KILL","is_prod":false,"is_daily":false,"chose_seed":false,"campfire_upgraded":2,"win_rate":0,"timestamp":1560206196,"path_taken":["M","?","?","$","?","E","M","$","T","E","R","M","R","M","R","BOSS","M","M","?","M"],"build_version":"2019-01-23","purchased_purges":0,"victory":false,"max_hp_per_floor":[71,71,71,71,71,71,71,71,71,71,71,71,71,71,71,71,71,71,71,71,71],"card_choices":[{"not_picked":["Rebound","Redo"],"picked":"Go for the Eyes","floor":1},{"not_picked":["Hologram","Leap"],"picked":"Gash","floor":3},{"not_picked":["Beam Cell","Skim"],"picked":"Sweeping Beam","floor":6},{"not_picked":["FTL","Beam Cell"],"picked":"Gash","floor":7},{"not_picked":["Steam","Darkness","Redo"],"picked":"SKIP","floor":10},{"not_picked":["Barrage","Hologram"],"picked":"Gash","floor":12},{"not_picked":["Streamline","Barrage","Redo"],"picked":"SKIP","floor":14},{"not_picked":["Electrodynamics+1","Seek"],"picked":"Echo Form+1","floor":16},{"not_picked":["Conserve Battery","Aggregate+1"],"picked":"Defragment+1","floor":18},{"not_picked":["Ball Lightning","Compile Driver+1"],"picked":"Coolheaded","floor":19}],"player_experience":664717,"relics_obtained":[{"floor":6,"key":"The Courier"},{"floor":9,"key":"Kunai"},{"floor":10,"key":"Frozen Egg 2"}],"event_choices":[{"cards_removed":["Go for the Eyes"],"damage_healed":0,"gold_gain":0,"player_choice":"Gave Card","damage_taken":0,"relics_obtained":["MawBank"],"max_hp_gain":0,"max_hp_loss":0,"event_name":"WeMeetAgain","floor":2,"gold_loss":0},{"cards_removed":["Strike_B"],"damage_healed":0,"gold_gain":0,"player_choice":"Offered Basic","damage_taken":0,"max_hp_gain":0,"max_hp_loss":0,"event_name":"Bonfire Elementals","floor":5,"gold_loss":0},{"damage_healed":0,"gold_gain":0,"player_choice":"Joined the Cult","damage_taken":6,"max_hp_gain":0,"max_hp_loss":0,"event_name":"Nest","floor":20,"gold_loss":0,"cards_obtained":["RitualDagger"]}],"is_beta":false,"boss_relics":[{"not_picked":["Eternal Feather","Ectoplasm"],"picked":"Astrolabe"}],"items_purged_floors":[],"is_endless":false,"potions_floor_spawned":[3,7,14,18],"killed_by":"Snake Plant","ascension_level":19}