{"gold_per_floor":[114,128,143,157,157,195,195,228,228,403,403,478,492,17,17,143,143,162,176,32,32,45,45,45,45],"floor_reached":25,"playtime":1830,"items_purged":["Strike_B","Defend_B"],"score":222,"play_id":"3d59fa44-81f5-4129-9fe8-d97b652854c0","local_time":"20190520042227","is_ascension_mode":true,"campfire_choices":[{"floor":7,"key":"REST"},{"floor":11,"key":"REST"},{"floor":15,"key":"REST"},{"floor":23,"key":"REST"}],"neow_cost":"NONE","seed_source_timestamp":213788677750200,"circlet_count":0,"master_deck":["Strike_B","Strike_B","Strike_B","Defend_B","Defend_B","Defend_B","Zap","Dualcast","Ball Lightning","Hello World","Amplify","Ball Lightning","Amplify","Glacier","Electrodynamics","Defragment","Capacitor","Static Discharge","Heatsinks","Self Repair","Defragment","Echo Form","Defragment","Force Field+1","Conserve Battery","Hello World"],"relics":["Cracked Core","Golden Idol","Nunchaku","Cables","The Courier","Bottled Tornado","Orrery"],"potions_floor_usage":[6,12,16,18],"damage_taken":[{"damage":6,"enemies":"Cultist","floor":1,"turns":3},{"damage":1,"enemies":"2 Louse","floor":2,"turns":2},{"damage":3,"enemies":"Small Slimes","floor":3,"turns":2},{"damage":13,"enemies":"3 Louse","floor":4,"turns":4},{"damage":28,"enemies":"3 Sentries","floor":6,"turns":6},{"damage":25,"enemies":"Lagavulin","floor":8,"turns":6},{"damage":18,"enemies":"3 Sentries","floor":12,"turns":4},{"damage":6,"enemies":"Exordium Wildlife","floor":13,"turns":4},{"damage":24,"enemies":"The Guardian","floor":16,"turns":9},{"damage":13,"enemies":"Chosen","floor":18,"turns":5},{"damage":16,"enemies":"Spheric Guardian","floor":19,"turns":4},{"damage":21,"enemies":"Centurion and Healer","floor":22,"turns":5},{"damage":63,"enemies":"Slavers","floor":25,"turns":4}],"seed_played":"-674253383544352935","potions_obtained":[{"floor":2,"key":"SkillPotion"},{"floor":6,"key":"Strength Potion"},{"floor":8,"key":"Explosive Potion"},{"floor":12,"key":"FairyPotion"},{"floor":16,"key":"EssenceOfSteel"},{"floor":18,"key":"FearPotion"}],"is_trial":false,"path_per_floor":["M","M","M","M","?","E","R","E","T","?","R","?","M","$","R","B",null,"M","M","$","?","M","R","?","E"],"character_chosen":"DEFECT","items_purchased":["Electrodynamics","Defragment","Capacitor","Static Discharge","Heatsinks","Self Repair","Defragment","Hello World"],"campfire_rested":4,"item_purchase_floors":[14,14,14,14,14,14,14,20],"current_hp_per_floor":[76,75,72,59,59,31,53,28,28,28,50,32,26,26,48,24,76,63,47,47,47,26,48,48,0],"gold":45,"neow_bonus":"TEN_PERCENT_HP_BONUS","is_prod":false,"is_daily":false,"chose_seed":false,"campfire_upgraded":0,"win_rate":0,"timestamp":1558336947,"path_taken":["M","M","M","M","?","E","R","E","T","?","R","?","M","$","R","BOSS","M","M","$","?","M","R","?","E"],"build_version":"2019-01-23","purchased_purges":2,"victory":false,"max_hp_per_floor":[82,82,82,82,76,76,76,76,76,76,76,76,76,76,76,76,76,76,76,76,76,76,76,76,76],"card_choices":[{"not_picked":["Hologram","FTL"],"picked":"Ball Lightning","floor":1},{"not_picked":["Aggregate","Lockon"],"picked":"Hello World","floor":2},{"not_picked":["Steam","Turbo","Darkness"],"picked":"SKIP","floor":3},{"not_picked":["Leap","Rebound"],"picked":"Amplify","floor":4},{"not_picked":["Chaos","Steam"],"picked":"Ball Lightning","floor":6},{"not_picked":["Stack","Heatsinks"],"picked":"Amplify","floor":8},{"not_picked":["Streamline","Sweeping Beam"],"picked":"Glacier","floor":12},{"not_picked":["Recycle","Barrage","Go for the Eyes"],"picked":"SKIP","floor":13},{"not_picked":["Meteor Strike","Biased Cognition"],"picked":"Echo Form","floor":16},{"not_picked":["Redo","Fusion"],"picked":"Defragment","floor":17},{"not_picked":["Rebound+1","Hologram"],"picked":"Force Field+1","floor":18},{"not_picked":["Biased Cognition","Sweeping Beam+1"],"picked":"Conserve Battery","floor":19},{"not_picked":["Stack","Sweeping Beam","Reinforced Body"],"picked":"SKIP","floor":22}],"player_experience":198509,"relics_obtained":[{"floor":6,"key":"Nunchaku"},{"floor":8,"key":"Cables"},{"floor":9,"key":"The Courier"},{"floor":12,"key":"Bottled Tornado"}],"event_choices":[{"damage_healed":0,"gold_gain":0,"player_choice":"Lose Max HP","damage_taken":0,"relics_obtained":["Golden Idol"],"max_hp_gain":0,"max_hp_loss":6,"event_name":"Golden Idol","floor":5,"gold_loss":0},{"damage_healed":0,"gold_gain":175,"player_choice":"AGREE","damage_taken":0,"max_hp_gain":0,"max_hp_loss":0,"event_name":"Liars Game","floor":10,"gold_loss":0,"cards_obtained":["Doubt"]},{"damage_healed":0,"gold_gain":0,"player_choice":"Searched \u00272\u0027 times","damage_taken":0,"max_hp_gain":0,"max_hp_loss":0,"event_name":"Dead Adventurer","floor":12,"gold_loss":0},{"damage_healed":0,"gold_gain":0,"player_choice":"Ignored","damage_taken":0,"max_hp_gain":0,"max_hp_loss":0,"event_name":"Vampires","floor":21,"gold_loss":0},{"cards_removed":["Doubt"],"damage_healed":0,"gold_gain":0,"player_choice":"Elegance","damage_taken":0,"max_hp_gain":0,"max_hp_loss":0,"event_name":"Back to Basics","floor":24,"gold_loss":0}],"is_beta":false,"boss_relics":[{"not_picked":["Nuclear Battery","Ectoplasm"],"picked":"Orrery"}],"items_purged_floors":[14,20],"is_endless":false,"potions_floor_spawned":[2,6,8,12,16,18],"killed_by":"Slavers","ascension_level":1}