{"gold_per_floor":[116,128,53,67,67,67,100,100,154,154,174,174,214,194,194,315,315,335,36,56,79,102,143,143,186,263,263,283,307,307,36,36,164,164,182,32,0,18,34,34],"floor_reached":40,"playtime":4982,"items_purged":["Defend_G","Strike_G","Defend_G","Defend_G"],"score":705,"play_id":"191b7cd8-1286-4723-937f-28535c42a0b4","local_time":"20190610125349","is_ascension_mode":true,"campfire_choices":[{"data":"Tactician","floor":6,"key":"SMITH"},{"data":"Backflip","floor":8,"key":"SMITH"},{"floor":10,"key":"REST"},{"data":"Survivor","floor":15,"key":"SMITH"},{"floor":24,"key":"REST"},{"data":"Corpse Explosion","floor":27,"key":"SMITH"},{"data":"Neutralize","floor":30,"key":"SMITH"},{"data":"Caltrops","floor":32,"key":"SMITH"}],"neow_cost":"TEN_PERCENT_HP_LOSS","seed_source_timestamp":237595750087026,"circlet_count":0,"master_deck":["Defend_G","Defend_G","Strike_G+1","Strike_G+1","Survivor+1","Neutralize+1","Calculated Gamble","Well Laid Plans","Acrobatics+1","Caltrops+1","Tactician+1","Backflip+1","Corpse Explosion+1","After Image","Well Laid Plans","Escape Plan","Reflex","Infinite Blades+1","Cloak And Dagger","Slice+1","Burst","Escape Plan","Backflip+1"],"relics":["Ring of the Snake","Lantern","Oddly Smooth Stone","Golden Idol","Omamori","Black Star","TwistedFunnel","Sundial","Frozen Egg 2","Orichalcum","Blood Vial","Tiny Chest","Whetstone","Eternal Feather","Red Mask"],"potions_floor_usage":[7,16,16,18,22,33,38],"damage_taken":[{"damage":3,"enemies":"Jaw Worm","floor":1,"turns":4},{"damage":1,"enemies":"Small Slimes","floor":2,"turns":4},{"damage":0,"enemies":"2 Louse","floor":4,"turns":4},{"damage":39,"enemies":"Gremlin Nob","floor":7,"turns":4},{"damage":0,"enemies":"Lots of Slimes","floor":11,"turns":5},{"damage":0,"enemies":"3 Sentries","floor":13,"turns":10},{"damage":4,"enemies":"Slime Boss","floor":16,"turns":12},{"damage":7,"enemies":"2 Thieves","floor":18,"turns":3},{"damage":0,"enemies":"Spheric Guardian","floor":20,"turns":5},{"damage":12,"enemies":"Snake Plant","floor":21,"turns":4},{"damage":4,"enemies":"Shelled Parasite and Fungi","floor":22,"turns":3},{"damage":11,"enemies":"Slavers","floor":23,"turns":5},{"damage":1,"enemies":"Gremlin Leader","floor":25,"turns":6},{"damage":0,"enemies":"Chosen and Byrds","floor":28,"turns":3},{"damage":11,"enemies":"Sentry and Sphere","floor":29,"turns":5},{"damage":4,"enemies":"Champ","floor":33,"turns":11},{"damage":9,"enemies":"3 Shapes","floor":35,"turns":3},{"damage":0,"enemies":"3 Darklings","floor":38,"turns":3},{"damage":30,"enemies":"4 Shapes","floor":39,"turns":5},{"damage":22,"enemies":"Nemesis","floor":40,"turns":2}],"seed_played":"-5639426913825660397","potions_obtained":[{"floor":4,"key":"SteroidPotion"},{"floor":7,"key":"Block Potion"},{"floor":11,"key":"Swift Potion"},{"floor":14,"key":"Strength Potion"},{"floor":16,"key":"Poison Potion"},{"floor":22,"key":"PowerPotion"},{"floor":23,"key":"Strength Potion"},{"floor":28,"key":"FearPotion"},{"floor":35,"key":"EssenceOfSteel"},{"floor":39,"key":"Ancient Potion"}],"is_trial":false,"path_per_floor":["M","M","$","M","?","R","E","R","T","R","M","?","E","?","R","B",null,"M","$","M","M","M","E","R","E","T","R","M","M","R","$","R","B",null,"M","$","?","M","M","E"],"character_chosen":"THE_SILENT","items_purchased":["TwistedFunnel","Whetstone"],"campfire_rested":2,"item_purchase_floors":[19,31],"current_hp_per_floor":[60,59,59,59,46,46,7,7,7,25,25,25,25,25,25,21,49,42,42,42,30,26,15,32,31,31,31,33,24,24,24,24,22,49,42,42,42,44,16,0],"gold":34,"neow_bonus":"TRANSFORM_TWO_CARDS","is_prod":false,"is_daily":false,"chose_seed":false,"campfire_upgraded":6,"win_rate":0,"timestamp":1560142429,"path_taken":["M","M","$","M","?","R","E","R","T","R","M","?","E","?","R","BOSS","M","$","M","M","M","E","R","E","T","R","M","M","R","?","R","BOSS","M","$","?","M","M","E"],"build_version":"2019-01-23","purchased_purges":4,"victory":false,"max_hp_per_floor":[63,63,63,63,63,63,63,63,63,63,63,58,58,58,58,58,58,58,58,58,58,58,58,58,58,58,58,58,58,58,58,58,58,58,58,58,58,58,58,58],"card_choices":[{"not_picked":["Setup","Dagger Spray"],"picked":"Acrobatics","floor":1},{"not_picked":["Setup","PiercingWail"],"picked":"Caltrops","floor":2},{"not_picked":["Bane","Leg Sweep"],"picked":"Tactician","floor":4},{"not_picked":["Poisoned Stab","Finisher"],"picked":"Backflip","floor":7},{"not_picked":["Leg Sweep","Poisoned Stab","Distraction"],"picked":"SKIP","floor":11},{"not_picked":["Reflex","Acrobatics"],"picked":"Corpse Explosion","floor":13},{"not_picked":["Wraith Form v2","Tools of the Trade"],"picked":"After Image","floor":16},{"not_picked":["Skewer","Blade Dance"],"picked":"Well Laid Plans","floor":18},{"not_picked":["Bouncing Flask+1","Eviscerate"],"picked":"Escape Plan","floor":20},{"not_picked":["Riddle With Holes","Masterful Stab","Setup"],"picked":"SKIP","floor":21},{"not_picked":["Flying Knee","Choke"],"picked":"Reflex","floor":22},{"not_picked":["Terror","Sucker Punch"],"picked":"Infinite Blades+1","floor":23},{"not_picked":["Blade Dance","Bouncing Flask","Dagger Spray"],"picked":"SKIP","floor":25},{"not_picked":["Dodge and Roll","Quick Slash"],"picked":"Cloak And Dagger","floor":28},{"not_picked":["Predator+1","PiercingWail"],"picked":"Slice","floor":29},{"not_picked":["Envenom+1","Corpse Explosion"],"picked":"Burst","floor":33},{"not_picked":["Slice","Acrobatics+1"],"picked":"Escape Plan","floor":35},{"not_picked":["Flying Knee","Expertise+1","Bouncing Flask"],"picked":"SKIP","floor":38},{"not_picked":["Sucker Punch+1","Dagger Spray"],"picked":"Backflip+1","floor":39}],"player_experience":737249,"relics_obtained":[{"floor":7,"key":"Lantern"},{"floor":9,"key":"Oddly Smooth Stone"},{"floor":13,"key":"Omamori"},{"floor":23,"key":"Sundial"},{"floor":23,"key":"Frozen Egg 2"},{"floor":25,"key":"Orichalcum"},{"floor":25,"key":"Blood Vial"},{"floor":26,"key":"Tiny Chest"}],"event_choices":[{"damage_healed":0,"gold_gain":0,"player_choice":"Entered Light","damage_taken":13,"max_hp_gain":0,"max_hp_loss":0,"event_name":"Shining Light","floor":5,"gold_loss":0,"cards_upgraded":["Acrobatics","Strike_G"]},{"damage_healed":0,"gold_gain":0,"player_choice":"Lose Max HP","damage_taken":0,"relics_obtained":["Golden Idol"],"max_hp_gain":0,"max_hp_loss":5,"event_name":"Golden Idol","floor":12,"gold_loss":0},{"damage_healed":0,"gold_gain":0,"player_choice":"Bought 1 Potion","damage_taken":0,"max_hp_gain":0,"max_hp_loss":0,"event_name":"The Woman in Blue","floor":14,"gold_loss":0},{"damage_healed":0,"gold_gain":0,"player_choice":"Paid","damage_taken":0,"relics_obtained":["Red Mask"],"max_hp_gain":0,"max_hp_loss":0,"event_name":"Tomb of Lord Red Mask","floor":37,"gold_loss":32}],"is_beta":false,"boss_relics":[{"not_picked":["Runic Dome","Coffee Dripper"],"picked":"Black Star"},{"not_picked":["White Beast Statue","Pandora\u0027s Box"],"picked":"Eternal Feather"}],"items_purged_floors":[3,19,31,36],"is_endless":false,"potions_floor_spawned":[4,7,11,16,22,23,28,35,39],"killed_by":"Nemesis","ascension_level":9}