{"gold_per_floor":[114,129,129,129,148,216,254,4,54,73,111,149,187,262,262,387,387,406,331,331,31,50,88,126,164,164,183,33,458,458,496,496,621,621,640,140,140,140,159,197,235,535,535,573,592,630,649,668,668,668],"floor_reached":51,"playtime":1857,"items_purged":[],"score":1254,"play_id":"513e6d91-348c-4706-a35b-89b0debc2f1d","local_time":"20190613081043","daily_mods":["Insanity","Flight","Terminal"],"is_ascension_mode":false,"campfire_choices":[{"data":"Armaments","floor":15.0,"key":"SMITH"},{"floor":32.0,"key":"DIG"},{"floor":49,"key":"DIG"}],"neow_cost":"","seed_source_timestamp":0,"circlet_count":0,"master_deck":["Shrug It Off","Spot Weakness+1","Sentinel+1","Shrug It Off","Warcry","Headbutt","Uppercut","Anger","Flex","Thunderclap","Heavy Blade","Heavy Blade","Clothesline","Sentinel","Heavy Blade","Sever Soul","Perfected Strike","Burning Pact","Pummel","Warcry","Whirlwind","Disarm","Body Slam","Metallicize","Rupture","Perfected Strike","Perfected Strike","Warcry","Clash","Perfected Strike","Anger","Perfected Strike","Wild Strike","Perfected Strike","Fire Breathing","Anger","Perfected Strike","Sword Boomerang","Pummel","Warcry","Burning Pact","Combust","Pommel Strike","Clothesline","Sword Boomerang","Body Slam","Anger","Body Slam","Flex","Armaments+1","Seeing Red","Armaments+1","Reaper","Perfected Strike","Double Tap","Pommel Strike+1","Searing Blow+1","Perfected Strike+1","Pommel Strike+1","Havoc","Perfected Strike+1","Perfected Strike+1","Perfected Strike+1","Impervious","Perfected Strike+1","Wild Strike+1","Twin Strike+1","Wild Strike+1"],"special_seed":18059,"relics":["Black Blood","Golden Idol","Tiny Chest","Bag of Marbles","Bottled Lightning","PreservedInsect","Du-Vu Doll","Molten Egg 2","Fusion Hammer","Shovel","Red Skull","Dodecahedron","Mango","Centennial Puzzle","Lantern","Bottled Flame","Old Coin","Sundial","Orichalcum","Oddly Smooth Stone","Matryoshka","Toxic Egg 2","Letter Opener","Pen Nib","Gremlin Horn","Anchor","Boot","Art of War","Vajra","Strawberry","Mummified Hand","War Paint"],"potions_floor_usage":[50,50,50],"damage_taken":[{"damage":6.0,"enemies":"Jaw Worm","floor":1.0,"turns":2.0},{"damage":0.0,"enemies":"2 Louse","floor":2.0,"turns":1.0},{"damage":0.0,"enemies":"Cultist","floor":5.0,"turns":2.0},{"damage":19.0,"enemies":"Lagavulin","floor":6.0,"turns":4.0},{"damage":4.0,"enemies":"3 Sentries","floor":7.0,"turns":3.0},{"damage":2.0,"enemies":"Blue Slaver","floor":10.0,"turns":2.0},{"damage":0.0,"enemies":"Gremlin Nob","floor":11.0,"turns":2.0},{"damage":4.0,"enemies":"3 Sentries","floor":12.0,"turns":3.0},{"damage":9.0,"enemies":"Lagavulin","floor":13.0,"turns":4.0},{"damage":16.0,"enemies":"Hexaghost","floor":16.0,"turns":8.0},{"damage":9.0,"enemies":"2 Thieves","floor":18.0,"turns":3.0},{"damage":3.0,"enemies":"Shell Parasite","floor":22.0,"turns":2.0},{"damage":5.0,"enemies":"Slavers","floor":23.0,"turns":3.0},{"damage":7.0,"enemies":"Book of Stabbing","floor":24.0,"turns":3.0},{"damage":8.0,"enemies":"Slavers","floor":25.0,"turns":3.0},{"damage":2.0,"enemies":"Centurion and Healer","floor":27.0,"turns":2.0},{"damage":10.0,"enemies":"Colosseum Slavers","floor":29.0,"turns":2.0},{"damage":0.0,"enemies":"Colosseum Nobs","floor":29.0,"turns":2.0},{"damage":0.0,"enemies":"Book of Stabbing","floor":31.0,"turns":2.0},{"damage":18.0,"enemies":"Automaton","floor":33.0,"turns":5.0},{"damage":0,"enemies":"Orb Walker","floor":35,"turns":1},{"damage":0,"enemies":"3 Darklings","floor":39,"turns":2},{"damage":0,"enemies":"Nemesis","floor":40,"turns":1},{"damage":2,"enemies":"Giant Head","floor":41,"turns":5},{"damage":0,"enemies":"Nemesis","floor":44,"turns":1},{"damage":0,"enemies":"Jaw Worm Horde","floor":45,"turns":2},{"damage":0,"enemies":"Reptomancer","floor":46,"turns":1},{"damage":0,"enemies":"Sphere and 2 Shapes","floor":47,"turns":1},{"damage":0,"enemies":"Writhing Mass","floor":48,"turns":2},{"damage":46,"enemies":"Awakened One","floor":50,"turns":6}],"seed_played":"3787380663282676201","potions_obtained":[{"floor":2.0,"key":"Explosive Potion"},{"floor":6.0,"key":"PowerPotion"},{"floor":10.0,"key":"SkillPotion"},{"floor":12.0,"key":"Swift Potion"}],"is_trial":false,"path_per_floor":["M","M","?","?","M","E","E","$","T","M","E","E","E","?","R","B",null,"M","?","?","$","M","E","E","E","T","M","$","?","T","E","R","B",null,"M","$","T","T","M","E","E","?","T","E","M","E","M","M","R","B",null],"character_chosen":"IRONCLAD","items_purchased":["Bottled Lightning","Shovel","Lantern","Matryoshka","Toxic Egg 2"],"campfire_rested":0,"item_purchase_floors":[8,21,28,36,36],"current_hp_per_floor":[78,77,58,58,64,51,53,53,53,57,63,67,64,53,53,43,62,59,59,59,58,57,56,55,67,67,66,65,64,63,62,61,49,59,58,57,56,55,54,53,52,51,50,56,55,54,53,52,51,15],"gold":668,"neow_bonus":"","is_prod":false,"is_daily":true,"chose_seed":false,"campfire_upgraded":1,"win_rate":0,"timestamp":1560381043,"path_taken":["M","M","?","?","?","E","E","$","T","M","E","E","E","?","R","BOSS","M","?","?","$","?","E","E","E","T","?","?","?","?","E","R","BOSS","M","$","?","?","?","E","E","?","T","E","M","E","?","M","R","BOSS"],"build_version":"2019-01-23","purchased_purges":0,"victory":true,"max_hp_per_floor":[78,77,76,75,74,73,72,71,70,69,68,67,66,65,64,63,62,61,60,59,58,57,56,55,68,67,66,65,64,63,62,61,60,59,58,57,56,55,54,53,52,51,50,56,55,54,53,52,51,50],"card_choices":[{"not_picked":["Clothesline","Burning Pact"],"picked":"Flex","floor":1.0},{"not_picked":["Disarm","Body Slam"],"picked":"Armaments","floor":2.0},{"not_picked":["Sentinel","Second Wind"],"picked":"Seeing Red","floor":5.0},{"not_picked":["Seeing Red","Battle Trance"],"picked":"Armaments","floor":6.0},{"not_picked":["Flex","Bloodletting"],"picked":"Reaper","floor":7.0},{"not_picked":["Flex","Wild Strike"],"picked":"Perfected Strike","floor":10.0},{"not_picked":["Iron Wave","Combust","Body Slam"],"picked":"SKIP","floor":11.0},{"not_picked":["Anger","Reaper","Second Wind"],"picked":"SKIP","floor":12.0},{"not_picked":["Shrug It Off","Clash","Entrench"],"picked":"SKIP","floor":13.0},{"not_picked":["Dark Embrace","Bludgeon+1"],"picked":"Double Tap","floor":16.0},{"not_picked":["Battle Trance","Twin Strike+1"],"picked":"Pommel Strike+1","floor":18.0},{"not_picked":["Whirlwind+1","Armaments"],"picked":"Perfected Strike+1","floor":22.0},{"not_picked":["Heavy Blade+1","Fire Breathing"],"picked":"Pommel Strike+1","floor":23.0},{"not_picked":["Searing Blow+1","Warcry","Shrug It Off"],"picked":"SKIP","floor":24.0},{"not_picked":["Burning Pact","Barricade"],"picked":"Havoc","floor":25.0},{"not_picked":["Spot Weakness","Uppercut+1"],"picked":"Perfected Strike+1","floor":27.0},{"not_picked":["Pommel Strike+1","Anger+1"],"picked":"Perfected Strike+1","floor":29.0},{"not_picked":["Pummel+1","Sever Soul+1"],"picked":"Perfected Strike+1","floor":31.0},{"not_picked":["Berserk","Offering"],"picked":"Impervious","floor":33.0},{"not_picked":["Havoc","Wild Strike+1"],"picked":"Perfected Strike+1","floor":35},{"not_picked":["Reckless Charge+1","True Grit+1","Battle Trance+1"],"picked":"SKIP","floor":39},{"not_picked":["Feed+1","Shrug It Off+1","Intimidate+1"],"picked":"SKIP","floor":40},{"not_picked":["Shrug It Off+1","Burning Pact+1","True Grit+1"],"picked":"SKIP","floor":41},{"not_picked":["Reckless Charge+1","Second Wind+1","True Grit+1"],"picked":"SKIP","floor":44},{"not_picked":["Feel No Pain+1","Clash+1"],"picked":"Wild Strike+1","floor":45},{"not_picked":["Combust+1","Warcry+1","Heavy Blade+1"],"picked":"SKIP","floor":46},{"not_picked":["Corruption+1","Cleave+1"],"picked":"Twin Strike+1","floor":47},{"not_picked":["Metallicize","Shrug It Off+1"],"picked":"Wild Strike+1","floor":48}],"player_experience":413215,"relics_obtained":[{"floor":6.0,"key":"Tiny Chest"},{"floor":7.0,"key":"Bag of Marbles"},{"floor":9.0,"key":"PreservedInsect"},{"floor":11.0,"key":"Du-Vu Doll"},{"floor":13.0,"key":"Molten Egg 2"},{"floor":23.0,"key":"Red Skull"},{"floor":24.0,"key":"Dodecahedron"},{"floor":25.0,"key":"Mango"},{"floor":26.0,"key":"Centennial Puzzle"},{"floor":29.0,"key":"Bottled Flame"},{"floor":29.0,"key":"Old Coin"},{"floor":30.0,"key":"Sundial"},{"floor":31.0,"key":"Orichalcum"},{"floor":32.0,"key":"Oddly Smooth Stone"},{"floor":37,"key":"Letter Opener"},{"floor":37,"key":"Pen Nib"},{"floor":38,"key":"Gremlin Horn"},{"floor":38,"key":"Anchor"},{"floor":40,"key":"Boot"},{"floor":41,"key":"Art of War"},{"floor":43,"key":"Vajra"},{"floor":44,"key":"Strawberry"},{"floor":46,"key":"Mummified Hand"},{"floor":49,"key":"War Paint"}],"event_choices":[{"damage_healed":0.0,"max_hp_gain":0.0,"max_hp_loss":0.0,"gold_gain":0.0,"event_name":"Golden Idol","player_choice":"Take Damage","floor":3.0,"gold_loss":0.0,"damage_taken":19.0,"relics_obtained":["Golden Idol"]},{"damage_healed":0.0,"max_hp_gain":0.0,"max_hp_loss":0.0,"gold_gain":0.0,"event_name":"Upgrade Shrine","player_choice":"Upgraded","floor":4.0,"gold_loss":0.0,"damage_taken":0.0,"cards_upgraded":["Armaments"]},{"damage_healed":0.0,"max_hp_gain":0.0,"max_hp_loss":0.0,"gold_gain":75.0,"event_name":"World of Goop","player_choice":"Gather Gold","floor":14.0,"gold_loss":0.0,"damage_taken":11.0},{"cards_removed":["Reckless Charge"],"damage_healed":0.0,"max_hp_gain":0.0,"max_hp_loss":0.0,"gold_gain":0.0,"event_name":"Beggar","player_choice":"Gave Gold","floor":19.0,"gold_loss":75.0,"damage_taken":0.0},{"damage_healed":0.0,"max_hp_gain":0.0,"max_hp_loss":0.0,"gold_gain":0.0,"cards_transformed":["Body Slam"],"event_name":"Transmorgrifier","player_choice":"Transformed","floor":20.0,"gold_loss":0.0,"damage_taken":0.0,"cards_obtained":["Searing Blow"]},{"damage_healed":0.0,"max_hp_gain":0.0,"max_hp_loss":0.0,"gold_gain":0.0,"event_name":"Colosseum","player_choice":"Fight","floor":29.0,"gold_loss":0.0,"damage_taken":0.0},{"damage_healed":0.0,"max_hp_gain":0.0,"max_hp_loss":0.0,"gold_gain":0.0,"event_name":"Colosseum","player_choice":"Fought Nobs","floor":29.0,"gold_loss":0.0,"damage_taken":0.0},{"damage_healed":0,"gold_gain":300,"player_choice":"Gold","damage_taken":0,"max_hp_gain":0,"max_hp_loss":0,"event_name":"Wheel of Change","floor":42,"gold_loss":0}],"is_beta":false,"boss_relics":[{"not_picked":["Calling Bell","Empty Cage"],"picked":"Fusion Hammer"},{"not_picked":["Orrery","White Beast Statue"],"picked":"Black Blood"}],"items_purged_floors":[],"is_endless":false,"potions_floor_spawned":[2,6,10,12,18,24,25,29,31,33,35,40,45],"ascension_level":0}