{"gold_per_floor":[113,1,1,11,11,11,46,46,46,46,62,74,74,104,104,175,175,175,175,175,175,175,175,175,175,175,175,175,175],"floor_reached":29,"playtime":1118,"items_purged":["Strike_R"],"score":427,"play_id":"6e6c080b-f0f9-4dc8-bd39-585c186d7890","local_time":"20181223120301","is_ascension_mode":true,"campfire_choices":[{"data":"Rampage","floor":6,"key":"SMITH"},{"data":"Bash","floor":8,"key":"SMITH"},{"data":"Clothesline","floor":10,"key":"SMITH"},{"data":"Dropkick","floor":13,"key":"SMITH"},{"data":"Defend_R","floor":15,"key":"SMITH"},{"data":"Ghostly Armor","floor":23,"key":"SMITH"},{"data":"Whirlwind","floor":25,"key":"SMITH"}],"neow_cost":"NONE","seed_source_timestamp":151883355344039,"circlet_count":0,"master_deck":["AscendersBane","Strike_R","Strike_R","Defend_R+1","Defend_R","Defend_R","Bash+1","Rampage+1","Clothesline+1","Dropkick+1","Ghostly Armor+1","Seeing Red","Whirlwind+1","Shrug It Off"],"relics":["Burning Blood","Bag of Marbles","Kunai","Lantern","Sundial","Ectoplasm","Potion Belt","Gremlin Horn"],"potions_floor_usage":[12,14,24,24,24,24],"damage_taken":[{"damage":0,"enemies":"Small Slimes","floor":1,"turns":5},{"damage":4,"enemies":"2 Louse","floor":4,"turns":4},{"damage":12,"enemies":"Gremlin Nob","floor":7,"turns":3},{"damage":0,"enemies":"Cultist","floor":11,"turns":2},{"damage":30,"enemies":"Gremlin Gang","floor":12,"turns":4},{"damage":27,"enemies":"3 Sentries","floor":14,"turns":7},{"damage":19,"enemies":"The Guardian","floor":16,"turns":8},{"damage":35,"enemies":"3 Byrds","floor":18,"turns":4},{"damage":10,"enemies":"Shell Parasite","floor":20,"turns":3},{"damage":1,"enemies":"Chosen and Byrds","floor":21,"turns":5},{"damage":25,"enemies":"Gremlin Leader","floor":24,"turns":5},{"damage":8,"enemies":"Shelled Parasite and Fungi","floor":28,"turns":3},{"damage":24,"enemies":"Snake Plant","floor":29,"turns":1}],"seed_played":"4909192777825367044","potions_obtained":[{"floor":4,"key":"FearPotion"},{"floor":7,"key":"Regen Potion"},{"floor":11,"key":"Regen Potion"},{"floor":14,"key":"FearPotion"},{"floor":21,"key":"EntropicBrew"}],"is_trial":false,"path_per_floor":["M","$","?","M","?","R","E","R","T","R","M","M","R","E","R","B",null,"M","?","M","M","?","R","E","R","T","?","M","M"],"character_chosen":"IRONCLAD","items_purchased":["Rampage"],"campfire_rested":0,"item_purchase_floors":[2],"current_hp_per_floor":[74,74,67,69,66,66,60,60,60,60,66,51,51,45,45,32,64,35,35,31,36,36,36,24,24,24,24,22,0],"gold":175,"neow_bonus":"REMOVE_CARD","is_prod":false,"is_daily":false,"chose_seed":false,"campfire_upgraded":7,"win_rate":0,"timestamp":1545537781,"path_taken":["M","$","?","M","?","R","E","R","T","R","M","M","R","E","R","BOSS","M","?","M","M","?","R","E","R","T","?","M","M"],"build_version":"2018-12-20","purchased_purges":1,"victory":false,"max_hp_per_floor":[75,75,75,75,75,75,75,75,75,75,75,75,75,75,75,75,75,75,75,75,75,75,75,75,75,75,75,75,75],"card_choices":[{"not_picked":["Anger","Warcry","Heavy Blade"],"picked":"SKIP","floor":1},{"not_picked":["Intimidate","Infernal Blade"],"picked":"Clothesline","floor":4},{"not_picked":["Carnage","Clothesline","Pommel Strike"],"picked":"SKIP","floor":7},{"not_picked":["Anger","Flex","Wild Strike"],"picked":"SKIP","floor":11},{"not_picked":["Shrug It Off","Infernal Blade"],"picked":"Dropkick","floor":12},{"not_picked":["Dark Embrace","Armaments","Anger"],"picked":"SKIP","floor":14},{"not_picked":["Battle Trance","Flame Barrier"],"picked":"Ghostly Armor","floor":18},{"not_picked":["Clash","Feel No Pain","Infernal Blade"],"picked":"SKIP","floor":20},{"not_picked":["Thunderclap","Sword Boomerang"],"picked":"Seeing Red","floor":21},{"not_picked":["Combust","Fire Breathing"],"picked":"Whirlwind","floor":24},{"not_picked":["Headbutt","Clash"],"picked":"Shrug It Off","floor":28}],"player_experience":604617,"relics_obtained":[{"floor":7,"key":"Kunai"},{"floor":9,"key":"Lantern"},{"floor":14,"key":"Sundial"},{"floor":24,"key":"Potion Belt"},{"floor":26,"key":"Gremlin Horn"}],"event_choices":[{"cards_removed":["Defend_R"],"damage_healed":0,"gold_gain":0,"player_choice":"Card Removal","damage_taken":7,"max_hp_gain":0,"max_hp_loss":0,"event_name":"Golden Wing","floor":3,"gold_loss":0},{"damage_healed":0,"gold_gain":0,"player_choice":"Success","damage_taken":3,"relics_obtained":["Bag of Marbles"],"max_hp_gain":0,"max_hp_loss":0,"event_name":"Scrap Ooze","floor":5,"gold_loss":0},{"damage_healed":0,"gold_gain":99,"player_choice":"Stole From Cult","damage_taken":0,"max_hp_gain":0,"max_hp_loss":0,"event_name":"Nest","floor":19,"gold_loss":0},{"cards_removed":["Strike_R"],"damage_healed":0,"gold_gain":0,"player_choice":"Elegance","damage_taken":0,"max_hp_gain":0,"max_hp_loss":0,"event_name":"Back to Basics","floor":22,"gold_loss":0},{"damage_healed":0,"gold_gain":100,"player_choice":"Pray","damage_taken":0,"max_hp_gain":0,"max_hp_loss":0,"event_name":"Golden Shrine","floor":27,"gold_loss":0}],"is_beta":false,"boss_relics":[{"not_picked":["Cursed Key","Snecko Eye"],"picked":"Ectoplasm"}],"items_purged_floors":[2],"is_endless":false,"potions_floor_spawned":[4,7,11,14,21],"killed_by":"Snake Plant","ascension_level":14}