{"gold_per_floor":[116,136,146,159,172,197,197,197,197,122,122,122,135,153,153,251,251,264,264,281,0,10,10,10,10,10,28,45,57,71,90,90,90],"floor_reached":33,"playtime":4322,"items_purged":["Normality","Injury"],"score":255,"play_id":"90700a63-53e0-472d-892f-36179d96429c","local_time":"20190516000758","is_ascension_mode":false,"campfire_choices":[{"floor":7,"key":"REST"},{"data":"Burst","floor":12,"key":"SMITH"},{"floor":15,"key":"REST"},{"floor":23,"key":"REST"},{"data":"Transmutation","floor":25,"key":"SMITH"},{"floor":32,"key":"REST"}],"neow_cost":"NONE","seed_source_timestamp":84655369416800,"circlet_count":0,"master_deck":["Defend_G+1","Defend_G+1","Defend_G+1","Defend_G+1","Defend_G+1","Strike_G+1","Strike_G+1","Strike_G+1","Strike_G+1","Strike_G+1","Survivor+1","Neutralize","Parasite","Dagger Spray","Burst+1","Flechettes","PiercingWail","PiercingWail","Prepared","Storm of Steel","Storm of Steel","Backflip","Transmutation+1","Burst","Cloak And Dagger","Prepared+1","Flying Knee+1","Cloak And Dagger+1"],"relics":["Calling Bell","Dead Branch","Letter Opener","War Paint","Mercury Hourglass","Shuriken","WristBlade","Girya"],"potions_floor_usage":[6,14,22,33,33],"damage_taken":[{"damage":0,"enemies":"Small Slimes","floor":1,"turns":4},{"damage":3,"enemies":"Jaw Worm","floor":2,"turns":4},{"damage":4,"enemies":"Cultist","floor":3,"turns":5},{"damage":1,"enemies":"3 Louse","floor":4,"turns":5},{"damage":3,"enemies":"Blue Slaver","floor":5,"turns":6},{"damage":38,"enemies":"Lagavulin","floor":6,"turns":11},{"damage":7,"enemies":"Large Slime","floor":13,"turns":5},{"damage":0,"enemies":"Exordium Thugs","floor":14,"turns":5},{"damage":32,"enemies":"Hexaghost","floor":16,"turns":12},{"damage":13,"enemies":"Spheric Guardian","floor":18,"turns":4},{"damage":15,"enemies":"3 Byrds","floor":20,"turns":5},{"damage":0,"enemies":"Centurion and Healer","floor":22,"turns":7},{"damage":1,"enemies":"3 Cultists","floor":27,"turns":4},{"damage":15,"enemies":"Chosen and Byrds","floor":28,"turns":6},{"damage":21,"enemies":"Centurion and Healer","floor":29,"turns":5},{"damage":17,"enemies":"Shelled Parasite and Fungi","floor":30,"turns":9},{"damage":1,"enemies":"3 Cultists","floor":31,"turns":4},{"damage":44,"enemies":"Collector","floor":33,"turns":7}],"seed_played":"5527649750032027599","potions_obtained":[{"floor":3,"key":"Swift Potion"},{"floor":5,"key":"SmokeBomb"},{"floor":13,"key":"Swift Potion"},{"floor":18,"key":"Block Potion"},{"floor":29,"key":"Energy Potion"},{"floor":31,"key":"Explosive Potion"}],"is_trial":false,"path_per_floor":["M","M","M","M","M","E","R","?","T","$","?","R","M","M","R","B",null,"M","?","M","$","M","R","?","R","T","M","M","M","M","M","R","B"],"character_chosen":"THE_SILENT","items_purchased":["Transmutation"],"campfire_rested":4,"item_purchase_floors":[21],"current_hp_per_floor":[70,67,63,62,59,21,42,65,65,65,51,51,44,44,65,33,70,57,57,42,42,42,63,63,63,63,62,47,26,9,8,29,0],"gold":90,"neow_bonus":"BOSS_RELIC","is_prod":false,"is_daily":false,"chose_seed":false,"campfire_upgraded":2,"win_rate":0.0,"timestamp":1557976078,"path_taken":["M","M","M","M","M","E","R","?","T","$","?","R","M","M","R","BOSS","M","?","M","?","M","R","?","R","T","M","M","M","?","M","R","BOSS"],"build_version":"2019-01-23","purchased_purges":2,"victory":false,"max_hp_per_floor":[70,70,70,70,70,70,70,70,70,70,70,70,70,70,70,70,70,70,70,70,70,70,70,70,70,70,70,70,70,70,70,70,70],"card_choices":[{"not_picked":["Riddle With Holes","Dodge and Roll"],"picked":"Dagger Spray","floor":1},{"not_picked":["Footwork","Flechettes"],"picked":"Burst","floor":2},{"not_picked":["Tactician","Outmaneuver"],"picked":"Flechettes","floor":3},{"not_picked":["Tactician","Bane"],"picked":"PiercingWail","floor":4},{"not_picked":["Terror","Flying Knee"],"picked":"PiercingWail","floor":5},{"not_picked":["Deadly Poison","Dagger Throw","Slice"],"picked":"SKIP","floor":6},{"not_picked":["All Out Attack","Outmaneuver"],"picked":"Prepared","floor":13},{"not_picked":["All Out Attack","Sucker Punch","Crippling Poison"],"picked":"SKIP","floor":14},{"not_picked":["Wraith Form v2","Adrenaline"],"picked":"Storm of Steel","floor":16},{"not_picked":["Slice+1","Blur","Dagger Throw"],"picked":"SKIP","floor":18},{"not_picked":["Deflect","Escape Plan+1"],"picked":"Backflip","floor":20},{"not_picked":["Choke","Slice+1","Acrobatics"],"picked":"SKIP","floor":22},{"not_picked":["Dagger Throw+1","Crippling Poison"],"picked":"Burst","floor":27},{"not_picked":["Tactician","Predator+1"],"picked":"Cloak And Dagger","floor":28},{"not_picked":["Deflect","Flechettes"],"picked":"Prepared+1","floor":29},{"not_picked":["Slice","Deadly Poison"],"picked":"Flying Knee+1","floor":30},{"not_picked":["Backstab+1","Leg Sweep"],"picked":"Cloak And Dagger+1","floor":31}],"player_experience":176493,"relics_obtained":[{"floor":0,"key":"Dead Branch"},{"floor":0,"key":"Letter Opener"},{"floor":0,"key":"War Paint"},{"floor":6,"key":"Mercury Hourglass"},{"floor":9,"key":"Shuriken"},{"floor":26,"key":"Girya"}],"event_choices":[{"damage_healed":23,"gold_gain":0,"player_choice":"Banana","damage_taken":0,"max_hp_gain":0,"max_hp_loss":0,"event_name":"Big Fish","floor":8,"gold_loss":0},{"damage_healed":0,"gold_gain":0,"player_choice":"Entered Light","damage_taken":14,"max_hp_gain":0,"max_hp_loss":0,"event_name":"Shining Light","floor":11,"gold_loss":0,"cards_upgraded":["Strike_G","Defend_G"]},{"damage_healed":0,"gold_gain":0,"player_choice":"Copied","damage_taken":0,"max_hp_gain":0,"max_hp_loss":0,"event_name":"Duplicator","floor":19,"gold_loss":0,"cards_obtained":["Storm of Steel"]},{"damage_healed":0,"gold_gain":0,"player_choice":"Simplicity","damage_taken":0,"max_hp_gain":0,"max_hp_loss":0,"event_name":"Back to Basics","floor":24,"gold_loss":0,"cards_upgraded":["Defend_G","Defend_G","Defend_G","Strike_G","Strike_G","Strike_G","Strike_G"]}],"is_beta":false,"boss_relics":[{"not_picked":["Philosopher\u0027s Stone","Fusion Hammer"],"picked":"WristBlade"}],"items_purged_floors":[10,21],"is_endless":false,"potions_floor_spawned":[3,5,13,18,29,31],"killed_by":"Collector","ascension_level":0}