{"path_per_floor":["M","?","?","M","?","R","E","R","T","R","?","E","M","E","R","B",null,"M","?","T","M","?","R","M","R","T","M","?","M","$","M","R","B",null,"M","?","?","?","?","E","R","M","T","M","M","$","R","?","R","B"],"character_chosen":"THE_SILENT","items_purchased":["Bottled Lightning","Pear","Poison Potion"],"gold_per_floor":[17,17,92,102,102,102,136,136,136,136,86,115,130,162,162,259,259,276,276,302,321,321,321,341,341,341,358,458,472,212,222,222,325,325,341,341,341,341,341,375,375,392,419,437,449,77,77,77,77,77],"floor_reached":51,"campfire_rested":5,"playtime":4132,"current_hp_per_floor":[70,75,64,63,63,63,10,32,32,54,54,46,44,16,38,19,75,57,57,57,55,55,55,48,70,70,56,56,52,52,52,52,41,75,65,65,65,65,75,53,75,72,72,69,49,59,59,95,95,48],"items_purged":["Defend_G"],"gold":77,"score":644,"play_id":"b7a45c9c-30f7-43d6-9a2e-b4381f5f4dee","is_prod":false,"is_daily":false,"is_ascension_mode":true,"campfire_upgraded":5,"path_taken":["M","?","?","M","?","R","E","R","T","R","?","E","?","E","R","BOSS","M","?","?","M","?","R","M","R","T","M","?","M","$","M","R","BOSS","M","?","?","?","?","E","R","M","T","M","M","$","R","?","R","BOSS"],"build_version":"2018-02-22-PROD1","purchased_purges":2,"victory":true,"master_deck":["Defend_G","Defend_G","Strike_G","Survivor+1","Neutralize+1","Deflect","Backflip+1","Noxious Fumes+1","Deflect","Tools of the Trade+1","Corpse Explosion+1","Catalyst+1","Prepared+1","Distraction","Deadly Poison+1","Well Laid Plans+1","Adrenaline","Writhe","Calculated Gamble+1"],"max_hp_per_floor":[70,75,75,75,75,75,75,75,75,75,75,75,75,75,75,75,75,75,75,75,75,75,75,75,75,75,75,75,75,75,75,75,75,75,75,75,75,75,75,75,75,75,75,75,75,85,85,95,95,95],"relics":["Ring of the Snake","Bottled Flame","Dead Branch","Bag of Preparation","Juzu Bracelet","Astrolabe","Ancient Tea Set","Gremlin Horn","Bottled Lightning","The Specimen","Pen Nib","Dream Catcher","Pear"],"card_choices":[{"not_picked":["Acrobatics","Underhanded Strike"],"picked":"Backflip"},{"not_picked":["Dagger Spray","Bane"],"picked":"Noxious Fumes"},{"not_picked":["Distraction","Infinite Blades"],"picked":"Deflect"},{"not_picked":["Cloak And Dagger","All Out Attack"],"picked":"Tools of the Trade"},{"not_picked":["Eviscerate","Riddle With Holes"],"picked":"Prepared"},{"not_picked":["Underhanded Strike","Outmaneuver"],"picked":"Deadly Poison"},{"not_picked":["Poisoned Stab","Cloak And Dagger"],"picked":"Well Laid Plans"},{"not_picked":["Dagger Throw","Flechettes"],"picked":"Adrenaline"},{"not_picked":["Flechettes","Heel Hook"],"picked":"Calculated Gamble"}],"player_experience":158611,"potions_floor_usage":[14,16,21,24,27,29,33,33,33,33,35,42,44,44,50,50],"damage_taken":[{"damage":0,"enemies":"2 Louse","floor":1,"turns":3},{"damage":1,"enemies":"Small Slimes","floor":4,"turns":4},{"damage":53,"enemies":"Gremlin Nob","floor":7,"turns":6},{"damage":8,"enemies":"3 Sentries","floor":12,"turns":7},{"damage":2,"enemies":"Cultist","floor":13,"turns":5},{"damage":28,"enemies":"Gremlin Nob","floor":14,"turns":5},{"damage":19,"enemies":"The Guardian","floor":16,"turns":11},{"damage":18,"enemies":"Spheric Guardian","floor":18,"turns":5},{"damage":2,"enemies":"Shell Parasite","floor":21,"turns":7},{"damage":7,"enemies":"Centurion and Healer","floor":24,"turns":6},{"damage":14,"enemies":"Cultist and Chosen","floor":27,"turns":4},{"damage":4,"enemies":"Chosen and Byrds","floor":29,"turns":3},{"damage":0,"enemies":"Centurion and Healer","floor":31,"turns":4},{"damage":11,"enemies":"Collector","floor":33,"turns":6},{"damage":10,"enemies":"3 Darklings","floor":35,"turns":3},{"damage":22,"enemies":"Giant Head","floor":40,"turns":6},{"damage":3,"enemies":"Orb Walker","floor":42,"turns":4},{"damage":6,"enemies":"Maw","floor":44,"turns":5},{"damage":20,"enemies":"4 Shapes","floor":45,"turns":6},{"damage":47,"enemies":"Donu and Deca","floor":50,"turns":7}],"event_choices":[{"event_name":"Big Fish","player_choice":"Donut","floor":2,"damage_taken":0},{"event_name":"World of Goop","player_choice":"Gather Gold","floor":3,"damage_taken":0},{"event_name":"Wheel of Change","player_choice":"Curse","floor":5,"damage_taken":0},{"event_name":"The Cleric","player_choice":"Card Removal","floor":11,"damage_taken":0},{"event_name":"Transmorgrifier","player_choice":"Transform","floor":19,"damage_taken":0},{"event_name":"Accursed Blacksmith","player_choice":"Ignore","floor":22,"damage_taken":0},{"event_name":"Golden Shrine","player_choice":"Pray","floor":28,"damage_taken":0},{"event_name":"Tomb of Lord Red Mask","player_choice":"Ignored","floor":36,"damage_taken":0},{"event_name":"Mysterious Sphere","player_choice":"Ignore","floor":38,"damage_taken":0},{"event_name":"Winding Halls","player_choice":"Writhe","floor":39,"damage_taken":0},{"event_name":"Bonfire Elementals","player_choice":"RARE","floor":48,"damage_taken":0}],"boss_relics":[{"not_picked":["Black Star","Orrery"],"picked":"Astrolabe"},{"not_picked":["Calling Bell","Velvet Choker"],"picked":"The Specimen"}],"potions_floor_spawned":[1,7,13,14,18,27,31,33,40,45],"seed_played":"-7586157929800775952","ascension_level":4,"is_trial":false}