{"path_per_floor":["M","?","M","M","M","R","E","R","T","?","?","M","R","$","R","B",null,"M","?","M","M","?","R","?","R","T","R","?","?","?","M","R"],"character_chosen":"DEFECT","items_purchased":["Cables"],"gold_per_floor":[109,109,134,150,175,175,214,214,237,237,237,251,251,3,3,134,134,157,157,180,196,196,196,0,0,25,25,25,25,25,48,48,48],"floor_reached":33,"campfire_rested":4,"playtime":2120,"current_hp_per_floor":[71,69,69,68,59,59,35,55,55,69,66,66,66,66,66,65,66,60,60,48,34,18,37,37,56,56,56,56,56,56,37,56,0],"items_purged":[],"gold":48,"score":292,"play_id":"51ea15c5-5ecf-411d-bf37-4dd9145b5b9f","local_time":"20180428153342","is_prod":false,"is_daily":false,"chose_seed":false,"is_ascension_mode":true,"campfire_upgraded":4,"timestamp":1524947622,"path_taken":["M","?","?","M","M","R","E","R","T","?","?","M","R","$","R","BOSS","M","?","M","M","?","R","?","R","T","R","?","?","?","M","R","BOSS"],"build_version":"2018-04-27v3","seed_source_timestamp":98676960266745,"purchased_purges":0,"victory":false,"master_deck":["Strike_B+1","Strike_B+1","Strike_B+1","Strike_B+1","Defend_B+1","Defend_B+1","Defend_B+1","Defend_B+1","Zap+1","Dualcast","Leap","Cold Snap","Recycle","Cold Snap+1","Glacier+1","Ball Lightning+1","Redo","Cold Snap+1","Necronomicurse","Streamline","Glacier+1"],"max_hp_per_floor":[75,69,69,69,69,69,69,69,69,69,66,66,66,66,66,66,66,66,66,66,66,66,66,66,66,66,66,66,66,66,66,66,66],"relics":["Cracked Core","Golden Idol","Juzu Bracelet","Bag of Marbles","Cables","Sozu","Nloth\u0027s Gift","Necronomicon","Happy Flower"],"card_choices":[{"not_picked":["Coolheaded","Skim"],"picked":"Leap","floor":1},{"not_picked":["Streamline","Leap"],"picked":"Cold Snap","floor":3},{"not_picked":["Chaos","Barrage"],"picked":"Recycle","floor":4},{"not_picked":["Axe Kick","Undo"],"picked":"Cold Snap","floor":5},{"not_picked":["Scrape","Sweeping Beam"],"picked":"Glacier","floor":7},{"not_picked":["Force Field","Leap"],"picked":"Ball Lightning","floor":12},{"not_picked":["Rainbow","Fission"],"picked":"Redo","floor":16},{"not_picked":["Beam Cell","Aggregate"],"picked":"Cold Snap","floor":20},{"not_picked":["Barrage","Ball Lightning"],"picked":"Glacier","floor":31}],"player_experience":76661,"potions_floor_usage":[20],"damage_taken":[{"damage":4,"enemies":"Small Slimes","floor":1,"turns":3},{"damage":0,"enemies":"2 Louse","floor":3,"turns":3},{"damage":1,"enemies":"Cultist","floor":4,"turns":4},{"damage":9,"enemies":"Exordium Wildlife","floor":5,"turns":3},{"damage":24,"enemies":"Lagavulin","floor":7,"turns":7},{"damage":0,"enemies":"3 Louse","floor":12,"turns":3},{"damage":1,"enemies":"The Guardian","floor":16,"turns":12},{"damage":6,"enemies":"Shell Parasite","floor":18,"turns":6},{"damage":12,"enemies":"Chosen","floor":20,"turns":5},{"damage":14,"enemies":"Snake Plant","floor":21,"turns":4},{"damage":19,"enemies":"Snecko","floor":31,"turns":4},{"damage":76,"enemies":"Automaton","floor":33,"turns":12}],"event_choices":[{"event_name":"Golden Idol","player_choice":"Lose Max HP","floor":2,"damage_taken":0},{"event_name":"Mushrooms","player_choice":"Healed and dodged fight","floor":10,"damage_taken":0},{"event_name":"Living Wall","player_choice":"Forget","floor":11,"damage_taken":0},{"event_name":"N\u0027loth","player_choice":"Traded a Art of War","floor":19,"damage_taken":0},{"event_name":"Cursed Tome","player_choice":"Obtained Book","floor":22,"damage_taken":0},{"event_name":"Masked Bandits","player_choice":"Paid Bandits 196 gold","floor":24,"damage_taken":0},{"event_name":"Ghosts","player_choice":"Ignored","floor":28,"damage_taken":0},{"event_name":"Back to Basics","player_choice":"Simplicity","floor":29,"damage_taken":0},{"event_name":"The Library","player_choice":"Read","floor":30,"damage_taken":0}],"boss_relics":[{"not_picked":["Snecko Eye","Ectoplasm"],"picked":"Sozu"}],"potions_floor_spawned":[3,7,20,31],"seed_played":"-2085303643572509279","killed_by":"Automaton","ascension_level":4,"is_trial":false}