{"gold_per_floor":[109,109,124,136,96,125,125,145,145,158,188,217,217,233,233,233],"floor_reached":16,"playtime":503,"items_purged":[],"score":218,"play_id":"73897c4c-709c-462a-b55c-4aa4f78462ee","local_time":"20190610225840","is_ascension_mode":true,"campfire_choices":[{"data":"Clash","floor":7.0,"key":"SMITH"},{"floor":13,"key":"REST"},{"data":"Whirlwind","floor":15,"key":"SMITH"}],"neow_cost":"NONE","seed_source_timestamp":779967510421232,"circlet_count":0,"master_deck":["AscendersBane","Strike_R","Strike_R","Strike_R","Strike_R","Strike_R","Defend_R","Defend_R","Defend_R","Defend_R","Bash+1","Metallicize","Clash+1","Pummel","Feel No Pain","Disarm+1","Whirlwind+1","Shrug It Off+1","Feel No Pain","Shockwave+1"],"special_seed":0,"relics":["Burning Blood","Toxic Egg 2","Mummified Hand","Pear","Odd Mushroom"],"potions_floor_usage":[10,12],"damage_taken":[{"damage":9.0,"enemies":"Jaw Worm","floor":1.0,"turns":4.0},{"damage":6.0,"enemies":"Cultist","floor":3.0,"turns":3.0},{"damage":0.0,"enemies":"2 Louse","floor":4.0,"turns":3.0},{"damage":31.0,"enemies":"Lagavulin","floor":6.0,"turns":7.0},{"damage":8.0,"enemies":"Exordium Wildlife","floor":8.0,"turns":4.0},{"damage":0,"enemies":"Gremlin Gang","floor":10,"turns":2},{"damage":50,"enemies":"Gremlin Nob","floor":11,"turns":6},{"damage":3,"enemies":"The Mushroom Lair","floor":12,"turns":4},{"damage":7,"enemies":"Large Slime","floor":14,"turns":5},{"damage":56,"enemies":"Slime Boss","floor":16,"turns":7}],"seed_played":"5113677359388629278","potions_obtained":[{"floor":3.0,"key":"Strength Potion"},{"floor":6.0,"key":"Fire Potion"},{"floor":11,"key":"AttackPotion"}],"is_trial":false,"path_per_floor":["M","?","M","M","$","E","R","M","T","M","E","?","R","M","R","B"],"character_chosen":"IRONCLAD","items_purchased":["Feel No Pain"],"campfire_rested":1,"item_purchase_floors":[5],"current_hp_per_floor":[72,72,72,78,78,53,53,51,51,57,23,26,53,52,52,0],"gold":233,"neow_bonus":"TEN_PERCENT_HP_BONUS","is_prod":false,"is_daily":false,"chose_seed":false,"campfire_upgraded":2,"win_rate":0,"timestamp":1560178720,"path_taken":["M","?","?","M","$","E","R","M","T","?","E","?","R","M","R","BOSS"],"build_version":"2019-01-23","purchased_purges":0,"victory":false,"max_hp_per_floor":[82,82,82,82,82,82,82,82,82,82,92,92,92,92,92,92],"card_choices":[{"not_picked":["Perfected Strike","Dropkick"],"picked":"Metallicize","floor":1.0},{"not_picked":["Heavy Blade","Warcry"],"picked":"Clash","floor":3.0},{"not_picked":["Wild Strike","True Grit"],"picked":"Pummel","floor":4.0},{"not_picked":["Rage","Warcry"],"picked":"Disarm","floor":6.0},{"not_picked":["Carnage","Thunderclap"],"picked":"Whirlwind","floor":8.0},{"not_picked":["Whirlwind","Clash"],"picked":"Shrug It Off+1","floor":10},{"not_picked":["Bloodletting+1","Searing Blow"],"picked":"Feel No Pain","floor":11},{"not_picked":["Havoc+1","Evolve"],"picked":"Shockwave+1","floor":14}],"player_experience":662167,"relics_obtained":[{"floor":6.0,"key":"Toxic Egg 2"},{"floor":9.0,"key":"Mummified Hand"},{"floor":11,"key":"Pear"},{"floor":12,"key":"Odd Mushroom"}],"event_choices":[{"damage_healed":0.0,"max_hp_gain":0.0,"max_hp_loss":0.0,"gold_gain":0.0,"event_name":"Upgrade Shrine","player_choice":"Upgraded","floor":2.0,"gold_loss":0.0,"damage_taken":0.0,"cards_upgraded":["Bash"]},{"damage_healed":0,"gold_gain":0,"player_choice":"Fought Mushrooms","damage_taken":0,"max_hp_gain":0,"max_hp_loss":0,"event_name":"Mushrooms","floor":12,"gold_loss":0}],"is_beta":false,"boss_relics":[],"items_purged_floors":[],"is_endless":false,"potions_floor_spawned":[3,6,11],"killed_by":"Slime Boss","ascension_level":19}