{"gold_per_floor":[109,34,49,49,62,62,62,89,115,125,125,151,51,76,76,150,150,167,167,179,54,54],"floor_reached":22,"playtime":1175,"items_purged":["Mind Blast","Strike_R","Strike_R"],"score":364,"play_id":"d25b75b7-367c-4728-81f6-bcd410c6bcce","local_time":"20181227141706","is_ascension_mode":true,"campfire_choices":[{"data":"Rampage","floor":6,"key":"SMITH"},{"data":"Battle Trance","floor":11,"key":"SMITH"},{"floor":15,"key":"REST"}],"neow_cost":"PERCENT_DAMAGE","seed_source_timestamp":505470835279459,"circlet_count":0,"master_deck":["AscendersBane","Strike_R","Strike_R","Defend_R","Defend_R","Defend_R","Defend_R","Bash","The Bomb","Rampage+1","Rampage","Battle Trance+1"],"relics":["Burning Blood","Art of War","Bag of Marbles","Orichalcum","Singing Bowl","White Beast Statue","Potion Belt"],"potions_floor_usage":[12,14,14,22],"damage_taken":[{"damage":11,"enemies":"Cultist","floor":1,"turns":4},{"damage":5,"enemies":"2 Louse","floor":3,"turns":4},{"damage":7,"enemies":"Small Slimes","floor":5,"turns":4},{"damage":30,"enemies":"3 Sentries","floor":8,"turns":4},{"damage":14,"enemies":"Blue Slaver","floor":10,"turns":4},{"damage":16,"enemies":"Gremlin Nob","floor":12,"turns":3},{"damage":8,"enemies":"3 Sentries","floor":14,"turns":6},{"damage":24,"enemies":"Slime Boss","floor":16,"turns":9},{"damage":32,"enemies":"Chosen","floor":18,"turns":5},{"damage":33,"enemies":"2 Thieves","floor":20,"turns":4},{"damage":19,"enemies":"Snecko","floor":22,"turns":4}],"seed_played":"2227775541202014643","potions_obtained":[{"floor":1,"key":"SkillPotion"},{"floor":10,"key":"SteroidPotion"},{"floor":12,"key":"EssenceOfSteel"},{"floor":18,"key":"GamblersBrew"},{"floor":20,"key":"SpeedPotion"}],"is_trial":false,"path_per_floor":["M","$","M","?","M","R","?","E","T","M","R","E","$","E","R","B",null,"M","?","M","$","M"],"character_chosen":"IRONCLAD","items_purchased":[],"campfire_rested":1,"item_purchase_floors":[],"current_hp_per_floor":[45,45,46,71,70,70,63,39,39,31,31,21,21,21,44,26,64,40,40,15,15,0],"gold":54,"neow_bonus":"RANDOM_COLORLESS_2","is_prod":false,"is_daily":false,"chose_seed":false,"campfire_upgraded":2,"win_rate":0,"timestamp":1545891426,"path_taken":["M","$","?","?","M","R","?","E","T","M","R","E","?","E","R","BOSS","M","?","M","?","M"],"build_version":"2018-12-20","purchased_purges":3,"victory":false,"max_hp_per_floor":[75,75,75,75,75,75,75,75,75,75,75,75,75,77,77,77,77,79,79,81,81,81],"card_choices":[{"not_picked":["Seeing Red","Sever Soul"],"picked":"Rampage","floor":1},{"not_picked":["Body Slam","Havoc"],"picked":"Rampage","floor":3},{"not_picked":["Headbutt","Armaments"],"picked":"Battle Trance","floor":5},{"not_picked":["Dropkick","True Grit","Clash"],"picked":"SKIP","floor":8},{"not_picked":["Body Slam","Anger","Flex"],"picked":"SKIP","floor":10},{"not_picked":["Sever Soul","Evolve","Shrug It Off"],"picked":"SKIP","floor":12},{"not_picked":["Power Through","Exhume","Perfected Strike"],"picked":"Singing Bowl","floor":14},{"not_picked":["Fiend Fire","Barricade"],"picked":"Brutality","floor":16},{"not_picked":["Clash","Rupture","True Grit"],"picked":"Singing Bowl","floor":18},{"not_picked":["Clash","Wild Strike","Twin Strike+1"],"picked":"SKIP","floor":20},{"not_picked":["Clash","Wild Strike","Twin Strike+1"],"picked":"Singing Bowl","floor":20}],"player_experience":621837,"relics_obtained":[{"floor":8,"key":"Art of War"},{"floor":9,"key":"Bag of Marbles"},{"floor":12,"key":"Orichalcum"},{"floor":14,"key":"Singing Bowl"}],"event_choices":[{"damage_healed":25,"gold_gain":0,"player_choice":"Banana","damage_taken":0,"max_hp_gain":0,"max_hp_loss":0,"event_name":"Big Fish","floor":4,"gold_loss":0},{"cards_removed":["Strike_R"],"damage_healed":0,"gold_gain":0,"player_choice":"Card Removal","damage_taken":7,"max_hp_gain":0,"max_hp_loss":0,"event_name":"Golden Wing","floor":7,"gold_loss":0},{"cards_removed":["Brutality"],"damage_healed":0,"gold_gain":0,"player_choice":"Gave Card","damage_taken":0,"relics_obtained":["Potion Belt"],"max_hp_gain":0,"max_hp_loss":0,"event_name":"WeMeetAgain","floor":19,"gold_loss":0}],"is_beta":false,"boss_relics":[{"not_picked":["Runic Dome","Fusion Hammer"],"picked":"White Beast Statue"}],"items_purged_floors":[2,13,21],"is_endless":false,"potions_floor_spawned":[1,10,12,18,20],"killed_by":"Snecko","ascension_level":16}