{"gold_per_floor":[116,116,130,130,140,140,163,163,163,183,201,215,242,242,242,316,316,330,91,41,56,56,56],"floor_reached":23,"playtime":965,"items_purged":["Strike_R"],"score":434,"play_id":"9b2fc847-1104-4775-a7fa-24aaa2d965e4","local_time":"20190101231205","is_ascension_mode":true,"campfire_choices":[{"data":"True Grit","floor":6,"key":"SMITH"},{"data":"Bludgeon","floor":8,"key":"SMITH"},{"floor":15,"key":"REST"}],"neow_cost":"PERCENT_DAMAGE","seed_source_timestamp":209017170378379,"circlet_count":0,"master_deck":["AscendersBane","Strike_R","Defend_R+1","Defend_R+1","Defend_R+1","Bash+1","Juggernaut","Bludgeon+1","True Grit+1","Inflame","Demon Form","Cleave"],"relics":["Burning Blood","StoneCalendar","Bag of Marbles","Mercury Hourglass","Pen Nib","Shuriken","Empty Cage","War Paint"],"potions_floor_usage":[16],"damage_taken":[{"damage":7,"enemies":"Jaw Worm","floor":1,"turns":3},{"damage":0,"enemies":"Cultist","floor":3,"turns":2},{"damage":7,"enemies":"2 Louse","floor":5,"turns":4},{"damage":2,"enemies":"2 Fungi Beasts","floor":10,"turns":4},{"damage":0,"enemies":"Blue Slaver","floor":11,"turns":2},{"damage":0,"enemies":"3 Louse","floor":12,"turns":3},{"damage":0,"enemies":"Gremlin Nob","floor":13,"turns":2},{"damage":27,"enemies":"Hexaghost","floor":16,"turns":8},{"damage":20,"enemies":"Chosen","floor":18,"turns":6},{"damage":11,"enemies":"2 Thieves","floor":21,"turns":4},{"damage":12,"enemies":"Colosseum Slavers","floor":22,"turns":3},{"damage":44,"enemies":"Book of Stabbing","floor":23,"turns":4}],"seed_played":"-4256492328359251338","potions_obtained":[{"floor":3,"key":"GamblersBrew"},{"floor":11,"key":"AttackPotion"},{"floor":13,"key":"SteroidPotion"},{"floor":18,"key":"Ancient Potion"}],"is_trial":false,"path_per_floor":["M","?","M","?","M","R","T","R","T","M","M","M","E","?","R","B",null,"M","$","?","M","?","E"],"character_chosen":"IRONCLAD","items_purchased":["War Paint"],"campfire_rested":1,"item_purchase_floors":[19],"current_hp_per_floor":[49,44,50,27,26,26,26,26,26,30,36,42,48,48,70,49,69,55,55,55,50,44,0],"gold":56,"neow_bonus":"TRANSFORM_TWO_CARDS","is_prod":false,"is_daily":false,"chose_seed":false,"campfire_upgraded":2,"win_rate":0,"timestamp":1546355525,"path_taken":["M","?","M","?","M","R","?","R","T","?","M","M","E","?","R","BOSS","M","$","?","?","?","E"],"build_version":"2018-12-20","purchased_purges":1,"victory":false,"max_hp_per_floor":[75,75,75,75,75,75,75,75,75,75,75,75,75,75,75,75,75,75,75,75,75,75,75],"card_choices":[{"not_picked":["Armaments","Pommel Strike"],"picked":"Shrug It Off","floor":1},{"not_picked":["Evolve","Intimidate"],"picked":"True Grit","floor":3},{"not_picked":["Burning Pact","True Grit","Anger"],"picked":"SKIP","floor":5},{"not_picked":["Warcry","Entrench","Sentinel"],"picked":"SKIP","floor":10},{"not_picked":["Battle Trance","Clothesline","Flex"],"picked":"SKIP","floor":11},{"not_picked":["Heavy Blade","Headbutt","Twin Strike"],"picked":"SKIP","floor":12},{"not_picked":["Body Slam","Anger"],"picked":"Inflame","floor":13},{"not_picked":["Exhume","Bludgeon"],"picked":"Demon Form","floor":16},{"not_picked":["True Grit","Iron Wave"],"picked":"Cleave","floor":18},{"not_picked":["Iron Wave","Twin Strike","Clash"],"picked":"SKIP","floor":21}],"player_experience":639386,"relics_obtained":[{"floor":7,"key":"Bag of Marbles"},{"floor":9,"key":"Mercury Hourglass"},{"floor":13,"key":"Pen Nib"}],"event_choices":[{"damage_healed":0,"gold_gain":0,"player_choice":"Success","damage_taken":5,"relics_obtained":["StoneCalendar"],"max_hp_gain":0,"max_hp_loss":0,"event_name":"Scrap Ooze","floor":2,"gold_loss":0},{"damage_healed":0,"gold_gain":0,"player_choice":"Entered Light","damage_taken":23,"max_hp_gain":0,"max_hp_loss":0,"event_name":"Shining Light","floor":4,"gold_loss":0,"cards_upgraded":["Defend_R","Bash"]},{"cards_removed":["Shrug It Off"],"damage_healed":0,"gold_gain":0,"player_choice":"Gave Card","damage_taken":0,"relics_obtained":["Shuriken"],"max_hp_gain":0,"max_hp_loss":0,"event_name":"WeMeetAgain","floor":14,"gold_loss":0},{"damage_healed":0,"gold_gain":0,"player_choice":"Bet on Owner","damage_taken":0,"max_hp_gain":0,"max_hp_loss":0,"event_name":"The Joust","floor":20,"gold_loss":50},{"damage_healed":0,"gold_gain":0,"player_choice":"Fight","damage_taken":0,"max_hp_gain":0,"max_hp_loss":0,"event_name":"Colosseum","floor":22,"gold_loss":0},{"damage_healed":0,"gold_gain":0,"player_choice":"Fled From Nobs","damage_taken":0,"max_hp_gain":0,"max_hp_loss":0,"event_name":"Colosseum","floor":22,"gold_loss":0},{"damage_healed":0,"gold_gain":0,"player_choice":"Fled From Nobs","damage_taken":0,"max_hp_gain":0,"max_hp_loss":0,"event_name":"Colosseum","floor":22,"gold_loss":0}],"is_beta":false,"boss_relics":[{"not_picked":["Orrery","Runic Dome"],"picked":"Empty Cage"}],"items_purged_floors":[19],"is_endless":false,"potions_floor_spawned":[3,11,13,18],"killed_by":"Book of Stabbing","ascension_level":16}