{"path_per_floor":["M","M","M","?","?","R","E","R","T","M","$","R","E","T","R","B",null,"M","M","?","?","M","E","R","E","T","?","?","M","$","?","R","B",null,"M","$","?","?","T","R","M","R","T","M","M","E","R","$","R","B"],"character_chosen":"DEFECT","items_purchased":["Meat on the Bone","Stack","FocusPotion","Lantern","Conserve Battery","Defragment","Ball Lightning"],"gold_per_floor":[118,136,147,147,322,322,357,357,357,372,78,78,112,112,112,188,188,203,223,223,223,243,270,270,300,300,300,300,310,64,0,0,79,79,89,14,14,14,14,14,34,34,34,45,55,87,87,1,1,1],"floor_reached":51,"campfire_rested":6,"playtime":3869,"current_hp_per_floor":[63,59,58,58,58,58,20,41,41,26,26,47,44,44,44,32,61,50,39,39,39,36,19,55,43,43,43,43,43,43,43,71,35,62,62,62,53,53,53,53,42,71,71,46,45,37,71,71,71,37],"items_purged":["Doubt"],"gold":1,"score":1137,"play_id":"ad95201d-95f5-4124-8dc7-37b601b22ef2","local_time":"20180509221244","is_prod":false,"is_daily":false,"chose_seed":false,"is_ascension_mode":true,"campfire_upgraded":4,"timestamp":1525921964,"path_taken":["M","M","?","?","?","R","E","R","T","M","$","R","E","?","R","BOSS","M","M","?","?","?","E","R","E","T","?","?","M","$","?","R","BOSS","M","$","?","?","?","R","M","R","T","M","M","E","R","?","R","BOSS"],"build_version":"2018-05-08","seed_source_timestamp":0,"purchased_purges":1,"victory":true,"master_deck":["Strike_B+1","Strike_B+1","Defend_B+1","Defend_B+1","Defend_B+1","Defend_B+1","Zap+1","Dualcast+1","AscendersBane","Echo Form+1","White Noise","Stack+1","Creative AI","Sweeping Beam","Reinforced Body+1","Stack+1","Multi-Cast+1","Fusion+1","Leap+1","Redo+1","Coolheaded+1","Chill+1","Seek+1","Impulse+1","Conserve Battery+1","Madness","Madness","Stack+1","Defragment","Defragment+1","Ball Lightning"],"max_hp_per_floor":[71,71,71,71,71,71,71,71,71,71,71,71,71,71,71,71,71,71,71,71,71,71,71,71,71,71,71,71,71,71,71,71,71,71,71,71,71,71,71,71,71,71,71,71,71,71,71,71,71,71],"relics":["Cracked Core","Symbiotic Virus","Toxic Egg 2","Meat on the Bone","Smiling Mask","Regal Pillow","Cursed Key","Gremlin Horn","Art of War","Lantern","Inserter","Pantograph"],"card_choices":[{"not_picked":["Stack","Melter"],"picked":"White Noise","floor":2.0},{"not_picked":["Loop","Doom and Gloom"],"picked":"Stack","floor":3.0},{"not_picked":["Steam","Turbo"],"picked":"Sweeping Beam","floor":7.0},{"not_picked":["All For One","Leap"],"picked":"Reinforced Body","floor":10.0},{"not_picked":["Barrage","Chill"],"picked":"Multi-Cast","floor":13.0},{"not_picked":["Reboot","Biased Cognition"],"picked":"Fusion","floor":16.0},{"not_picked":["Steam","Turbo"],"picked":"Leap","floor":19.0},{"not_picked":["Storm","Beam Cell"],"picked":"Redo","floor":23.0},{"not_picked":["Capacitor","Fusion"],"picked":"Coolheaded","floor":25.0},{"not_picked":["Barrage","FTL"],"picked":"Chill","floor":29.0},{"not_picked":["Creative AI","Hyperbeam"],"picked":"Seek","floor":33.0},{"not_picked":["Coolheaded","Gash"],"picked":"Impulse","floor":35.0},{"not_picked":["Storm","Steam"],"picked":"Stack","floor":45},{"not_picked":["Axe Kick","Undo"],"picked":"Defragment","floor":46}],"player_experience":227935,"potions_floor_usage":[41,50,50,50],"damage_taken":[{"damage":1.0,"enemies":"Cultist","floor":1.0,"turns":4.0},{"damage":4.0,"enemies":"Small Slimes","floor":2.0,"turns":3.0},{"damage":1.0,"enemies":"2 Louse","floor":3.0,"turns":3.0},{"damage":38.0,"enemies":"3 Sentries","floor":7.0,"turns":10.0},{"damage":15.0,"enemies":"Large Slime","floor":10.0,"turns":4.0},{"damage":15.0,"enemies":"Lagavulin","floor":13.0,"turns":6.0},{"damage":24.0,"enemies":"Hexaghost","floor":16.0,"turns":9.0},{"damage":11.0,"enemies":"Shell Parasite","floor":18.0,"turns":3.0},{"damage":23.0,"enemies":"2 Thieves","floor":19.0,"turns":4.0},{"damage":15.0,"enemies":"Centurion and Healer","floor":22.0,"turns":5.0},{"damage":29.0,"enemies":"Gremlin Leader","floor":23.0,"turns":4.0},{"damage":12.0,"enemies":"Book of Stabbing","floor":25.0,"turns":4.0},{"damage":0.0,"enemies":"3 Cultists","floor":29.0,"turns":6.0},{"damage":48.0,"enemies":"Automaton","floor":33.0,"turns":13.0},{"damage":0.0,"enemies":"Orb Walker","floor":35.0,"turns":2.0},{"damage":23,"enemies":"Flame Bruiser 1 Orb","floor":41,"turns":8},{"damage":37,"enemies":"3 Darklings","floor":44,"turns":11},{"damage":20,"enemies":"Flame Bruiser 2 Orb","floor":45,"turns":9},{"damage":20,"enemies":"Nemesis","floor":46,"turns":11},{"damage":34,"enemies":"Donu and Deca","floor":50,"turns":13}],"event_choices":[{"event_name":"Transmorgrifier","player_choice":"Transform","floor":4.0,"damage_taken":0.0},{"event_name":"Liars Game","player_choice":"agreed","floor":5.0,"damage_taken":0.0},{"event_name":"The Mausoleum","player_choice":"No","floor":20.0,"damage_taken":0.0},{"event_name":"Back to Basics","player_choice":"Simplicity","floor":21.0,"damage_taken":0.0},{"event_name":"Upgrade Shrine","player_choice":"Upgraded","floor":27.0,"damage_taken":0.0},{"event_name":"Drug Dealer","player_choice":"Ignored","floor":28.0,"damage_taken":0.0},{"event_name":"Masked Bandits","player_choice":"Paid Bandits 64 gold","floor":31.0,"damage_taken":0.0},{"event_name":"Winding Halls","player_choice":"Embrace Madness","floor":37.0,"damage_taken":0.0},{"event_name":"Match and Keep!","player_choice":"0 cards matched","floor":38.0,"damage_taken":0.0}],"boss_relics":[],"potions_floor_spawned":[1,13,19,22,23,25,29,44,45,46],"seed_played":"8846843166729549782","ascension_level":14,"is_trial":false}