{"gold_per_floor":[112,59,76,76,76,76,151,151,151,185,195,223,238,258,258,356,356,371,286,303,46,58,58,90,100,123,142,142,142,142],"floor_reached":30,"playtime":1895,"items_purged":["Defend_B"],"score":458,"play_id":"28e9bc31-2eff-43ae-977a-ee60884e2a2a","local_time":"20190613181438","is_ascension_mode":true,"campfire_choices":[{"data":"Chill","floor":6.0,"key":"SMITH"},{"data":"Thunder Strike","floor":15.0,"key":"SMITH"},{"data":"Buffer","floor":23.0,"key":"SMITH"},{"data":"Reinforced Body","floor":29,"key":"SMITH"}],"neow_cost":"NONE","seed_source_timestamp":259106746173400,"circlet_count":0,"master_deck":["AscendersBane","Strike_B","Strike_B","Strike_B+1","Strike_B","Defend_B","Defend_B","Zap+1","Dualcast","Gash","Chill+1","Thunder Strike+1","Reboot","Redo","Redo","Gash","Aggregate","Buffer+1","Go for the Eyes","Sweeping Beam+1","Reinforced Body+1","Cold Snap","Consume+1","Coolheaded+1","Ball Lightning"],"special_seed":0,"relics":["Cracked Core","NeowsBlessing","Orichalcum","Bottled Flame","Thread and Needle","Pen Nib","Philosopher\u0027s Stone","Ornamental Fan","Anchor","Toxic Egg 2"],"potions_floor_usage":[30],"damage_taken":[{"damage":0.0,"enemies":"Small Slimes","floor":1.0,"turns":1.0},{"damage":0.0,"enemies":"2 Louse","floor":3.0,"turns":1.0},{"damage":0.0,"enemies":"Gremlin Nob","floor":10.0,"turns":1.0},{"damage":0.0,"enemies":"Jaw Worm","floor":11.0,"turns":2.0},{"damage":18.0,"enemies":"Lagavulin","floor":12.0,"turns":6.0},{"damage":0.0,"enemies":"Large Slime","floor":13.0,"turns":5.0},{"damage":0.0,"enemies":"2 Fungi Beasts","floor":14.0,"turns":2.0},{"damage":8.0,"enemies":"Hexaghost","floor":16.0,"turns":9.0},{"damage":0.0,"enemies":"Spheric Guardian","floor":18.0,"turns":4.0},{"damage":10.0,"enemies":"Shell Parasite","floor":20.0,"turns":4.0},{"damage":7.0,"enemies":"3 Cultists","floor":22.0,"turns":6.0},{"damage":10.0,"enemies":"Slavers","floor":24.0,"turns":7.0},{"damage":0.0,"enemies":"Centurion and Healer","floor":25.0,"turns":7.0},{"damage":0.0,"enemies":"Chosen and Byrds","floor":27.0,"turns":5.0},{"damage":0.0,"enemies":"Gremlin Leader","floor":28.0,"turns":4.0},{"damage":40,"enemies":"Slavers","floor":30,"turns":5}],"seed_played":"6387873556832762094","potions_obtained":[{"floor":3.0,"key":"FocusPotion"},{"floor":10.0,"key":"Weak Potion"},{"floor":13.0,"key":"Fire Potion"},{"floor":24.0,"key":"SmokeBomb"}],"is_trial":false,"path_per_floor":["M","$","M","?","?","R","?","?","T","E","M","E","M","M","R","B",null,"M","?","M","$","M","R","E","M","T","M","E","R","E"],"character_chosen":"DEFECT","items_purchased":["Gash","Anchor","Reinforced Body"],"campfire_rested":0,"item_purchase_floors":[2,21,21],"current_hp_per_floor":[68,68,68,53,53,53,42,39,39,39,39,21,21,21,21,13,60,60,60,50,50,43,43,33,33,33,33,33,33,0],"gold":142,"neow_bonus":"THREE_ENEMY_KILL","is_prod":false,"is_daily":false,"chose_seed":false,"campfire_upgraded":4,"win_rate":0,"timestamp":1560442478,"path_taken":["M","$","M","?","?","R","?","?","T","E","M","E","M","M","R","BOSS","M","?","M","$","M","R","E","M","T","M","E","R","E"],"build_version":"2019-01-23","purchased_purges":1,"victory":false,"max_hp_per_floor":[75,75,75,75,75,75,75,75,75,75,75,75,75,75,75,75,75,75,75,75,75,75,75,75,75,75,75,75,75,75],"card_choices":[{"not_picked":["Streamline","Compile Driver","Barrage"],"picked":"SKIP","floor":1.0},{"not_picked":["Compile Driver","Heatsinks"],"picked":"Chill","floor":3.0},{"not_picked":["Stack","Melter"],"picked":"Reboot","floor":10.0},{"not_picked":["Go for the Eyes","Hologram"],"picked":"Redo","floor":11.0},{"not_picked":["Stack","Streamline"],"picked":"Redo","floor":12.0},{"not_picked":["Stack","Heatsinks"],"picked":"Gash","floor":13.0},{"not_picked":["Steam","Compile Driver"],"picked":"Aggregate","floor":14.0},{"not_picked":["Biased Cognition","Meteor Strike"],"picked":"Buffer","floor":16.0},{"not_picked":["Fusion","Barrage"],"picked":"Go for the Eyes","floor":18.0},{"not_picked":["Recycle","Redo"],"picked":"Sweeping Beam+1","floor":20.0},{"not_picked":["Stack","Genetic Algorithm"],"picked":"Cold Snap","floor":22.0},{"not_picked":["Redo+1","Rebound"],"picked":"Consume","floor":24.0},{"not_picked":["Genetic Algorithm+1","Gash"],"picked":"Coolheaded+1","floor":25.0},{"not_picked":["Gash","Leap+1"],"picked":"Ball Lightning","floor":27.0}],"player_experience":218400,"relics_obtained":[{"floor":9.0,"key":"Bottled Flame"},{"floor":10.0,"key":"Thread and Needle"},{"floor":12.0,"key":"Pen Nib"},{"floor":24.0,"key":"Toxic Egg 2"}],"event_choices":[{"damage_healed":0.0,"max_hp_gain":0.0,"max_hp_loss":0.0,"gold_gain":0.0,"event_name":"Shining Light","player_choice":"Entered Light","floor":4.0,"gold_loss":0.0,"damage_taken":15.0,"cards_upgraded":["Strike_B","Zap"]},{"damage_healed":0.0,"max_hp_gain":0.0,"max_hp_loss":0.0,"gold_gain":0.0,"cards_transformed":["Defend_B"],"event_name":"Living Wall","player_choice":"Change","floor":5.0,"gold_loss":0.0,"damage_taken":0.0,"cards_obtained":["Thunder Strike"]},{"damage_healed":0.0,"max_hp_gain":0.0,"max_hp_loss":0.0,"gold_gain":75.0,"event_name":"World of Goop","player_choice":"Gather Gold","floor":7.0,"gold_loss":0.0,"damage_taken":11.0},{"damage_healed":0.0,"max_hp_gain":0.0,"max_hp_loss":0.0,"gold_gain":0.0,"event_name":"Scrap Ooze","player_choice":"Success","floor":8.0,"gold_loss":0.0,"damage_taken":3.0,"relics_obtained":["Orichalcum"]},{"damage_healed":0.0,"max_hp_gain":0.0,"max_hp_loss":0.0,"gold_gain":0.0,"event_name":"Addict","player_choice":"Obtained Relic","floor":19.0,"gold_loss":85.0,"damage_taken":0.0,"relics_obtained":["Ornamental Fan"]}],"is_beta":false,"boss_relics":[{"not_picked":["Nuclear Battery","White Beast Statue"],"picked":"Philosopher\u0027s Stone"}],"items_purged_floors":[21],"is_endless":false,"potions_floor_spawned":[3,10,13,18,24],"killed_by":"Slavers","ascension_level":10}