{"gold_per_floor":[114,114,33,48,48,48,78,78,108,108,108,108,138,153,153,153],"floor_reached":16,"playtime":245,"items_purged":[],"score":249,"play_id":"dde56633-b3a8-4a17-b3af-6b4b8837f9ee","local_time":"20190607200044","is_ascension_mode":true,"campfire_choices":[{"data":"Noxious Fumes","floor":6,"key":"SMITH"},{"data":"Catalyst","floor":8,"key":"SMITH"},{"data":"Neutralize","floor":10,"key":"SMITH"},{"data":"Poisoned Stab","floor":12,"key":"SMITH"},{"floor":15,"key":"REST"}],"neow_cost":"NONE","seed_source_timestamp":510377394502933,"circlet_count":0,"master_deck":["AscendersBane","Defend_G+1","Defend_G+1","Defend_G","Defend_G","Defend_G","Strike_G","Strike_G","Strike_G","Strike_G","Strike_G","Survivor","Neutralize+1","Catalyst+1","Noxious Fumes+1","Infinite Blades","Poisoned Stab+1","Backstab","Deadly Poison"],"relics":["Ring of the Snake","NeowsBlessing","Darkstone Periapt","War Paint","Tiny Chest","Mummified Hand"],"potions_floor_usage":[13],"damage_taken":[{"damage":0,"enemies":"Cultist","floor":1,"turns":1},{"damage":0,"enemies":"Jaw Worm","floor":4,"turns":1},{"damage":0,"enemies":"3 Sentries","floor":7,"turns":1},{"damage":39,"enemies":"Gremlin Nob","floor":13,"turns":5},{"damage":0,"enemies":"2 Louse","floor":14,"turns":2},{"damage":41,"enemies":"The Guardian","floor":16,"turns":5}],"seed_played":"5350440481901489935","potions_obtained":[{"floor":1,"key":"Weak Potion"}],"is_trial":false,"path_per_floor":["M","T","$","M","$","R","E","R","T","R","$","R","E","M","R","B"],"character_chosen":"THE_SILENT","items_purchased":["Noxious Fumes"],"campfire_rested":1,"item_purchase_floors":[3],"current_hp_per_floor":[59,59,59,59,59,59,59,59,59,59,59,59,20,20,39,0],"gold":153,"neow_bonus":"THREE_ENEMY_KILL","is_prod":false,"is_daily":false,"chose_seed":false,"campfire_upgraded":4,"win_rate":0,"timestamp":1559908844,"path_taken":["M","?","$","M","$","R","E","R","T","R","$","R","E","M","R","BOSS"],"build_version":"2019-01-23","purchased_purges":0,"victory":false,"max_hp_per_floor":[66,66,66,66,66,66,66,66,66,66,66,66,66,66,66,66],"card_choices":[{"not_picked":["Terror","Cloak And Dagger"],"picked":"Catalyst","floor":1},{"not_picked":["Eviscerate","Poisoned Stab"],"picked":"Infinite Blades","floor":4},{"not_picked":["Dagger Spray","Choke"],"picked":"Poisoned Stab","floor":7},{"not_picked":["Bane","Caltrops"],"picked":"Backstab","floor":13},{"not_picked":["Slice","Distraction"],"picked":"Deadly Poison","floor":14}],"player_experience":652994,"relics_obtained":[{"floor":2,"key":"Darkstone Periapt"},{"floor":7,"key":"War Paint"},{"floor":9,"key":"Tiny Chest"},{"floor":13,"key":"Mummified Hand"}],"event_choices":[],"is_beta":false,"boss_relics":[],"items_purged_floors":[],"is_endless":false,"potions_floor_spawned":[1],"killed_by":"The Guardian","ascension_level":18}