{"gold_per_floor":[112,125,98,116,41,41,67,81,130,148,165,177,77,94,94,198,198,208,83,98,23,34,34,60,22,22,22,35,35,35,45,45,146,146,163,177,177,177,177,177,206,206,206,206,222,238,248,277,277,277],"floor_reached":50,"playtime":11859,"items_purged":["Normality","Strike_G","Strike_G"],"score":604,"play_id":"f624a09e-9a1f-4473-8dca-f24ac3f13d62","local_time":"20180727075030","is_ascension_mode":true,"campfire_choices":[{"data":"Choke","floor":6.0,"key":"SMITH"},{"data":"Caltrops","floor":15.0,"key":"SMITH"},{"data":"Adrenaline","floor":23,"key":"SMITH"},{"data":"A Thousand Cuts","floor":27,"key":"SMITH"},{"data":"Terror","floor":30,"key":"SMITH"},{"data":"Infinite Blades","floor":32,"key":"SMITH"},{"data":"Wraith Form v2","floor":40,"key":"SMITH"},{"data":"Outmaneuver","floor":42,"key":"SMITH"},{"data":"All Out Attack","floor":44,"key":"SMITH"},{"data":"Flying Knee","floor":49,"key":"SMITH"}],"neow_cost":"CURSE","seed_source_timestamp":0,"circlet_count":0,"master_deck":["Defend_G","Defend_G","Defend_G","Defend_G","Strike_G","Survivor","Neutralize","Choke+1","Quick Slash","Quick Slash","A Thousand Cuts+1","Deadly Poison","Caltrops+1","All Out Attack+1","Poisoned Stab","Quick Slash","Adrenaline+1","Outmaneuver+1","Prepared+1","Sucker Punch","Terror+1","Infinite Blades+1","Quick Slash+1","Wraith Form v2+1","Deflect","Dodge and Roll+1","Backstab+1","Poisoned Stab+1","Infinite Blades+1","Flying Knee+1"],"special_seed":0,"relics":["Ring of the Snake","Tingsha","Bottled Flame","Anchor","Busted Crown","Lantern","Bag of Marbles","Sozu","Omamori","Frozen Egg 2","Smiling Mask"],"potions_floor_usage":[24,28,33],"damage_taken":[{"damage":5.0,"enemies":"Jaw Worm","floor":1.0,"turns":6.0},{"damage":5.0,"enemies":"Small Slimes","floor":2.0,"turns":4.0},{"damage":0.0,"enemies":"Cultist","floor":4.0,"turns":3.0},{"damage":14.0,"enemies":"Gremlin Nob","floor":7.0,"turns":4.0},{"damage":5.0,"enemies":"Exordium Thugs","floor":8.0,"turns":6.0},{"damage":7.0,"enemies":"Large Slime","floor":10.0,"turns":6.0},{"damage":3.0,"enemies":"3 Louse","floor":11.0,"turns":4.0},{"damage":0.0,"enemies":"Lots of Slimes","floor":12.0,"turns":2.0},{"damage":0.0,"enemies":"Looter","floor":14.0,"turns":2.0},{"damage":23.0,"enemies":"Hexaghost","floor":16.0,"turns":10.0},{"damage":0.0,"enemies":"Chosen","floor":18.0,"turns":4.0},{"damage":7.0,"enemies":"Spheric Guardian","floor":20.0,"turns":3.0},{"damage":22.0,"enemies":"Snake Plant","floor":22.0,"turns":4.0},{"damage":12,"enemies":"Gremlin Leader","floor":24,"turns":5},{"damage":14,"enemies":"Sentry and Sphere","floor":28,"turns":4},{"damage":7,"enemies":"Centurion and Healer","floor":31,"turns":3},{"damage":4,"enemies":"Collector","floor":33,"turns":6},{"damage":0,"enemies":"3 Shapes","floor":35,"turns":3},{"damage":1,"enemies":"Flame Bruiser 1 Orb","floor":36,"turns":3},{"damage":0,"enemies":"Giant Head","floor":41,"turns":7},{"damage":3,"enemies":"3 Darklings","floor":45,"turns":2},{"damage":0,"enemies":"Transient","floor":46,"turns":5},{"damage":1,"enemies":"Sphere and 2 Shapes","floor":47,"turns":4},{"damage":21,"enemies":"2 Orb Walkers","floor":48,"turns":4},{"damage":56,"enemies":"Donu and Deca","floor":50,"turns":9}],"seed_played":"398051294026968937","potions_obtained":[{"floor":1.0,"key":"EssenceOfSteel"},{"floor":4.0,"key":"Block Potion"},{"floor":7.0,"key":"Block Potion"},{"floor":11.0,"key":"GamblersBrew"},{"floor":16.0,"key":"FearPotion"},{"floor":18.0,"key":"Poison Potion"},{"floor":20.0,"key":"Regen Potion"},{"floor":22.0,"key":"Fire Potion"}],"is_trial":false,"path_per_floor":["M","M","?","M","$","R","E","M","T","M","M","M","$","M","R","B",null,"M","$","M","?","M","R","E","$","T","R","M","?","R","M","R","B",null,"M","M","?","?","?","R","E","R","T","R","M","M","M","E","R"],"character_chosen":"THE_SILENT","items_purchased":["Terror"],"campfire_rested":0,"item_purchase_floors":[25],"current_hp_per_floor":[65,60,60,60,60,60,46,41,41,34,31,31,31,31,31,8,70,70,70,63,63,41,41,29,29,29,29,24,47,47,40,40,36,70,70,69,69,69,69,69,69,69,69,69,66,66,65,44,44,0],"gold":277,"neow_bonus":"ONE_RARE_RELIC","is_prod":false,"is_daily":false,"chose_seed":false,"campfire_upgraded":10,"win_rate":0,"timestamp":1532649030,"path_taken":["M","M","?","M","$","R","E","M","T","M","M","M","$","M","R","BOSS","M","$","M","?","M","R","E","$","T","R","M","?","R","M","R","BOSS","M","M","?","?","?","R","E","R","T","R","M","M","?","E","R","BOSS"],"build_version":"2018-07-19v2","purchased_purges":3,"victory":false,"max_hp_per_floor":[70,70,70,70,70,70,70,70,70,70,70,70,70,70,70,70,70,70,70,70,70,70,70,70,70,70,70,70,70,70,70,70,70,70,70,70,70,70,70,70,70,70,70,70,70,70,70,70,70,70],"card_choices":[{"not_picked":["Deflect","Expertise"],"picked":"Choke","floor":1.0},{"not_picked":["Deflect","Expertise"],"picked":"Quick Slash","floor":2.0},{"not_picked":["Footwork","Predator"],"picked":"Quick Slash","floor":4.0},{"not_picked":["PiercingWail","Acrobatics"],"picked":"A Thousand Cuts","floor":7.0},{"not_picked":["Bane","Riddle With Holes"],"picked":"Deadly Poison","floor":8.0},{"not_picked":["Acrobatics","Escape Plan"],"picked":"Caltrops","floor":10.0},{"not_picked":["Footwork","Slice"],"picked":"All Out Attack","floor":11.0},{"not_picked":["Blade Dance","Leg Sweep"],"picked":"Poisoned Stab","floor":12.0},{"not_picked":["Poisoned Stab","Dagger Spray"],"picked":"Quick Slash","floor":14.0},{"not_picked":["Phantasmal Killer","Night Terror"],"picked":"Adrenaline","floor":16.0},{"not_picked":["Sucker Punch"],"picked":"SKIP","floor":18.0},{"not_picked":[],"picked":"Outmaneuver","floor":20.0},{"not_picked":[],"picked":"Prepared+1","floor":22.0},{"not_picked":[],"picked":"Sucker Punch","floor":24},{"not_picked":[],"picked":"Infinite Blades","floor":28},{"not_picked":[],"picked":"Quick Slash+1","floor":31},{"not_picked":[],"picked":"Wraith Form v2","floor":33},{"not_picked":[],"picked":"Deflect","floor":35},{"not_picked":[],"picked":"Dodge and Roll+1","floor":36},{"not_picked":[],"picked":"Backstab+1","floor":41},{"not_picked":[],"picked":"Poisoned Stab+1","floor":45},{"not_picked":[],"picked":"Infinite Blades+1","floor":46},{"not_picked":["Dagger Spray+1"],"picked":"SKIP","floor":47},{"not_picked":[],"picked":"Flying Knee","floor":48}],"player_experience":256224,"relics_obtained":[{"floor":7.0,"key":"Bottled Flame"},{"floor":9.0,"key":"Anchor"},{"floor":24,"key":"Lantern"},{"floor":26,"key":"Bag of Marbles"},{"floor":41,"key":"Omamori"},{"floor":43,"key":"Frozen Egg 2"},{"floor":48,"key":"Smiling Mask"}],"event_choices":[{"event_name":"World of Goop","player_choice":"Left","floor":3.0,"damage_taken":0.0},{"event_name":"Beggar","player_choice":"Gave Gold","floor":21.0,"damage_taken":0.0},{"event_name":"The Library","player_choice":"Heal","floor":29,"damage_taken":0},{"event_name":"Falling","player_choice":"Removed Skill","floor":37,"damage_taken":0},{"event_name":"Purifier","player_choice":"One Purge","floor":38,"damage_taken":0},{"event_name":"SensoryStone","player_choice":"Memory 1","floor":39,"damage_taken":0}],"is_beta":false,"boss_relics":[{"not_picked":["Black Star","WristBlade"],"picked":"Busted Crown"},{"not_picked":["Empty Cage","Coffee Dripper"],"picked":"Sozu"}],"items_purged_floors":[5,13,19],"is_endless":false,"potions_floor_spawned":[1,4,7,11,16,18,20,22,35,36,41],"killed_by":"Donu and Deca","ascension_level":1}