{"path_per_floor":["M","?","?","$","M","E","M","$","T","?","?","E","M","M","R"],"character_chosen":"THE_SILENT","items_purchased":["Backflip"],"gold_per_floor":[113,213,213,87,98,153,173,73,73,73,73,100,70,85,85,85],"floor_reached":16,"campfire_rested":1,"playtime":886,"current_hp_per_floor":[59,59,64,64,64,64,64,64,64,64,50,7,6,6,27,0],"items_purged":["Defend_G","Strike_G"],"gold":85,"score":226,"play_id":"55432a12-03bd-4927-aa5e-fe01b958e3cd","local_time":"20180325183018","is_prod":false,"is_daily":false,"is_ascension_mode":true,"campfire_upgraded":0,"timestamp":1522020618,"path_taken":["M","?","?","$","?","E","M","$","T","?","?","E","M","M","R","BOSS"],"build_version":"2018-03-22v2","purchased_purges":2,"victory":false,"master_deck":["Defend_G+1","Defend_G+1","Defend_G","Defend_G","Strike_G","Strike_G","Strike_G","Strike_G","Survivor+1","Neutralize","AscendersBane","Footwork","Backflip+1","Well Laid Plans","Tools of the Trade","Backflip","Noxious Fumes"],"max_hp_per_floor":[66,66,71,71,71,71,71,71,71,71,71,71,71,71,71,71],"relics":["Ring of the Snake","NeowsBlessing","Tiny Chest","Bag of Preparation","War Paint"],"card_choices":[{"not_picked":["Poisoned Stab","Cloak And Dagger"],"picked":"Footwork","floor":1},{"not_picked":["Choke","Deflect"],"picked":"Well Laid Plans","floor":5},{"not_picked":["Distraction","Setup"],"picked":"Tools of the Trade","floor":6},{"not_picked":["Slice","Dagger Throw"],"picked":"Backflip","floor":7},{"not_picked":["Dagger Spray","Eviscerate"],"picked":"Noxious Fumes","floor":12}],"player_experience":357788,"potions_floor_usage":[14,16],"damage_taken":[{"damage":0,"enemies":"Small Slimes","floor":1,"turns":1},{"damage":0,"enemies":"Cultist","floor":5,"turns":1},{"damage":0,"enemies":"Lagavulin","floor":6,"turns":1},{"damage":0,"enemies":"2 Louse","floor":7,"turns":5},{"damage":43,"enemies":"Gremlin Nob","floor":12,"turns":7},{"damage":1,"enemies":"Looter","floor":13,"turns":4},{"damage":0,"enemies":"3 Louse","floor":14,"turns":4},{"damage":28,"enemies":"Hexaghost","floor":16,"turns":16}],"event_choices":[{"event_name":"Golden Shrine","player_choice":"Pray","floor":2,"damage_taken":0},{"event_name":"Big Fish","player_choice":"Donut","floor":3,"damage_taken":0},{"event_name":"Match and Keep!","player_choice":"0 cards matched","floor":10,"damage_taken":0},{"event_name":"Shining Light","player_choice":"Entered Light","floor":11,"damage_taken":0}],"boss_relics":[],"potions_floor_spawned":[1,7,12],"seed_played":"-7465054291817089434","killed_by":"Hexaghost","ascension_level":14,"is_trial":false}