{"gold_per_floor":[118,43,53,63,63,63,75,75,75,108,126,137,137,213,213,310,310,330,126,126,141,155,155,30,30,107,107,122,122],"floor_reached":29,"playtime":2348,"items_purged":["Strike_R","Defend_R","Strike_R+1"],"score":225,"play_id":"531225e1-5227-4f9a-b3a7-d54f5ee9479b","local_time":"20180721173932","is_ascension_mode":false,"campfire_choices":[{"data":"Bash","floor":6,"key":"SMITH"},{"floor":15,"key":"REST"},{"data":"Double Tap","floor":23,"key":"SMITH"},{"data":"Dropkick","floor":25,"key":"SMITH"}],"neow_cost":"TEN_PERCENT_HP_LOSS","seed_source_timestamp":79069969309067,"circlet_count":0,"master_deck":["Defend_R","Defend_R+1","Defend_R","Bash+1","Dropkick+1","Double Tap+1","Purity"],"relics":["Burning Blood","Sundial","Pear","Ornamental Fan","Pen Nib","Pantograph","Empty Cage","Meat on the Bone"],"potions_floor_usage":[12,12,16,21,28,29],"damage_taken":[{"damage":8,"enemies":"Small Slimes","floor":1,"turns":4},{"damage":6,"enemies":"2 Louse","floor":3,"turns":4},{"damage":8,"enemies":"Jaw Worm","floor":4,"turns":6},{"damage":13,"enemies":"Lots of Slimes","floor":7,"turns":6},{"damage":30,"enemies":"Lagavulin","floor":10,"turns":7},{"damage":16,"enemies":"Large Slime","floor":11,"turns":5},{"damage":12,"enemies":"Exordium Thugs","floor":12,"turns":5},{"damage":55,"enemies":"The Guardian","floor":16,"turns":12},{"damage":5,"enemies":"Chosen","floor":18,"turns":3},{"damage":26,"enemies":"2 Thieves","floor":21,"turns":4},{"damage":32,"enemies":"Centurion and Healer","floor":22,"turns":5},{"damage":19,"enemies":"Slaver and Parasite","floor":28,"turns":5},{"damage":32,"enemies":"Snake Plant","floor":29,"turns":3}],"seed_played":"8018498994167646835","potions_obtained":[{"floor":7,"key":"AttackPotion"},{"floor":10,"key":"BloodPotion"},{"floor":11,"key":"AttackPotion"},{"floor":16,"key":"Fire Potion"},{"floor":22,"key":"Energy Potion"},{"floor":28,"key":"BloodPotion"}],"is_trial":false,"path_per_floor":["M","$","M","M","?","R","M","?","T","E","M","M","?","T","R","B",null,"M","$","?","M","M","R","$","R","T","?","M"],"character_chosen":"IRONCLAD","items_purchased":["Purity"],"campfire_rested":1,"item_purchase_floors":[19],"current_hp_per_floor":[70,70,70,68,68,68,61,68,68,44,34,36,20,20,44,20,82,82,82,82,62,36,36,36,36,36,20,19,0],"gold":122,"neow_bonus":"ONE_RARE_RELIC","is_prod":false,"is_daily":false,"chose_seed":false,"campfire_upgraded":3,"win_rate":0,"timestamp":1532165972,"path_taken":["M","$","M","M","?","R","?","?","T","E","?","M","?","?","R","BOSS","M","$","?","M","?","R","$","R","T","?","M","M"],"build_version":"2018-07-19v2","purchased_purges":3,"victory":false,"max_hp_per_floor":[72,72,72,72,72,72,72,82,82,82,82,82,82,82,82,82,82,82,82,82,82,82,82,82,82,82,87,87,87],"card_choices":[{"not_picked":["Perfected Strike","Wild Strike","Anger"],"picked":"SKIP","floor":1},{"not_picked":["Burning Pact","Intimidate","Cleave"],"picked":"SKIP","floor":3},{"not_picked":["Headbutt","Armaments"],"picked":"Dropkick","floor":4},{"not_picked":["Pommel Strike","Fire Breathing","Armaments"],"picked":"SKIP","floor":7},{"not_picked":["Offering","Pommel Strike","Shrug It Off"],"picked":"SKIP","floor":10},{"not_picked":["Feel No Pain","Combust","Anger"],"picked":"SKIP","floor":11},{"not_picked":["Flex","Corruption","Rupture"],"picked":"SKIP","floor":12},{"not_picked":["Offering","Reaper"],"picked":"Double Tap","floor":16},{"not_picked":["Perfected Strike","Cleave","Corruption"],"picked":"SKIP","floor":18},{"not_picked":["Shrug It Off","Clothesline","Limit Break"],"picked":"SKIP","floor":21},{"not_picked":["True Grit","Power Through","Clothesline"],"picked":"SKIP","floor":22},{"not_picked":["Body Slam","Shrug It Off+1","Warcry"],"picked":"SKIP","floor":28}],"player_experience":201289,"relics_obtained":[{"floor":9,"key":"Ornamental Fan"},{"floor":10,"key":"Pen Nib"},{"floor":14,"key":"Pantograph"},{"floor":26,"key":"Meat on the Bone"}],"event_choices":[{"event_name":"Living Wall","player_choice":"Forget","floor":5,"damage_taken":0},{"event_name":"Scrap Ooze","player_choice":"success","floor":8,"damage_taken":3},{"event_name":"Shining Light","player_choice":"Entered Light","floor":13,"damage_taken":0},{"event_name":"The Mausoleum","player_choice":"No","floor":20,"damage_taken":0},{"event_name":"Forgotten Altar","player_choice":"Shed Blood","floor":27,"damage_taken":0}],"is_beta":false,"boss_relics":[{"not_picked":["Velvet Choker","Philosopher\u0027s Stone"],"picked":"Empty Cage"}],"items_purged_floors":[2,19,24],"is_endless":false,"potions_floor_spawned":[7,10,11,16,22,28],"killed_by":"Snake Plant","ascension_level":0}