{"gold_per_floor":[209,209,134,209,109,147,147,147,170,170,45,68,91,117,117,242,242,265,265,289,139,152,152,152,170,170,195,20,0,14,28,28,148,148,173,173,193,193,193,193,193,193,243,263,286,286,311,261,261,261],"floor_reached":51,"playtime":4355,"items_purged":["Strike_R","Strike_R","Defend_R","Defend_R","Defend_R","Writhe"],"score":945,"play_id":"9cedb9dd-ddde-4133-9b7a-52c1b0d9b9a7","local_time":"20180721210704","is_ascension_mode":false,"campfire_choices":[{"data":"Bash","floor":8,"key":"SMITH"},{"data":"Flex","floor":10,"key":"SMITH"},{"floor":15,"key":"REST"},{"data":"Dropkick","floor":23,"key":"SMITH"},{"floor":32,"key":"REST"},{"data":"Defend_R","floor":40,"key":"SMITH"},{"data":"Strike_R","floor":46,"key":"SMITH"},{"floor":49,"key":"REST"}],"neow_cost":"NONE","seed_source_timestamp":89464428217614,"circlet_count":0,"master_deck":["Strike_R+1","Defend_R+1","Bash+1","Dropkick+1","Pommel Strike+1","Thunderclap+1"],"relics":["Burning Blood","Golden Idol","Champion Belt","Centennial Puzzle","Odd Mushroom","Sozu","Matryoshka","Busted Crown","Ginger","Smiling Mask","Bronze Scales"],"potions_floor_usage":[6,16],"damage_taken":[{"damage":9,"enemies":"2 Louse","floor":1,"turns":4},{"damage":27,"enemies":"Gremlin Nob","floor":6,"turns":4},{"damage":3,"enemies":"Jaw Worm","floor":12,"turns":2},{"damage":0,"enemies":"Cultist","floor":13,"turns":3},{"damage":25,"floor":14,"turns":6},{"damage":40,"enemies":"The Guardian","floor":16,"turns":12},{"damage":4,"enemies":"Shell Parasite","floor":18,"turns":6},{"damage":9,"enemies":"2 Thieves","floor":20,"turns":3},{"damage":12,"enemies":"Slaver and Parasite","floor":22,"turns":5},{"damage":4,"enemies":"Centurion and Healer","floor":25,"turns":4},{"damage":15,"enemies":"Snecko","floor":27,"turns":3},{"damage":10,"enemies":"Snake Plant","floor":30,"turns":2},{"damage":19,"enemies":"Centurion and Healer","floor":31,"turns":3},{"damage":7,"enemies":"Collector","floor":33,"turns":3},{"damage":30,"enemies":"3 Shapes","floor":35,"turns":3},{"damage":6,"enemies":"Orb Walker","floor":37,"turns":2},{"damage":8,"floor":41,"turns":3},{"damage":0,"enemies":"Transient","floor":44,"turns":5},{"damage":12,"enemies":"Spire Growth","floor":45,"turns":2},{"damage":15,"enemies":"3 Darklings","floor":47,"turns":3},{"damage":56,"enemies":"Donu and Deca","floor":50,"turns":6}],"seed_played":"-8964387530688685632","potions_obtained":[{"floor":1,"key":"PowerPotion"},{"floor":14,"key":"Strength Potion"}],"is_trial":false,"path_per_floor":["M","?","$","?","$","E","?","R","T","R","$","M","M","?","R","B",null,"M","?","M","$","M","R","?","M","T","M","$","?","M","M","R","B",null,"M","?","M","$","?","R","?","?","T","M","M","R","M","$","R","B"],"character_chosen":"IRONCLAD","items_purchased":[],"campfire_rested":3,"item_purchase_floors":[],"current_hp_per_floor":[77,74,74,67,67,46,46,46,46,46,46,49,55,36,58,24,74,74,74,71,71,65,65,65,67,67,58,58,58,54,41,63,62,74,50,50,50,50,69,69,67,74,74,74,68,68,59,59,74,24],"gold":261,"neow_bonus":"HUNDRED_GOLD","is_prod":false,"is_daily":false,"chose_seed":false,"campfire_upgraded":5,"win_rate":0,"timestamp":1532178424,"path_taken":["M","?","$","?","$","E","?","R","T","R","$","M","M","?","R","BOSS","M","?","M","$","M","R","?","M","T","M","$","?","?","M","R","BOSS","M","?","M","$","?","R","?","?","T","M","M","R","?","$","R","BOSS"],"build_version":"2018-07-19v2","purchased_purges":6,"victory":true,"max_hp_per_floor":[80,74,74,74,74,74,74,74,74,74,74,74,74,74,74,74,74,74,74,74,74,74,74,74,74,74,74,74,74,74,74,74,74,74,74,74,74,74,74,74,74,74,74,74,74,74,74,74,74,74],"card_choices":[{"not_picked":["Fire Breathing","Rampage"],"picked":"Dropkick","floor":1},{"not_picked":["True Grit","Uppercut"],"picked":"Flex","floor":6},{"not_picked":["True Grit","Anger","Perfected Strike"],"picked":"SKIP","floor":12},{"not_picked":["Intimidate","Armaments","Hemokinesis"],"picked":"SKIP","floor":13},{"not_picked":["Corruption","Headbutt","Feel No Pain"],"picked":"SKIP","floor":18},{"not_picked":["Heavy Blade","Twin Strike","Havoc+1"],"picked":"SKIP","floor":20},{"not_picked":["Perfected Strike","Cleave","Thunderclap"],"picked":"SKIP","floor":22},{"not_picked":["Flex","Shrug It Off","Dark Embrace"],"picked":"SKIP","floor":25},{"not_picked":["Twin Strike","Cleave","Thunderclap"],"picked":"SKIP","floor":27},{"not_picked":["True Grit","Armaments","Warcry"],"picked":"SKIP","floor":30},{"not_picked":["Seeing Red","Anger"],"picked":"Pommel Strike+1","floor":31},{"not_picked":["Heavy Blade+1"],"picked":"SKIP","floor":35},{"not_picked":[],"picked":"Thunderclap+1","floor":37},{"not_picked":["Pommel Strike+1"],"picked":"SKIP","floor":44},{"not_picked":["Hemokinesis+1"],"picked":"SKIP","floor":45},{"not_picked":["Searing Blow"],"picked":"SKIP","floor":47}],"player_experience":207938,"relics_obtained":[{"floor":6,"key":"Champion Belt"},{"floor":9,"key":"Centennial Puzzle"},{"floor":14,"key":"Odd Mushroom"},{"floor":26,"key":"Matryoshka"},{"floor":41,"key":"Ginger"},{"floor":43,"key":"Smiling Mask"},{"floor":43,"key":"Bronze Scales"}],"event_choices":[{"event_name":"Golden Idol","player_choice":"Lose Max HP","floor":2,"damage_taken":0},{"event_name":"FaceTrader","player_choice":"Touch","floor":4,"damage_taken":0},{"event_name":"Living Wall","player_choice":"Forget","floor":7,"damage_taken":0},{"event_name":"Mushrooms","player_choice":"Fought Mushrooms","floor":14,"damage_taken":0},{"event_name":"Back to Basics","player_choice":"Elegance","floor":19,"damage_taken":0},{"event_name":"Transmorgrifier","player_choice":"Skipped","floor":24,"damage_taken":0},{"event_name":"Masked Bandits","player_choice":"Paid Bandits 20 gold","floor":29,"damage_taken":0},{"event_name":"Falling","player_choice":"Removed Skill","floor":36,"damage_taken":0},{"event_name":"Winding Halls","player_choice":"Writhe","floor":39,"damage_taken":0},{"event_name":"MindBloom","player_choice":"Fight","floor":41,"damage_taken":0},{"event_name":"Wheel of Change","player_choice":"Full Heal","floor":42,"damage_taken":0}],"is_beta":false,"boss_relics":[{"not_picked":["Snecko Eye","Calling Bell"],"picked":"Sozu"},{"not_picked":["Tiny House","Astrolabe"],"picked":"Busted Crown"}],"items_purged_floors":[3,5,11,21,28,48],"is_endless":false,"potions_floor_spawned":[1,14,20,22,25,31,41,47],"ascension_level":0}