{"gold_per_floor":[360,189,203,203,203,203,232,232,232,245,245,257,257,301,301,432,432,425,441,0,0,14,14,55,55,81,81,99,117,131,131,131,251,251,270,270,270,395,32,32,365,365,410,444,444,455,222,242,242,242],"floor_reached":51,"playtime":3361,"items_purged":["Shame","Strike_B","Pain","Shame"],"score":906,"play_id":"ea12a9de-5f51-4b12-8151-9c9c6bb05d22","local_time":"20190530182312","is_ascension_mode":true,"campfire_choices":[{"data":"Zap","floor":6,"key":"SMITH"},{"data":"Defragment","floor":11,"key":"SMITH"},{"data":"Dualcast","floor":15,"key":"SMITH"},{"data":"Core Surge","floor":23,"key":"SMITH"},{"data":"Ball Lightning","floor":25,"key":"SMITH"},{"floor":27,"key":"REST"},{"floor":32,"key":"REST"},{"data":"Dramatic Entrance","floor":40,"key":"SMITH"},{"floor":42,"key":"REST"},{"floor":45,"key":"REST"},{"floor":49,"key":"REST"}],"neow_cost":"CURSE","seed_source_timestamp":1039873772290612,"circlet_count":0,"master_deck":["Strike_B","Defend_B","Defend_B","Defend_B","Defend_B","Zap+1","Dualcast+1","Defragment+1","Dramatic Entrance+1","Glacier","Leap+1","Steam+1","Stack+1","Core Surge+1","Conserve Battery+1","Conserve Battery+1","Apotheosis+1","Glacier+1","Ball Lightning+1","Rip and Tear","Rip and Tear","Jack Of All Trades+1","Sweeping Beam","Reboot+1","Doubt","Barrage+1","Metamorphosis+1","Barrage+1","FTL","Flash of Steel","Seek+1","FTL+1","FTL+1","Recycle+1","FTL"],"relics":["Cracked Core","Pen Nib","Toxic Egg 2","Meat on the Bone","Bronze Scales","Smiling Mask","Inserter","DollysMirror","Blood Vial","Juzu Bracelet","Calling Bell","DataDisk","Mercury Hourglass","Unceasing Top","Ginger","Potion Belt","Bottled Flame","Oddly Smooth Stone"],"potions_floor_usage":[44,50,50],"damage_taken":[{"damage":7,"enemies":"Jaw Worm","floor":1,"turns":3},{"damage":0,"enemies":"Small Slimes","floor":3,"turns":2},{"damage":17,"enemies":"Gremlin Nob","floor":7,"turns":5},{"damage":0,"enemies":"Cultist","floor":10,"turns":2},{"damage":0,"enemies":"2 Fungi Beasts","floor":12,"turns":4},{"damage":5,"enemies":"Lagavulin","floor":14,"turns":7},{"damage":0,"enemies":"Hexaghost","floor":16,"turns":13},{"damage":12,"enemies":"2 Thieves","floor":18,"turns":4},{"damage":8,"enemies":"Shell Parasite","floor":19,"turns":8},{"damage":1,"enemies":"Snake Plant","floor":22,"turns":6},{"damage":27,"enemies":"Gremlin Leader","floor":24,"turns":12},{"damage":0,"enemies":"Chosen and Byrds","floor":28,"turns":5},{"damage":2,"enemies":"Cultist and Chosen","floor":29,"turns":6},{"damage":8,"enemies":"Snecko","floor":30,"turns":5},{"damage":22,"enemies":"Champ","floor":33,"turns":13},{"damage":13,"enemies":"Orb Walker","floor":35,"turns":3},{"damage":4,"enemies":"Mind Bloom Boss Battle","floor":38,"turns":9},{"damage":34,"enemies":"Giant Head","floor":44,"turns":9},{"damage":0,"enemies":"3 Shapes","floor":46,"turns":4},{"damage":0,"enemies":"Sphere and 2 Shapes","floor":48,"turns":3},{"damage":14,"enemies":"Donu and Deca","floor":50,"turns":10}],"seed_played":"188995174971599382","potions_obtained":[{"floor":1,"key":"SkillPotion"},{"floor":10,"key":"Explosive Potion"},{"floor":18,"key":"Ancient Potion"},{"floor":19,"key":"Fire Potion"},{"floor":44,"key":"EssenceOfSteel"}],"is_trial":false,"path_per_floor":["M","$","M","?","T","R","E","?","T","M","R","M","?","E","R","B",null,"M","M","$","?","M","R","E","R","T","R","M","M","M","?","R","B",null,"M","?","?","?","$","R","?","R","T","E","R","M","$","M","R","B",null],"character_chosen":"DEFECT","items_purchased":["Dramatic Entrance","Conserve Battery+1","Apotheosis+1","DollysMirror","FTL","Flash of Steel","Seek+1","Recycle+1","Oddly Smooth Stone"],"campfire_rested":5,"item_purchase_floors":[2,20,20,20,39,39,39,47,47],"current_hp_per_floor":[68,68,68,65,65,65,48,48,48,48,48,48,48,43,43,43,69,57,49,49,49,48,48,33,33,33,53,55,55,49,49,69,47,69,56,56,56,54,54,54,54,69,69,35,55,57,57,59,69,55],"gold":242,"neow_bonus":"TWO_FIFTY_GOLD","is_prod":false,"is_daily":false,"chose_seed":false,"campfire_upgraded":6,"win_rate":0,"timestamp":1559254992,"path_taken":["M","$","M","?","?","R","E","?","T","?","R","M","?","E","R","BOSS","M","M","$","?","M","R","E","R","T","R","M","M","M","?","R","BOSS","M","?","?","?","$","R","?","R","T","E","R","M","$","M","R","BOSS"],"build_version":"2019-01-23","purchased_purges":4,"victory":true,"max_hp_per_floor":[75,75,75,75,75,75,75,75,75,75,75,75,69,69,69,69,69,69,69,69,69,69,69,69,69,69,69,69,69,69,69,69,69,69,69,69,69,69,69,69,69,69,69,69,69,69,69,69,69,69],"card_choices":[{"not_picked":["Hologram","Heatsinks"],"picked":"Defragment","floor":1},{"not_picked":["Hologram","Beam Cell"],"picked":"Glacier","floor":3},{"not_picked":["Steam Power+1","Ball Lightning","Barrage"],"picked":"SKIP","floor":7},{"not_picked":["Ball Lightning","Barrage"],"picked":"Leap+1","floor":10},{"not_picked":["Barrage","Stack+1"],"picked":"Steam+1","floor":12},{"not_picked":["Auto Shields+1","Beam Cell"],"picked":"Stack+1","floor":14},{"not_picked":["Creative AI","Hyperbeam"],"picked":"Core Surge","floor":16},{"not_picked":["Leap+1","Streamline","Reinforced Body+1"],"picked":"SKIP","floor":18},{"not_picked":["Beam Cell","Doom and Gloom"],"picked":"Conserve Battery+1","floor":19},{"not_picked":["Compile Driver","Beam Cell","Leap+1"],"picked":"SKIP","floor":22},{"not_picked":["Cold Snap","Scrape+1"],"picked":"Ball Lightning","floor":24},{"not_picked":["Cold Snap+1","Go for the Eyes"],"picked":"Rip and Tear","floor":28},{"not_picked":["Recycle+1","Compile Driver"],"picked":"Rip and Tear","floor":29},{"not_picked":["Doom and Gloom","Steam+1","Beam Cell"],"picked":"SKIP","floor":30},{"not_picked":["Meteor Strike","All For One"],"picked":"Reboot+1","floor":33},{"not_picked":["Streamline+1","Steam+1"],"picked":"Barrage+1","floor":35},{"not_picked":["Forethought+1","Good Instincts+1"],"picked":"Metamorphosis+1","floor":37},{"not_picked":["Auto Shields+1","Recycle+1"],"picked":"Barrage+1","floor":38},{"not_picked":["Capacitor+1","Doom and Gloom"],"picked":"FTL+1","floor":44},{"not_picked":["Stack+1","Ball Lightning"],"picked":"FTL+1","floor":46},{"not_picked":["Hologram+1","Gash+1"],"picked":"FTL","floor":48}],"player_experience":663132,"relics_obtained":[{"floor":5,"key":"Toxic Egg 2"},{"floor":7,"key":"Meat on the Bone"},{"floor":9,"key":"Bronze Scales"},{"floor":14,"key":"Smiling Mask"},{"floor":24,"key":"Blood Vial"},{"floor":26,"key":"Juzu Bracelet"},{"floor":34,"key":"DataDisk"},{"floor":34,"key":"Mercury Hourglass"},{"floor":34,"key":"Unceasing Top"},{"floor":38,"key":"Ginger"},{"floor":43,"key":"Potion Belt"},{"floor":44,"key":"Bottled Flame"}],"event_choices":[{"damage_healed":0,"gold_gain":0,"player_choice":"Success","damage_taken":3,"relics_obtained":["Pen Nib"],"max_hp_gain":0,"max_hp_loss":0,"event_name":"Scrap Ooze","floor":4,"gold_loss":0},{"cards_removed":["Strike_B"],"damage_healed":0,"gold_gain":0,"player_choice":"Offered Basic","damage_taken":0,"max_hp_gain":0,"max_hp_loss":0,"event_name":"Bonfire Elementals","floor":8,"gold_loss":0},{"damage_healed":0,"gold_gain":0,"player_choice":"Lose Max HP","damage_taken":0,"relics_obtained":["Golden Idol"],"max_hp_gain":0,"max_hp_loss":6,"event_name":"Golden Idol","floor":13,"gold_loss":0},{"cards_removed":["Strike_B"],"damage_healed":0,"gold_gain":0,"player_choice":"Elegance","damage_taken":0,"max_hp_gain":0,"max_hp_loss":0,"event_name":"Back to Basics","floor":21,"gold_loss":0},{"damage_healed":0,"gold_gain":0,"player_choice":"2 cards matched","damage_taken":0,"max_hp_gain":0,"max_hp_loss":0,"event_name":"Match and Keep!","floor":31,"gold_loss":0,"cards_obtained":["Jack Of All Trades","Sweeping Beam"]},{"damage_healed":0,"gold_gain":0,"player_choice":"Ignored","damage_taken":0,"max_hp_gain":0,"max_hp_loss":0,"event_name":"Tomb of Lord Red Mask","floor":36,"gold_loss":0},{"damage_healed":0,"gold_gain":0,"player_choice":"Memory 1","damage_taken":0,"max_hp_gain":0,"max_hp_loss":0,"event_name":"SensoryStone","floor":37,"gold_loss":0},{"damage_healed":0,"gold_gain":0,"player_choice":"Fight","damage_taken":0,"max_hp_gain":0,"max_hp_loss":0,"event_name":"MindBloom","floor":38,"gold_loss":0},{"damage_healed":0,"gold_gain":333,"player_choice":"Gave Idol","damage_taken":0,"max_hp_gain":0,"max_hp_loss":0,"event_name":"The Moai Head","floor":41,"relics_lost":["Golden Idol"],"gold_loss":0}],"is_beta":false,"boss_relics":[{"not_picked":["Busted Crown","Coffee Dripper"],"picked":"Inserter"},{"not_picked":["White Beast Statue","Lizard Tail"],"picked":"Calling Bell"}],"items_purged_floors":[2,20,39,47],"is_endless":false,"potions_floor_spawned":[1,10,18,19,29,44],"ascension_level":3}