{"gold_per_floor":[110,126,126,126,51,51,71,71,71,106,106,116,128,28,28,28],"floor_reached":16,"playtime":555,"items_purged":["Strike_R","Strike_R"],"score":125,"play_id":"b7b66193-379d-43c4-baec-5752eaacee3c","local_time":"20180814130835","is_ascension_mode":true,"campfire_choices":[{"data":"Whirlwind","floor":6,"key":"SMITH"},{"data":"Flame Barrier","floor":8,"key":"SMITH"},{"data":"Defend_R","floor":11,"key":"SMITH"},{"data":"Defend_R","floor":15,"key":"SMITH"}],"neow_cost":"","seed_source_timestamp":21948223508940,"circlet_count":0,"master_deck":["Strike_R","Strike_R","Strike_R","Defend_R","Defend_R","Defend_R+1","Defend_R+1","Bash+1","Spot Weakness+1","Whirlwind+1","Flame Barrier+1","Bloodletting+1","True Grit+1"],"relics":["Burning Blood","Toxic Egg 2","Turnip"],"potions_floor_usage":[16],"damage_taken":[{"damage":13,"enemies":"Small Slimes","floor":1,"turns":5},{"damage":8,"enemies":"Jaw Worm","floor":2,"turns":6},{"damage":0,"enemies":"2 Louse","floor":7,"turns":2},{"damage":14,"enemies":"3 Sentries","floor":10,"turns":6},{"damage":0,"enemies":"Large Slime","floor":12,"turns":3},{"damage":6,"enemies":"Looter","floor":13,"turns":3},{"damage":65,"enemies":"Hexaghost","floor":16,"turns":11}],"seed_played":"-7010845803189564038","potions_obtained":[{"floor":1,"key":"FearPotion"},{"floor":13,"key":"Dexterity Potion"}],"is_trial":false,"path_per_floor":["M","M","?","?","$","R","M","R","T","E","R","M","M","$","R"],"character_chosen":"IRONCLAD","items_purchased":[],"campfire_rested":0,"item_purchase_floors":[],"current_hp_per_floor":[73,71,55,55,55,55,61,61,61,53,53,59,59,59,59,0],"gold":28,"neow_bonus":"","is_prod":false,"is_daily":false,"chose_seed":false,"campfire_upgraded":4,"win_rate":0,"timestamp":1534223315,"path_taken":["M","M","?","?","$","R","M","R","T","E","R","M","M","$","R","BOSS"],"build_version":"2018-08-09","purchased_purges":2,"victory":false,"max_hp_per_floor":[80,80,80,80,80,80,80,80,80,80,80,80,80,80,80,80],"card_choices":[{"not_picked":["Havoc","Body Slam"],"picked":"Spot Weakness","floor":1},{"not_picked":["Headbutt","Sword Boomerang"],"picked":"Whirlwind","floor":2},{"not_picked":["Cleave","Perfected Strike"],"picked":"Flame Barrier","floor":7},{"not_picked":["Anger","Whirlwind","Clash"],"picked":"SKIP","floor":10},{"not_picked":["Juggernaut","Iron Wave"],"picked":"Bloodletting+1","floor":12},{"not_picked":["Pommel Strike","Bloodletting+1"],"picked":"True Grit+1","floor":13}],"player_experience":416152,"relics_obtained":[{"floor":9,"key":"Toxic Egg 2"},{"floor":10,"key":"Turnip"}],"event_choices":[{"event_name":"Shining Light","player_choice":"Entered Light","floor":3,"damage_taken":0},{"event_name":"Liars Game","player_choice":"disagreed","floor":4,"damage_taken":0}],"is_beta":false,"boss_relics":[],"items_purged_floors":[5,14],"is_endless":false,"potions_floor_spawned":[1,13],"killed_by":"Hexaghost","ascension_level":5}