{"gold_per_floor":[109,128,128,53,71,71,81,31,103,103,116,132,32,48,48,147,147,158,208,224,99,119,119,144,144,171,184,34,63,76,87,87,87],"floor_reached":33,"playtime":1448,"items_purged":["Defend_R","Strike_R","Strike_R","Defend_R"],"score":306,"play_id":"feacd5f2-3d14-4e37-92df-aed52acb69d8","local_time":"20180813202149","is_ascension_mode":false,"campfire_choices":[{"data":"Rampage","floor":6,"key":"SMITH"},{"data":"Bash","floor":15,"key":"SMITH"},{"data":"Immolate","floor":23,"key":"SMITH"},{"data":"Cleave","floor":25,"key":"SMITH"},{"data":"Heavy Blade","floor":32,"key":"SMITH"}],"neow_cost":"NONE","seed_source_timestamp":123301604702684,"circlet_count":0,"master_deck":["Defend_R","Defend_R","Bash+1","Heavy Blade+1","Rampage+1","Headbutt","Cleave+1","Immolate+1","Flame Barrier+1","Infernal Blade+1","Battle Trance+1"],"relics":["Burning Blood","Meat on the Bone","White Beast Statue","Lantern","Oddly Smooth Stone","Paper Frog"],"potions_floor_usage":[20,22,30,31],"damage_taken":[{"damage":6,"enemies":"Jaw Worm","floor":1,"turns":3},{"damage":0,"enemies":"Small Slimes","floor":2,"turns":3},{"damage":0,"enemies":"Cultist","floor":5,"turns":2},{"damage":19,"enemies":"Lots of Slimes","floor":7,"turns":5},{"damage":9,"enemies":"Blue Slaver","floor":11,"turns":3},{"damage":6,"enemies":"Exordium Wildlife","floor":12,"turns":3},{"damage":20,"enemies":"Looter","floor":14,"turns":3},{"damage":45,"enemies":"Hexaghost","floor":16,"turns":8},{"damage":29,"enemies":"3 Byrds","floor":18,"turns":5},{"damage":0,"enemies":"Chosen","floor":20,"turns":4},{"damage":35,"enemies":"Snake Plant","floor":22,"turns":5},{"damage":41,"enemies":"Slavers","floor":24,"turns":3},{"damage":6,"enemies":"3 Cultists","floor":27,"turns":3},{"damage":0,"enemies":"Gremlin Leader","floor":29,"turns":3},{"damage":16,"enemies":"Centurion and Healer","floor":30,"turns":4},{"damage":15,"enemies":"Snecko","floor":31,"turns":3},{"damage":58,"enemies":"Automaton","floor":33,"turns":6}],"seed_played":"-1985190937698134186","potions_obtained":[{"floor":1,"key":"Ancient Potion"},{"floor":5,"key":"Explosive Potion"},{"floor":18,"key":"SkillPotion"},{"floor":20,"key":"Swift Potion"},{"floor":22,"key":"Ancient Potion"},{"floor":24,"key":"Swift Potion"},{"floor":30,"key":"Regen Potion"},{"floor":31,"key":"SpeedPotion"}],"is_trial":false,"path_per_floor":["M","M","?","$","M","R","M","?","T","?","M","M","$","M","R","B",null,"M","?","M","$","M","R","E","R","T","M","$","E","M","M","R"],"character_chosen":"IRONCLAD","items_purchased":[],"campfire_rested":0,"item_purchase_floors":[],"current_hp_per_floor":[80,80,80,80,80,80,67,67,67,67,64,64,64,50,50,23,80,57,57,63,63,46,46,23,23,23,35,35,53,55,58,58,0],"gold":87,"neow_bonus":"TRANSFORM_CARD","is_prod":false,"is_daily":false,"chose_seed":false,"campfire_upgraded":5,"win_rate":0,"timestamp":1534162909,"path_taken":["M","M","?","$","?","R","M","?","T","?","M","M","$","M","R","BOSS","M","?","M","$","M","R","E","R","T","M","$","E","M","M","R","BOSS"],"build_version":"2018-08-09","purchased_purges":4,"victory":false,"max_hp_per_floor":[80,80,80,80,80,80,80,80,80,80,80,80,80,80,80,80,80,80,80,80,80,80,80,80,80,80,80,80,80,80,80,80,80],"card_choices":[{"not_picked":["Flex","True Grit"],"picked":"Rampage","floor":1},{"not_picked":["Perfected Strike","Body Slam","Pommel Strike"],"picked":"SKIP","floor":2},{"not_picked":["Searing Blow","Entrench"],"picked":"Headbutt","floor":5},{"not_picked":["Headbutt","Clothesline","Twin Strike"],"picked":"SKIP","floor":7},{"not_picked":["Headbutt","Twin Strike","True Grit"],"picked":"SKIP","floor":11},{"not_picked":["Offering","Warcry"],"picked":"Cleave","floor":12},{"not_picked":["Clash","True Grit","Warcry"],"picked":"SKIP","floor":14},{"not_picked":["Fiend Fire","Exhume"],"picked":"Immolate","floor":16},{"not_picked":["Second Wind","True Grit"],"picked":"Flame Barrier+1","floor":18},{"not_picked":["Disarm+1","Perfected Strike","Body Slam"],"picked":"SKIP","floor":20},{"not_picked":["Perfected Strike","Sever Soul","Shrug It Off"],"picked":"SKIP","floor":22},{"not_picked":["Burning Pact","Body Slam","Clothesline"],"picked":"SKIP","floor":24},{"not_picked":["Anger+1","Perfected Strike"],"picked":"Infernal Blade+1","floor":27},{"not_picked":["Dual Wield","Body Slam+1","Power Through"],"picked":"SKIP","floor":29},{"not_picked":["Cleave","Limit Break","Body Slam"],"picked":"SKIP","floor":30},{"not_picked":["Headbutt","Spot Weakness"],"picked":"Battle Trance+1","floor":31}],"player_experience":408335,"relics_obtained":[{"floor":9,"key":"Meat on the Bone"},{"floor":24,"key":"Lantern"},{"floor":26,"key":"Oddly Smooth Stone"},{"floor":29,"key":"Paper Frog"}],"event_choices":[{"event_name":"Living Wall","player_choice":"Forget","floor":3,"damage_taken":0},{"event_name":"The Cleric","player_choice":"Card Removal","floor":8,"damage_taken":0},{"event_name":"Liars Game","player_choice":"disagreed","floor":10,"damage_taken":0},{"event_name":"The Joust","player_choice":"Bet on Murderer","floor":19,"damage_taken":0}],"is_beta":false,"boss_relics":[{"not_picked":["Orrery","Coffee Dripper"],"picked":"White Beast Statue"}],"items_purged_floors":[4,13,21,28],"is_endless":false,"potions_floor_spawned":[1,5,18,20,22,24,27,29,30,31],"killed_by":"Automaton","ascension_level":0}