{"gold_per_floor":[111,111,122,139,139,139,155,155,155,155,155,190,203,128,128,254,254,270,270,270,195,213,213,113,113,113,113,137,152,176,176,176,176],"floor_reached":33,"playtime":1157,"items_purged":["Strike_R","Defend_R"],"score":270,"play_id":"c74a7fb2-c48a-46f5-a235-10ca20cd627f","local_time":"20180812113115","is_ascension_mode":false,"campfire_choices":[{"data":"Cleave","floor":6,"key":"SMITH"},{"data":"Iron Wave","floor":8,"key":"SMITH"},{"data":"Bash","floor":11,"key":"SMITH"},{"data":"Twin Strike","floor":15,"key":"SMITH"},{"data":"Iron Wave","floor":23,"key":"SMITH"},{"data":"Cleave","floor":25,"key":"SMITH"},{"data":"Cleave","floor":27,"key":"SMITH"},{"floor":32,"key":"REST"}],"neow_cost":"TEN_PERCENT_HP_LOSS","seed_source_timestamp":5363059026384,"circlet_count":0,"master_deck":["Defend_R","Defend_R","Defend_R","Bash+1","Cleave+1","Twin Strike+1","Iron Wave+1","Sword Boomerang","Sword Boomerang","Cleave","Cleave","Shrug It Off","Cleave+1","Cleave+1","Iron Wave+1"],"relics":["Burning Blood","Golden Idol","Dodecahedron","Happy Flower","Orrery","Potion Belt","Frozen Egg 2","Nilry\u0027s Codex"],"potions_floor_usage":[16,16,28,29],"damage_taken":[{"damage":0,"enemies":"2 Louse","floor":1,"turns":4},{"damage":1,"enemies":"Jaw Worm","floor":3,"turns":4},{"damage":15,"enemies":"Cultist","floor":4,"turns":4},{"damage":5,"enemies":"Looter","floor":7,"turns":3},{"damage":25,"enemies":"3 Sentries","floor":12,"turns":7},{"damage":2,"enemies":"2 Fungi Beasts","floor":13,"turns":3},{"damage":22,"enemies":"Hexaghost","floor":16,"turns":8},{"damage":7,"enemies":"2 Thieves","floor":18,"turns":4},{"damage":17,"enemies":"Spheric Guardian","floor":22,"turns":4},{"damage":17,"enemies":"Snake Plant","floor":28,"turns":4},{"damage":15,"enemies":"Snecko","floor":29,"turns":4},{"damage":3,"enemies":"Chosen and Byrds","floor":30,"turns":4},{"damage":67,"enemies":"Champ","floor":33,"turns":10}],"seed_played":"-8418642313788509402","potions_obtained":[{"floor":1,"key":"Strength Potion"},{"floor":7,"key":"Weak Potion"},{"floor":16,"key":"Poison Potion"},{"floor":18,"key":"Swift Potion"},{"floor":22,"key":"Swift Potion"}],"is_trial":false,"path_per_floor":["M","?","M","M","?","R","M","R","T","?","R","E","M","$","R","B",null,"M","?","?","?","M","R","$","R","T","R","M","M","M","?","R"],"character_chosen":"IRONCLAD","items_purchased":[],"campfire_rested":1,"item_purchase_floors":[],"current_hp_per_floor":[72,77,77,68,49,49,50,50,50,50,50,31,35,35,35,19,77,76,76,76,76,65,65,65,65,65,65,54,45,48,32,55,0],"gold":176,"neow_bonus":"REMOVE_TWO","is_prod":false,"is_daily":false,"chose_seed":false,"campfire_upgraded":7,"win_rate":0,"timestamp":1534044675,"path_taken":["M","?","M","M","?","R","M","R","T","?","R","E","M","$","R","BOSS","M","?","?","?","M","R","$","R","T","R","M","?","M","?","R","BOSS"],"build_version":"2018-08-09","purchased_purges":2,"victory":false,"max_hp_per_floor":[72,77,77,77,77,77,77,77,77,77,77,77,77,77,77,77,77,77,77,77,77,77,77,77,77,77,77,77,77,77,77,77,77],"card_choices":[{"not_picked":["Uppercut","Anger"],"picked":"Cleave","floor":1},{"not_picked":["Wild Strike","True Grit"],"picked":"Twin Strike","floor":3},{"not_picked":["Juggernaut","Corruption"],"picked":"Iron Wave","floor":4},{"not_picked":["Entrench","Armaments"],"picked":"Sword Boomerang","floor":7},{"not_picked":["Perfected Strike","Wild Strike"],"picked":"Sword Boomerang","floor":12},{"not_picked":["Armaments","Clash"],"picked":"Cleave","floor":13},{"not_picked":["Spot Weakness","Perfected Strike"],"picked":"Cleave","floor":17},{"not_picked":["Evolve","Dual Wield"],"picked":"Shrug It Off","floor":17},{"not_picked":["Warcry","Flame Barrier"],"picked":"Cleave","floor":17},{"not_picked":["Havoc","Uppercut"],"picked":"Cleave","floor":17},{"not_picked":["Disarm+1","Carnage","Blood for Blood"],"picked":"SKIP","floor":18},{"not_picked":["Pommel Strike","Heavy Blade","Dual Wield"],"picked":"SKIP","floor":22},{"not_picked":["Power Through","Limit Break","Wild Strike"],"picked":"SKIP","floor":28},{"not_picked":["Twin Strike","Body Slam","Ghostly Armor+1"],"picked":"SKIP","floor":29},{"not_picked":["Shockwave+1","Entrench","Warcry"],"picked":"SKIP","floor":30}],"player_experience":373996,"relics_obtained":[{"floor":9,"key":"Dodecahedron"},{"floor":12,"key":"Happy Flower"},{"floor":26,"key":"Frozen Egg 2"},{"floor":31,"key":"Nilry\u0027s Codex"}],"event_choices":[{"event_name":"Big Fish","player_choice":"Donut","floor":2,"damage_taken":0},{"event_name":"Golden Idol","player_choice":"Take Damage","floor":5,"damage_taken":0},{"event_name":"Living Wall","player_choice":"Forget","floor":10,"damage_taken":0},{"event_name":"The Library","player_choice":"Read","floor":19,"damage_taken":0},{"event_name":"The Mausoleum","player_choice":"Yes","floor":20,"damage_taken":0},{"event_name":"Beggar","player_choice":"Gave Gold","floor":21,"damage_taken":0},{"event_name":"Cursed Tome","player_choice":"Obtained Book","floor":31,"damage_taken":0}],"is_beta":false,"boss_relics":[{"not_picked":["Snecko Eye","Astrolabe"],"picked":"Orrery"}],"items_purged_floors":[14,24],"is_endless":false,"potions_floor_spawned":[1,7,16,18,22],"killed_by":"Champ","ascension_level":0}