{"gold_per_floor":[116,135,185,204,216,216,242,1,1,1,34,34,34,49,49,121,121,133,58,75,75,91,91,103,103,103,103,75,75,106,116,116,116],"floor_reached":33,"playtime":937,"items_purged":[],"score":561,"play_id":"3c199957-1751-4009-b1e3-5cff4947e035","local_time":"20190611223236","is_ascension_mode":true,"campfire_choices":[{"floor":6.0,"key":"REST"},{"floor":10.0,"key":"REST"},{"data":"Defragment","floor":12.0,"key":"SMITH"},{"floor":15.0,"key":"REST"},{"floor":23,"key":"REST"},{"floor":25,"key":"REST"},{"data":"Hologram","floor":27,"key":"SMITH"},{"data":"Dualcast","floor":29,"key":"SMITH"},{"floor":32,"key":"REST"}],"neow_cost":"NONE","seed_source_timestamp":864299696573176,"circlet_count":0,"master_deck":["AscendersBane","Strike_B","Strike_B","Strike_B","Defend_B","Defend_B","Defend_B","Defend_B","Zap","Dualcast+1","Gash","Conserve Battery","Hologram+1","Loop+1","Defragment+1","Gash","Electrodynamics","Ball Lightning","RitualDagger","Gash","Tempest+1","Gash+1"],"special_seed":0,"relics":["Cracked Core","PreservedInsect","WingedGreaves","Juzu Bracelet","Meat on the Bone","Cables","Black Star","Kunai","Happy Flower","Bronze Scales"],"potions_floor_usage":[16,20,24,33],"damage_taken":[{"damage":2.0,"enemies":"Jaw Worm","floor":1.0,"turns":3.0},{"damage":6.0,"enemies":"Cultist","floor":2.0,"turns":3.0},{"damage":7.0,"enemies":"Small Slimes","floor":4.0,"turns":3.0},{"damage":31.0,"enemies":"Exordium Thugs","floor":5.0,"turns":5.0},{"damage":15.0,"enemies":"Lagavulin","floor":7.0,"turns":5.0},{"damage":32.0,"enemies":"Gremlin Nob","floor":11.0,"turns":4.0},{"damage":5.0,"enemies":"Large Slime","floor":14.0,"turns":4.0},{"damage":35,"enemies":"Slime Boss","floor":16,"turns":10},{"damage":8,"enemies":"Chosen","floor":18,"turns":4},{"damage":19,"enemies":"Spheric Guardian","floor":20,"turns":4},{"damage":36,"enemies":"Snake Plant","floor":22,"turns":4},{"damage":28,"enemies":"Centurion and Healer","floor":24,"turns":7},{"damage":32,"enemies":"Book of Stabbing","floor":30,"turns":4},{"damage":8,"enemies":"Cultist and Chosen","floor":31,"turns":4},{"damage":92,"enemies":"Automaton","floor":33,"turns":6}],"seed_played":"685233129395889618","potions_obtained":[{"floor":2.0,"key":"Energy Potion"},{"floor":5.0,"key":"SkillPotion"},{"floor":11.0,"key":"Explosive Potion"},{"floor":16,"key":"Ancient Potion"},{"floor":22,"key":"SkillPotion"},{"floor":24,"key":"Swift Potion"}],"is_trial":false,"path_per_floor":["M","M","?","M","M","R","E","$","T","R","E","R","?","M","R","B",null,"M","?","M","?","M","R","M","R","T","R","$","R","E","M","R","B"],"character_chosen":"DEFECT","items_purchased":["Defragment","Juzu Bracelet","Gash"],"campfire_rested":6,"item_purchase_floors":[8,8,28],"current_hp_per_floor":[62,56,56,49,18,39,24,24,24,45,25,25,25,32,53,30,61,53,53,46,40,16,37,21,42,42,42,42,42,22,26,47,0],"gold":116,"neow_bonus":"RANDOM_COMMON_RELIC","is_prod":false,"is_daily":false,"chose_seed":false,"campfire_upgraded":3,"win_rate":0,"timestamp":1560263556,"path_taken":["M","M","?","?","?","R","E","$","T","R","E","R","?","M","R","BOSS","M","?","M","?","M","R","M","R","T","R","$","R","E","M","R","BOSS"],"build_version":"2019-01-23","purchased_purges":0,"victory":false,"max_hp_per_floor":[71,71,71,71,71,71,71,71,71,71,71,71,71,71,71,71,71,71,71,71,71,71,71,71,71,71,71,71,71,71,71,71,71],"card_choices":[{"not_picked":["Hologram","Redo"],"picked":"Gash","floor":1.0},{"not_picked":["Hello World","Redo"],"picked":"Conserve Battery","floor":2.0},{"not_picked":["Fusion","Double Energy"],"picked":"Hologram","floor":4.0},{"not_picked":["Sweeping Beam","Rebound"],"picked":"Loop","floor":5.0},{"not_picked":["Reprogram","Heatsinks","Sweeping Beam"],"picked":"SKIP","floor":7.0},{"not_picked":["Skim","Static Discharge","Barrage"],"picked":"SKIP","floor":11.0},{"not_picked":["Conserve Battery","Redo"],"picked":"Gash","floor":14.0},{"not_picked":["Fission","Seek"],"picked":"Electrodynamics","floor":16},{"not_picked":["Go for the Eyes","Stack","Conserve Battery"],"picked":"SKIP","floor":18},{"not_picked":["Barrage","Fusion"],"picked":"Ball Lightning","floor":20},{"not_picked":["Heatsinks","Turbo+1","Tempest"],"picked":"SKIP","floor":22},{"not_picked":["Static Discharge","Barrage","Tempest"],"picked":"SKIP","floor":24},{"not_picked":["Beam Cell","Melter"],"picked":"Tempest+1","floor":30},{"not_picked":["FTL","Ball Lightning"],"picked":"Gash+1","floor":31}],"player_experience":666119,"relics_obtained":[{"floor":7.0,"key":"WingedGreaves"},{"floor":9.0,"key":"Meat on the Bone"},{"floor":11.0,"key":"Cables"},{"floor":26,"key":"Kunai"},{"floor":30,"key":"Happy Flower"},{"floor":30,"key":"Bronze Scales"}],"event_choices":[{"damage_healed":0.0,"max_hp_gain":0.0,"max_hp_loss":0.0,"gold_gain":50.0,"event_name":"Golden Shrine","player_choice":"Pray","floor":3.0,"gold_loss":0.0,"damage_taken":0.0},{"damage_healed":0.0,"max_hp_gain":0.0,"max_hp_loss":0.0,"gold_gain":0.0,"event_name":"Accursed Blacksmith","player_choice":"Forge","floor":13.0,"gold_loss":0.0,"damage_taken":0.0,"cards_upgraded":["Loop"]},{"cards_removed":["Strike_B"],"damage_healed":0,"gold_gain":0,"player_choice":"Gave Gold","damage_taken":0,"max_hp_gain":0,"max_hp_loss":0,"event_name":"Beggar","floor":19,"gold_loss":75},{"damage_healed":0,"gold_gain":0,"player_choice":"Joined the Cult","damage_taken":6,"max_hp_gain":0,"max_hp_loss":0,"event_name":"Nest","floor":21,"gold_loss":0,"cards_obtained":["RitualDagger"]}],"is_beta":false,"boss_relics":[{"not_picked":["Empty Cage","Ectoplasm"],"picked":"Black Star"}],"items_purged_floors":[],"is_endless":false,"potions_floor_spawned":[2,5,11,16,22,24,31],"killed_by":"Automaton","ascension_level":19}