{"gold_per_floor":[111,111,161,181,199,199,233,245,339,368,145,155,155,185,185,259,259,279,308,308,325,240,272,289,289,289,379,395,136,152,166,166,243,243,253,70,70,70,70,96,96,96,96,121,136,149,165,165,165,165,165],"floor_reached":52,"playtime":5186,"items_purged":["Strike_B","Defend_B","Defend_B"],"score":2005,"play_id":"7583cbde-ba13-4f9c-a6fe-15db7e57e3f4","local_time":"20190614212033","is_ascension_mode":true,"campfire_choices":[{"data":"Zap","floor":6.0,"key":"SMITH"},{"floor":8.0,"key":"REST"},{"data":"Hologram","floor":15.0,"key":"SMITH"},{"data":"Consume","floor":25,"key":"SMITH"},{"data":"Dualcast","floor":32,"key":"SMITH"},{"data":"Cold Snap","floor":41,"key":"SMITH"},{"floor":49,"key":"DIG"}],"neow_cost":"TEN_PERCENT_HP_LOSS","seed_source_timestamp":0,"circlet_count":0,"master_deck":["AscendersBane","Defend_B+1","Zap+1","Dualcast+1","Hologram+1","Steam","Chill+1","BootSequence","Compile Driver","Capacitor+1","Glacier","Electrodynamics+1","Seek+1","Seek+1","Consume+1","Loop+1","Stack+1","Coolheaded+1","Ball Lightning","Defragment+1","Cold Snap+1","Secret Weapon"],"special_seed":0,"relics":["Cracked Core","FossilizedHelix","Question Card","MawBank","Frozen Egg 2","War Paint","Emotion Chip","Astrolabe","Red Mask","Bag of Marbles","Dream Catcher","Lantern","Sozu","Centennial Puzzle","Letter Opener","Shovel","Gremlin Horn"],"potions_floor_usage":[19,19,28,40],"damage_taken":[{"damage":0.0,"enemies":"Cultist","floor":1.0,"turns":3.0},{"damage":0.0,"enemies":"Jaw Worm","floor":4.0,"turns":5.0},{"damage":0.0,"enemies":"Small Slimes","floor":5.0,"turns":4.0},{"damage":59.0,"enemies":"Gremlin Nob","floor":7.0,"turns":6.0},{"damage":0.0,"enemies":"Looter","floor":10.0,"turns":3.0},{"damage":0.0,"enemies":"2 Fungi Beasts","floor":12.0,"turns":4.0},{"damage":12.0,"enemies":"3 Sentries","floor":14.0,"turns":10.0},{"damage":3.0,"enemies":"The Guardian","floor":16.0,"turns":17.0},{"damage":0.0,"enemies":"Shell Parasite","floor":18.0,"turns":9.0},{"damage":0,"enemies":"Masked Bandits","floor":19,"turns":3},{"damage":0,"enemies":"2 Thieves","floor":21,"turns":3},{"damage":1,"enemies":"Book of Stabbing","floor":23,"turns":6},{"damage":0,"enemies":"Centurion and Healer","floor":24,"turns":4},{"damage":0,"enemies":"Snecko","floor":28,"turns":8},{"damage":0,"enemies":"Shelled Parasite and Fungi","floor":30,"turns":7},{"damage":0,"enemies":"Centurion and Healer","floor":31,"turns":5},{"damage":8,"enemies":"Automaton","floor":33,"turns":7},{"damage":0,"enemies":"3 Shapes","floor":35,"turns":3},{"damage":0,"enemies":"Reptomancer","floor":40,"turns":6},{"damage":0,"enemies":"Giant Head","floor":44,"turns":9},{"damage":0,"enemies":"3 Darklings","floor":45,"turns":2},{"damage":0,"enemies":"Sphere and 2 Shapes","floor":46,"turns":3},{"damage":0,"enemies":"Writhing Mass","floor":47,"turns":5},{"damage":0,"enemies":"Donu and Deca","floor":50,"turns":9},{"damage":25,"enemies":"Awakened One","floor":51,"turns":26}],"seed_played":"3600676268209869997","potions_obtained":[{"floor":10.0,"key":"Poison Potion"},{"floor":12.0,"key":"Regen Potion"},{"floor":14.0,"key":"Poison Potion"},{"floor":16.0,"key":"Regen Potion"},{"floor":18,"key":"FocusPotion"},{"floor":24,"key":"Poison Potion"},{"floor":31,"key":"Explosive Potion"}],"is_trial":false,"path_per_floor":["M","T","?","M","M","R","E","R","T","M","$","M","?","E","R","B",null,"M","?","?","M","?","E","M","R","T","?","M","$","M","M","R","B",null,"M","$","?","?","?","E","R","?","T","E","M","M","M","?","R","B","B",null],"character_chosen":"DEFECT","items_purchased":["War Paint","Ball Lightning","Defragment+1","Fire Potion","Cold Snap"],"campfire_rested":1,"item_purchase_floors":[11,29,29,29,36],"current_hp_per_floor":[64,64,64,64,64,64,5,24,24,24,24,24,24,27,27,24,54,54,63,63,63,63,62,62,62,62,50,50,50,50,50,50,42,59,59,59,59,59,59,59,59,59,59,59,59,59,59,59,59,59,34],"gold":165,"neow_bonus":"ONE_RARE_RELIC","is_prod":false,"is_daily":false,"chose_seed":false,"campfire_upgraded":5,"win_rate":0,"timestamp":1560561633,"path_taken":["M","?","?","?","M","R","E","R","T","?","?","M","?","E","R","BOSS","M","?","?","M","?","E","M","R","T","?","M","$","M","M","R","BOSS","M","$","?","?","?","E","R","?","T","E","?","M","M","?","R","BOSS","BOSS"],"build_version":"2019-01-23","purchased_purges":3,"victory":true,"max_hp_per_floor":[64,64,64,64,64,64,64,64,64,64,64,64,64,64,64,64,64,64,64,64,64,64,64,64,64,64,64,64,64,64,64,64,64,64,64,64,61,61,61,61,61,61,61,61,61,61,61,61,61,61,61],"card_choices":[{"not_picked":["Compile Driver","Barrage"],"picked":"Hologram","floor":1.0},{"not_picked":["Undo","Self Repair","Rebound"],"picked":"Steam","floor":4.0},{"not_picked":["Double Energy","Steam Power","Beam Cell"],"picked":"Chill","floor":5.0},{"not_picked":["White Noise","Coolheaded","Gash"],"picked":"BootSequence","floor":7.0},{"not_picked":["Scrape","Turbo","Double Energy"],"picked":"Compile Driver","floor":10.0},{"not_picked":["White Noise","Coolheaded","Beam Cell"],"picked":"Capacitor+1","floor":12.0},{"not_picked":["Conserve Battery","Creative AI+1","Meteor Strike"],"picked":"Glacier","floor":14.0},{"not_picked":["Machine Learning+1","Rainbow","Seek"],"picked":"Electrodynamics+1","floor":16.0},{"not_picked":["Compile Driver","Sweeping Beam","Gash"],"picked":"Consume","floor":18},{"not_picked":["Streamline+1","Sunder","Seek","White Noise"],"picked":"SKIP","floor":21},{"not_picked":["Capacitor+1","Barrage","Leap"],"picked":"Stack+1","floor":23},{"not_picked":["Undo","Hello World+1","Beam Cell"],"picked":"Coolheaded+1","floor":24},{"not_picked":["Turbo","BootSequence","Double Energy","Rebound"],"picked":"SKIP","floor":28},{"not_picked":["Rebound","Blizzard","Rip and Tear","Heatsinks+1"],"picked":"SKIP","floor":30},{"not_picked":["Chaos","Ball Lightning","Sweeping Beam","Stack"],"picked":"SKIP","floor":31},{"not_picked":["Sweeping Beam","Doom and Gloom","Gash","Scrape"],"picked":"SKIP","floor":35},{"not_picked":["Double Energy+1","Stack","Steam","Rebound"],"picked":"SKIP","floor":40},{"not_picked":["Scrape","Stack","Reboot","Leap"],"picked":"SKIP","floor":44},{"not_picked":["Coolheaded","Sweeping Beam","Cold Snap","Go for the Eyes"],"picked":"SKIP","floor":45},{"not_picked":["Tempest","Sunder","Hologram","Heatsinks+1"],"picked":"SKIP","floor":46},{"not_picked":["Tempest","Sunder","Hologram","Heatsinks+1"],"picked":"SKIP","floor":46},{"not_picked":["Recycle","Turbo","Conserve Battery","Rebound"],"picked":"SKIP","floor":47},{"not_picked":["Deep Breath","Mayhem+1","Trip"],"picked":"Secret Weapon","floor":48}],"player_experience":846292,"relics_obtained":[{"floor":2.0,"key":"Question Card"},{"floor":7.0,"key":"MawBank"},{"floor":9.0,"key":"Frozen Egg 2"},{"floor":14.0,"key":"Emotion Chip"},{"floor":19,"key":"Red Mask"},{"floor":23,"key":"Dream Catcher"},{"floor":26,"key":"Lantern"},{"floor":40,"key":"Centennial Puzzle"},{"floor":43,"key":"Letter Opener"},{"floor":44,"key":"Shovel"},{"floor":49,"key":"Gremlin Horn"}],"event_choices":[{"damage_healed":0.0,"max_hp_gain":0.0,"max_hp_loss":0.0,"gold_gain":50.0,"event_name":"Golden Shrine","player_choice":"Pray","floor":3.0,"gold_loss":0.0,"damage_taken":0.0},{"damage_healed":0.0,"max_hp_gain":0.0,"max_hp_loss":0.0,"gold_gain":0.0,"event_name":"Scrap Ooze","player_choice":"Fled","floor":13.0,"gold_loss":0.0,"damage_taken":0.0},{"damage_healed":0,"gold_gain":0,"player_choice":"Fought Bandits","damage_taken":0,"max_hp_gain":0,"max_hp_loss":0,"event_name":"Masked Bandits","floor":19,"gold_loss":0},{"damage_healed":0,"gold_gain":0,"player_choice":"Read","damage_taken":0,"max_hp_gain":0,"max_hp_loss":0,"event_name":"The Library","floor":20,"gold_loss":0,"cards_obtained":["Loop"]},{"damage_healed":0,"gold_gain":0,"player_choice":"Obtained Relic","damage_taken":0,"relics_obtained":["Bag of Marbles"],"max_hp_gain":0,"max_hp_loss":0,"event_name":"Addict","floor":22,"gold_loss":85},{"damage_healed":0,"gold_gain":90,"player_choice":"GOLD ","damage_taken":12,"max_hp_gain":0,"max_hp_loss":0,"event_name":"Knowing Skull","floor":27,"potions_obtained":[],"gold_loss":0,"cards_obtained":[]},{"damage_healed":0,"gold_gain":0,"player_choice":"Max HP","damage_taken":0,"max_hp_gain":0,"max_hp_loss":3,"event_name":"Winding Halls","floor":37,"gold_loss":0},{"damage_healed":0,"gold_gain":0,"player_choice":"Ignored","damage_taken":0,"max_hp_gain":0,"max_hp_loss":0,"event_name":"Mysterious Sphere","floor":38,"gold_loss":0},{"cards_removed":["Beam Cell"],"damage_healed":0,"gold_gain":0,"player_choice":"Removed Attack","damage_taken":0,"max_hp_gain":0,"max_hp_loss":0,"event_name":"Falling","floor":39,"gold_loss":0},{"cards_removed":["Defend_B"],"damage_healed":0,"gold_gain":0,"player_choice":"Purged","damage_taken":0,"max_hp_gain":0,"max_hp_loss":0,"event_name":"Purifier","floor":42,"gold_loss":0},{"damage_healed":0,"gold_gain":0,"player_choice":"Memory 1","damage_taken":0,"max_hp_gain":0,"max_hp_loss":0,"event_name":"SensoryStone","floor":48,"gold_loss":0}],"is_beta":false,"boss_relics":[{"not_picked":["Runic Pyramid","Philosopher\u0027s Stone"],"picked":"Astrolabe"},{"not_picked":["Nuclear Battery","White Beast Statue"],"picked":"Sozu"}],"items_purged_floors":[11,29,36],"is_endless":false,"potions_floor_spawned":[10,12,14,16,18,24,31,33,40,45,47],"ascension_level":20}