{"gold_per_floor":[109,109,120,22,32,32,66,19,19,44,9,9,24,43,43,138,138,156,169,69,69,69,69,83,83,83,83,89,141,141],"floor_reached":30,"playtime":2434,"items_purged":["Strike_B","Regret","Decay"],"score":307,"play_id":"d5dffc8d-8682-4ae1-93f9-92a98ee57c0d","local_time":"20190517145444","is_ascension_mode":true,"campfire_choices":[{"data":"Hello World","floor":6,"key":"SMITH"},{"data":"Scrape","floor":12,"key":"SMITH"},{"data":"Leap","floor":15,"key":"SMITH"},{"data":"Turbo","floor":23,"key":"SMITH"},{"data":"Sweeping Beam","floor":25,"key":"SMITH"},{"floor":27,"key":"RECALL"}],"neow_cost":"NONE","seed_source_timestamp":0,"circlet_count":0,"master_deck":["Strike_B","Strike_B","Defend_B","Defend_B","Defend_B","Defend_B","Zap","Dualcast","Hello World+1","Gash","Sweeping Beam+1","Scrape+1","Gash","Leap+1","Streamline","Chill","Lockon","All For One","Clumsy","Turbo+1","Turbo+1","Necronomicurse","Magnetism","Blind"],"special_seed":0,"relics":["Cracked Core","NeowsBlessing","Emotion Chip","FossilizedHelix","DataDisk","Calling Bell","Vajra","Gremlin Horn","Ginger","Necronomicon","Potion Belt","Bottled Tornado","Frozen Eye","Centennial Puzzle","Dream Catcher"],"potions_floor_usage":[14,16,19,24],"damage_taken":[{"damage":0.0,"enemies":"Cultist","floor":1.0,"turns":1.0},{"damage":0.0,"enemies":"Jaw Worm","floor":3.0,"turns":1.0},{"damage":0,"enemies":"2 Louse","floor":5,"turns":1},{"damage":45,"enemies":"Lagavulin","floor":7,"turns":6},{"damage":13,"enemies":"Gremlin Nob","floor":10,"turns":5},{"damage":8,"enemies":"Exordium Wildlife","floor":13,"turns":3},{"damage":0,"enemies":"Blue Slaver","floor":14,"turns":3},{"damage":1,"enemies":"Hexaghost","floor":16,"turns":9},{"damage":15,"enemies":"3 Byrds","floor":18,"turns":3},{"damage":3,"enemies":"Spheric Guardian","floor":19,"turns":4},{"damage":0,"enemies":"Snecko","floor":24,"turns":4},{"damage":28,"enemies":"Book of Stabbing","floor":30,"turns":2}],"seed_played":"-2554683168288140983","potions_obtained":[{"floor":1.0,"key":"SpeedPotion"},{"floor":5,"key":"Ancient Potion"},{"floor":10,"key":"FocusPotion"},{"floor":16,"key":"EssenceOfSteel"},{"floor":18,"key":"Block Potion"},{"floor":24,"key":"Ancient Potion"}],"is_trial":false,"path_per_floor":["M","?","M","$","M","R","E","$","T","E","?","R","M","M","R","B",null,"M","M","$","?","?","R","M","R","T","R","$","T","E"],"character_chosen":"DEFECT","items_purchased":["Sweeping Beam","Leap","Magnetism","Bottled Tornado","Frozen Eye","Centennial Puzzle","Blind","EssenceOfSteel","Fire Potion","Explosive Potion"],"campfire_rested":0,"item_purchase_floors":[4,8,28,28,28,28,28,28,28,28],"current_hp_per_floor":[68,68,68,68,68,68,23,23,23,10,28,28,20,20,20,19,61,46,43,43,27,27,27,27,27,27,27,27,27,20],"gold":141,"neow_bonus":"THREE_ENEMY_KILL","is_prod":false,"is_daily":false,"chose_seed":false,"campfire_upgraded":5,"win_rate":0,"timestamp":1558097684,"path_taken":["M","?","M","?","M","R","E","$","T","E","?","R","M","M","R","BOSS","M","M","$","?","?","R","M","R","T","R","$","?","E"],"build_version":"2019-01-23","purchased_purges":3,"victory":false,"max_hp_per_floor":[75,75,75,75,75,75,75,75,75,75,75,75,75,75,75,75,75,75,75,75,75,75,75,75,75,75,75,75,75,75],"card_choices":[{"not_picked":["Streamline","Cold Snap"],"picked":"Hello World","floor":1.0},{"not_picked":["Redo","Coolheaded"],"picked":"Gash","floor":3.0},{"not_picked":["Recycle","Capacitor"],"picked":"Scrape","floor":5},{"not_picked":["Steam","Redo"],"picked":"Gash","floor":7},{"not_picked":["Steam","Buffer"],"picked":"Streamline","floor":10},{"not_picked":["Stack","Steam"],"picked":"Chill","floor":13},{"not_picked":["Ball Lightning","Capacitor"],"picked":"Lockon","floor":14},{"not_picked":["Thunder Strike","Electrodynamics"],"picked":"All For One","floor":16},{"not_picked":["Hologram","Fusion+1"],"picked":"Turbo","floor":18},{"not_picked":["Steam","Barrage"],"picked":"Turbo+1","floor":19},{"not_picked":["Turbo+1","Steam","Force Field"],"picked":"SKIP","floor":24}],"player_experience":131224,"relics_obtained":[{"floor":7,"key":"Emotion Chip"},{"floor":9,"key":"FossilizedHelix"},{"floor":10,"key":"DataDisk"},{"floor":17,"key":"Vajra"},{"floor":17,"key":"Gremlin Horn"},{"floor":17,"key":"Ginger"},{"floor":21,"key":"Necronomicon"},{"floor":29,"key":"Dream Catcher"}],"event_choices":[{"cards_removed":["Strike_B"],"damage_healed":0.0,"max_hp_gain":0.0,"max_hp_loss":0.0,"gold_gain":0.0,"event_name":"Bonfire Elementals","player_choice":"Offered Basic","floor":2.0,"gold_loss":0.0,"damage_taken":0.0},{"damage_healed":18,"gold_gain":0,"player_choice":"Healed","damage_taken":0,"max_hp_gain":0,"max_hp_loss":0,"event_name":"The Cleric","floor":11,"gold_loss":35},{"damage_healed":0,"gold_gain":0,"player_choice":"Obtained Book","damage_taken":16,"max_hp_gain":0,"max_hp_loss":0,"event_name":"Cursed Tome","floor":21,"gold_loss":0},{"damage_healed":0,"gold_gain":0,"player_choice":"Opened","damage_taken":0,"relics_obtained":["Potion Belt"],"max_hp_gain":0,"max_hp_loss":0,"event_name":"The Mausoleum","floor":22,"gold_loss":0}],"is_beta":false,"boss_relics":[{"not_picked":["Fusion Hammer","Runic Pyramid"],"picked":"Calling Bell"}],"items_purged_floors":[4,20,28],"is_endless":false,"potions_floor_spawned":[1,5,10,16,18,24],"killed_by":"Book of Stabbing","ascension_level":6}