{"gold_per_floor":[117,137,148,8176,8151,8151,8176,8191,8191,8191,8203,8228,8243,7391,7391,7488,7488,7506,7506,6327,6252,6262,6287,6287,5311,5311,5338,5367,5479,5377,5418,5430,5562,5574,5605,5632,0,67,91,130,4458,4458,4484,4519,4519,4519,4552,4562,4562,4562,4562,4562,3633,3664,3664],"floor_reached":56,"playtime":13141,"items_purged":["Defend_R","Defend_R","Strike_R","Strike_R","Strike_R","Defend_R"],"score":1555,"play_id":"a0983d7b-b135-4dfc-9c4e-0779d5af700b","local_time":"20190613015620","is_ascension_mode":true,"campfire_choices":[{"data":"Bash","floor":6.0,"key":"SMITH"},{"data":"Inflame","floor":10.0,"key":"SMITH"},{"data":"Secret Weapon","floor":15.0,"key":"SMITH"},{"data":"Inflame","floor":24.0,"key":"SMITH"},{"data":"1","floor":32.0,"key":"LIFT"},{"data":"2","floor":42,"key":"LIFT"},{"floor":46,"key":"RECALL"},{"data":"3","floor":49,"key":"LIFT"},{"data":"Anger","floor":52,"key":"SMITH"}],"neow_cost":"NONE","seed_source_timestamp":188289482184300,"circlet_count":0,"master_deck":["Strike_R+1","Strike_R+1","Defend_R+1","Bash+1","Anger+1","Anger","Inflame+1","Inflame+1","Clash+1","Anger+1","Uppercut+1","Evolve+1","Heavy Blade+1","Whirlwind+1","Secret Weapon+1","Feed+1","Doubt","Clumsy","Corruption+1","Feel No Pain+1","True Grit+1","Secret Weapon+1","Armaments+1","Immolate+1","Apotheosis+1","Sever Soul+1","Clash+1","Feed+1","Inflame+1","Inflame+1","Headbutt+1","Limit Break+1","Limit Break+1","Master of Strategy+1","Limit Break+1","Inflame+1","Magnetism+1","Feel No Pain+1"],"special_seed":0,"relics":["Burning Blood","Molten Egg 2","MealTicket","Whetstone","Anchor","Paper Frog","Frozen Egg 2","Toolbox","Bronze Scales","Happy Flower","Calling Bell","Dream Catcher","Toxic Egg 2","Calipers","Enchiridion","Nunchaku","Centennial Puzzle","OrangePellets","Gremlin Horn","Cauldron","Juzu Bracelet","Pocketwatch","MawBank","Girya","Question Card","PreservedInsect","Strawberry","Philosopher\u0027s Stone","Red Mask","Gambling Chip","Torii","Dodecahedron","Turnip","DollysMirror","Blood Vial","Sundial","Letter Opener","War Paint","Mango","Shuriken"],"potions_floor_usage":[50,55,55],"damage_taken":[{"damage":6.0,"enemies":"Cultist","floor":1.0,"turns":3.0},{"damage":8.0,"enemies":"Jaw Worm","floor":2.0,"turns":4.0},{"damage":3.0,"enemies":"Small Slimes","floor":3.0,"turns":3.0},{"damage":36.0,"enemies":"Lagavulin","floor":7.0,"turns":4.0},{"damage":0.0,"enemies":"Looter","floor":8.0,"turns":2.0},{"damage":0.0,"enemies":"Large Slime","floor":11.0,"turns":3.0},{"damage":4.0,"enemies":"3 Sentries","floor":12.0,"turns":4.0},{"damage":0.0,"enemies":"2 Fungi Beasts","floor":13.0,"turns":2.0},{"damage":0.0,"enemies":"Slime Boss","floor":16.0,"turns":3.0},{"damage":0.0,"enemies":"3 Byrds","floor":18.0,"turns":2.0},{"damage":0.0,"enemies":"Spheric Guardian","floor":22.0,"turns":2.0},{"damage":17.0,"enemies":"Gremlin Leader","floor":23.0,"turns":5.0},{"damage":37.0,"enemies":"Slavers","floor":27.0,"turns":3.0},{"damage":0.0,"enemies":"Snake Plant","floor":28.0,"turns":2.0},{"damage":22.0,"enemies":"Colosseum Slavers","floor":29.0,"turns":4.0},{"damage":7.0,"enemies":"Colosseum Nobs","floor":29.0,"turns":4.0},{"damage":14.0,"enemies":"Gremlin Leader","floor":31.0,"turns":5.0},{"damage":34.0,"enemies":"Automaton","floor":33.0,"turns":6.0},{"damage":0.0,"enemies":"3 Shapes","floor":35.0,"turns":1.0},{"damage":0.0,"enemies":"Orb Walker","floor":36.0,"turns":1.0},{"damage":29.0,"enemies":"2 Orb Walkers","floor":38.0,"turns":3.0},{"damage":0.0,"enemies":"Maw","floor":39.0,"turns":5.0},{"damage":48,"enemies":"Nemesis","floor":40,"turns":5},{"damage":10,"enemies":"Giant Head","floor":44,"turns":4},{"damage":0,"enemies":"Reptomancer","floor":47,"turns":2},{"damage":17,"enemies":"Spire Growth","floor":48,"turns":3},{"damage":27,"enemies":"Time Eater","floor":50,"turns":3},{"damage":56,"enemies":"Shield and Spear","floor":54,"turns":3},{"damage":51,"enemies":"The Heart","floor":55,"turns":7}],"seed_played":"3503554124264561619","potions_obtained":[{"floor":1.0,"key":"EssenceOfSteel"},{"floor":2.0,"key":"Explosive Potion"},{"floor":7.0,"key":"SteroidPotion"},{"floor":29.0,"key":"Dexterity Potion"},{"floor":40,"key":"SmokeBomb"},{"floor":47,"key":"GamblersBrew"},{"floor":54,"key":"Strength Potion"}],"is_trial":false,"path_per_floor":["M","M","M","$","?","R","E","M","T","R","M","E","M","$","R","B",null,"M","?","$","?","M","E","R","$","T","E","M","?","?","E","R","B",null,"M","M","?","?","M","E","$","R","T","E","?","R","E","M","R","B",null,"R","$","E","B",null],"character_chosen":"IRONCLAD","items_purchased":["Molten Egg 2","MealTicket","Whetstone","Inflame","Toolbox","Bronze Scales","Happy Flower","Whirlwind+1","Secret Weapon","Nunchaku","Centennial Puzzle","OrangePellets","Feel No Pain+1","True Grit+1","Secret Weapon+1","Swift Potion","SteroidPotion","Apotheosis+1","Cauldron","Juzu Bracelet","Pocketwatch","Dodecahedron","Turnip","DollysMirror","Master of Strategy+1","War Paint","Mango","Inflame+1","Magnetism+1","AttackPotion"],"campfire_rested":0,"item_purchase_floors":[4,4,4,4,14,14,14,14,14,20,20,20,20,20,20,20,20,25,25,25,25,41,41,41,41,53,53,53,53,53],"current_hp_per_floor":[88,86,88,88,88,88,58,64,64,64,70,72,78,88,88,88,88,88,72,87,87,88,77,77,88,88,57,63,50,50,49,49,21,99,103,103,103,84,94,52,67,67,67,69,69,69,81,76,76,57,117,117,131,81,38],"gold":3664,"neow_bonus":"TEN_PERCENT_HP_BONUS","is_prod":false,"is_daily":false,"chose_seed":false,"campfire_upgraded":5,"win_rate":0,"timestamp":1560383780,"path_taken":["M","M","?","?","?","R","E","M","T","R","M","E","M","$","R","BOSS","M","?","$","?","M","E","R","$","T","E","M","?","?","E","R","BOSS","M","M","?","?","M","E","$","R","T","E","?","R","E","M","R","BOSS","R","$","E","BOSS"],"build_version":"2019-01-23","purchased_purges":6,"victory":true,"max_hp_per_floor":[88,88,88,88,88,88,88,88,88,88,88,88,88,88,88,88,88,88,88,88,88,88,88,88,88,88,88,88,92,92,99,99,99,99,103,103,103,107,111,111,111,111,111,115,109,109,113,117,117,117,117,117,131,131,131],"card_choices":[{"not_picked":["Seeing Red","Thunderclap"],"picked":"Anger","floor":1.0},{"not_picked":["Blood for Blood","Sword Boomerang"],"picked":"Anger","floor":2.0},{"not_picked":["Havoc","Rupture"],"picked":"Inflame","floor":3.0},{"not_picked":["True Grit","Sword Boomerang+1"],"picked":"Clash+1","floor":7.0},{"not_picked":["Shrug It Off","Clothesline+1"],"picked":"Anger+1","floor":8.0},{"not_picked":["Anger+1","Impervious"],"picked":"Uppercut+1","floor":11.0},{"not_picked":["Shockwave","Iron Wave+1"],"picked":"Evolve","floor":12.0},{"not_picked":["Flex","Perfected Strike+1"],"picked":"Heavy Blade+1","floor":13.0},{"not_picked":["Dark Embrace+1","Immolate+1"],"picked":"Feed+1","floor":16.0},{"not_picked":["Clothesline+1","Iron Wave+1"],"picked":"Corruption+1","floor":18.0},{"not_picked":["Feel No Pain+1","Havoc+1"],"picked":"Armaments+1","floor":22.0},{"not_picked":["Body Slam+1","Entrench+1"],"picked":"Immolate+1","floor":23.0},{"not_picked":["Entrench+1","Carnage+1"],"picked":"Sever Soul+1","floor":27.0},{"not_picked":["Ghostly Armor+1","Blood for Blood+1"],"picked":"Clash+1","floor":28.0},{"not_picked":["Flame Barrier+1","Warcry+1","Bludgeon+1","Anger+1"],"picked":"SKIP","floor":31.0},{"not_picked":["Dark Embrace+1","Double Tap+1","Offering+1"],"picked":"Feed+1","floor":33.0},{"not_picked":["Iron Wave+1","Blood for Blood+1","Body Slam+1"],"picked":"Inflame+1","floor":35.0},{"not_picked":["Pummel+1","Shrug It Off+1","Power Through+1"],"picked":"Inflame+1","floor":36.0},{"not_picked":["Sentinel+1","Bloodletting+1","Cleave+1"],"picked":"Headbutt+1","floor":39.0},{"not_picked":["Wild Strike+1","Seeing Red+1","Sword Boomerang+1"],"picked":"Limit Break+1","floor":40},{"not_picked":["Wild Strike+1","Anger+1","Armaments+1","Cleave+1"],"picked":"SKIP","floor":44},{"not_picked":["Dual Wield+1","Headbutt+1","Shockwave+1"],"picked":"Limit Break+1","floor":47},{"not_picked":["Heavy Blade+1","Iron Wave+1","Body Slam+1","Second Wind+1"],"picked":"SKIP","floor":48},{"not_picked":["Clash+1","Second Wind+1","Combust+1"],"picked":"Feel No Pain+1","floor":54}],"player_experience":179325,"relics_obtained":[{"floor":7.0,"key":"Anchor"},{"floor":9.0,"key":"Paper Frog"},{"floor":12.0,"key":"Frozen Egg 2"},{"floor":17.0,"key":"Dream Catcher"},{"floor":17.0,"key":"Toxic Egg 2"},{"floor":17.0,"key":"Calipers"},{"floor":19.0,"key":"Enchiridion"},{"floor":23.0,"key":"Gremlin Horn"},{"floor":27.0,"key":"MawBank"},{"floor":29.0,"key":"Girya"},{"floor":29.0,"key":"Question Card"},{"floor":31.0,"key":"Strawberry"},{"floor":38.0,"key":"Gambling Chip"},{"floor":40,"key":"Torii"},{"floor":43,"key":"Blood Vial"},{"floor":44,"key":"Sundial"},{"floor":47,"key":"Letter Opener"},{"floor":54,"key":"Shuriken"}],"event_choices":[{"damage_healed":0.0,"max_hp_gain":0.0,"max_hp_loss":0.0,"gold_gain":0.0,"event_name":"World of Goop","player_choice":"Left Gold","floor":5.0,"gold_loss":25.0,"damage_taken":0.0},{"damage_healed":0.0,"max_hp_gain":0.0,"max_hp_loss":0.0,"gold_gain":0.0,"event_name":"Cursed Tome","player_choice":"Obtained Book","floor":19.0,"gold_loss":0.0,"damage_taken":16.0},{"cards_removed":["Doubt"],"damage_healed":0.0,"max_hp_gain":0.0,"max_hp_loss":0.0,"gold_gain":0.0,"event_name":"Beggar","player_choice":"Gave Gold","floor":21.0,"gold_loss":75.0,"damage_taken":0.0},{"damage_healed":0.0,"max_hp_gain":0.0,"max_hp_loss":0.0,"gold_gain":0.0,"event_name":"Colosseum","player_choice":"Fight","floor":29.0,"gold_loss":0.0,"damage_taken":0.0},{"damage_healed":0.0,"max_hp_gain":0.0,"max_hp_loss":0.0,"gold_gain":0.0,"event_name":"Colosseum","player_choice":"Fought Nobs","floor":29.0,"gold_loss":0.0,"damage_taken":0.0},{"damage_healed":0.0,"max_hp_gain":0.0,"max_hp_loss":0.0,"gold_gain":0.0,"event_name":"WeMeetAgain","player_choice":"Paid Gold","floor":30.0,"gold_loss":114.0,"damage_taken":0.0,"relics_obtained":["PreservedInsect"]},{"damage_healed":0.0,"max_hp_gain":0.0,"max_hp_loss":0.0,"gold_gain":0.0,"event_name":"Tomb of Lord Red Mask","player_choice":"Paid","floor":37.0,"gold_loss":5644.0,"damage_taken":0.0,"relics_obtained":["Red Mask"]},{"damage_healed":0.0,"max_hp_gain":0.0,"max_hp_loss":0.0,"gold_gain":0.0,"event_name":"Mysterious Sphere","player_choice":"Fight","floor":38.0,"gold_loss":0.0,"damage_taken":0.0},{"damage_healed":0,"gold_gain":0,"player_choice":"Max HP","damage_taken":0,"max_hp_gain":0,"max_hp_loss":6,"event_name":"Winding Halls","floor":45,"gold_loss":0}],"is_beta":false,"boss_relics":[{"not_picked":["Orrery","Astrolabe"],"picked":"Calling Bell"},{"not_picked":["Cursed Key","Runic Dome"],"picked":"Philosopher\u0027s Stone"}],"items_purged_floors":[4,14,20,25,41,53],"is_endless":false,"potions_floor_spawned":[1,2,7,8,11,23,29,31,40,44,47,54],"ascension_level":1}