{"gold_per_floor":[109,109,129,54,74,101,101,115,115,15,15,15,15,34,34,106,106,95,95,95,106,106],"floor_reached":22,"playtime":740,"items_purged":["Strike_R","Strike_R"],"score":331,"play_id":"de2ae76c-af77-43a4-a2f9-a622b3f732b1","local_time":"20190102115258","is_ascension_mode":true,"campfire_choices":[{"data":"Berserk","floor":7,"key":"SMITH"},{"data":"Twin Strike","floor":12,"key":"SMITH"},{"floor":15,"key":"REST"}],"neow_cost":"NONE","seed_source_timestamp":254897547730490,"circlet_count":0,"master_deck":["AscendersBane","Strike_R","Strike_R","Defend_R","Defend_R","Defend_R","Defend_R","Bash+1","Twin Strike","Twin Strike+1","Clothesline","Berserk+1","Rampage","Warcry+1","Cleave"],"relics":["Burning Blood","Regal Pillow","Ancient Tea Set","Frozen Egg 2","Sozu"],"potions_floor_usage":[3,6],"damage_taken":[{"damage":3,"enemies":"Jaw Worm","floor":1,"turns":4},{"damage":6,"enemies":"Cultist","floor":3,"turns":3},{"damage":11,"enemies":"Small Slimes","floor":5,"turns":3},{"damage":30,"enemies":"Lagavulin","floor":6,"turns":5},{"damage":9,"enemies":"2 Fungi Beasts","floor":8,"turns":4},{"damage":4,"enemies":"3 Louse","floor":14,"turns":3},{"damage":54,"enemies":"Hexaghost","floor":16,"turns":9},{"damage":20,"enemies":"2 Thieves","floor":18,"turns":4},{"damage":24,"enemies":"3 Byrds","floor":21,"turns":5},{"damage":13,"enemies":"3 Cultists","floor":22,"turns":2}],"seed_played":"9096726014295172826","potions_obtained":[{"floor":2,"key":"AttackPotion"},{"floor":2,"key":"Fruit Juice"},{"floor":6,"key":"SpeedPotion"},{"floor":14,"key":"FearPotion"}],"is_trial":false,"path_per_floor":["M","?","M","$","M","E","R","M","T","$","?","R","?","M","R","B",null,"M","?","?","M","M"],"character_chosen":"IRONCLAD","items_purchased":[],"campfire_rested":1,"item_purchase_floors":[],"current_hp_per_floor":[71,71,76,76,71,47,47,44,44,44,37,37,32,34,73,25,66,52,52,29,11,0],"gold":106,"neow_bonus":"UPGRADE_CARD","is_prod":false,"is_daily":false,"chose_seed":false,"campfire_upgraded":2,"win_rate":0,"timestamp":1546401178,"path_taken":["M","?","M","?","M","E","R","M","T","$","?","R","?","M","R","BOSS","M","?","?","?","M"],"build_version":"2018-12-20","purchased_purges":2,"victory":false,"max_hp_per_floor":[75,75,80,80,80,80,80,80,80,80,80,80,80,80,80,80,80,80,80,85,85,85],"card_choices":[{"not_picked":["Iron Wave","Perfected Strike"],"picked":"Twin Strike","floor":1},{"not_picked":["Headbutt","Clothesline"],"picked":"Twin Strike","floor":3},{"not_picked":["Wild Strike","Battle Trance"],"picked":"Clothesline","floor":5},{"not_picked":["Clothesline","Burning Pact"],"picked":"Berserk","floor":6},{"not_picked":["Clash","Clothesline","Wild Strike"],"picked":"SKIP","floor":8},{"not_picked":["Flex","Clash"],"picked":"Rampage","floor":14},{"not_picked":["Uppercut","Clothesline"],"picked":"Warcry+1","floor":18},{"not_picked":["Iron Wave","Havoc"],"picked":"Cleave","floor":21}],"player_experience":643337,"relics_obtained":[{"floor":6,"key":"Regal Pillow"},{"floor":9,"key":"Ancient Tea Set"}],"event_choices":[{"damage_healed":0,"gold_gain":0,"player_choice":"Got Potions","damage_taken":0,"max_hp_gain":0,"max_hp_loss":0,"event_name":"Lab","floor":2,"gold_loss":0},{"cards_removed":["Strike_R"],"damage_healed":0,"gold_gain":0,"player_choice":"Card Removal","damage_taken":7,"max_hp_gain":0,"max_hp_loss":0,"event_name":"Golden Wing","floor":11,"gold_loss":0},{"damage_healed":0,"gold_gain":0,"player_choice":"Success","damage_taken":5,"relics_obtained":["Frozen Egg 2"],"max_hp_gain":0,"max_hp_loss":0,"event_name":"Scrap Ooze","floor":13,"gold_loss":0},{"damage_healed":0,"gold_gain":0,"player_choice":"Ignored","damage_taken":0,"max_hp_gain":0,"max_hp_loss":0,"event_name":"The Mausoleum","floor":19,"gold_loss":0},{"damage_healed":0,"gold_gain":0,"player_choice":"Shed Blood","damage_taken":28,"max_hp_gain":5,"max_hp_loss":0,"event_name":"Forgotten Altar","floor":20,"gold_loss":0}],"is_beta":false,"boss_relics":[{"not_picked":["Busted Crown","Mark of Pain"],"picked":"Sozu"}],"items_purged_floors":[4,10],"is_endless":false,"potions_floor_spawned":[6,14],"killed_by":"3 Cultists","ascension_level":16}