{"gold_per_floor":[115,115,130,130,146,146,180,180,203,215,5900,5900,5912,5924,5924,6023,6023,6043,6054,6054,6054,6065,6065,6094,6094,6094,6094,6129,6129,6139,5194,5194,5295,5295,5315,4774,4774,4790,4809,4809,4839,4839,4839,4839,4749,4762,4236,4236,4236,4236],"floor_reached":51,"playtime":4648,"items_purged":["Strike_B","Defend_B","Normality","Shame"],"score":1102,"play_id":"41f8a560-aca7-4820-9fce-7de260b2c31e","local_time":"20190508140545","is_ascension_mode":true,"campfire_choices":[{"data":"Doom and Gloom","floor":6,"key":"SMITH"},{"data":"Chaos","floor":8,"key":"SMITH"},{"data":"Stack","floor":12,"key":"SMITH"},{"data":"White Noise","floor":15,"key":"SMITH"},{"data":"Ghostly","floor":23,"key":"SMITH"},{"data":"Discovery","floor":25,"key":"SMITH"},{"floor":27,"key":"RECALL"},{"data":"White Noise","floor":29,"key":"SMITH"},{"data":"Defragment","floor":32,"key":"SMITH"},{"data":"Metamorphosis","floor":40,"key":"SMITH"},{"data":"White Noise","floor":42,"key":"SMITH"},{"floor":44,"key":"REST"},{"floor":49,"key":"REST"}],"neow_cost":"CURSE","seed_source_timestamp":279200930450500,"circlet_count":0,"master_deck":["Defend_B+1","Defend_B+1","Zap+1","Dualcast+1","Doom and Gloom+1","FTL+1","Stack+1","Chaos+1","White Noise+1","Reboot+1","White Noise+1","Discovery+1","Heatsinks+1","Go for the Eyes+1","Reinforced Body+1","Meteor Strike+1","Go for the Eyes+1","Seek+1","Gash+1","Redo+1","Conserve Battery+1","Ghostly+1","Ghostly+1","Ghostly+1","Ghostly+1","Ghostly+1","Bite+1","Bite+1","Bite+1","Bite+1","Bite+1","Steam+1","Lockon+1","Hello World+1","Defragment+1","Turbo+1","Go for the Eyes+1","Thinking Ahead+1","Good Instincts+1","Echo Form+1","Go for the Eyes+1","Gash+1","Good Instincts+1","Metamorphosis+1","Defragment+1","Defragment+1","White Noise+1","Gash+1","Hello World+1","Enlightenment+1","FTL+1","Steam Power+1"],"relics":["Cracked Core","Unceasing Top","Lantern","Mummified Hand","Strawberry","Runic Capacitor","Mango","Emotion Chip","Astrolabe","Dream Catcher","Matryoshka","Regal Pillow","Anchor","Membership Card","DataDisk","Calling Bell","Happy Flower","Shuriken","Prayer Wheel","Toy Ornithopter","Ginger","Centennial Puzzle","Turnip","Vajra","Calipers","Bottled Flame","Medical Kit","Mark of the Bloom"],"potions_floor_usage":[30,33,33,33,33,38],"damage_taken":[{"damage":6,"enemies":"Jaw Worm","floor":1,"turns":4},{"damage":0,"enemies":"2 Louse","floor":3,"turns":1},{"damage":1,"enemies":"Cultist","floor":5,"turns":3},{"damage":28,"enemies":"3 Sentries","floor":7,"turns":5},{"damage":5,"enemies":"Looter","floor":10,"turns":3},{"damage":11,"enemies":"Lots of Slimes","floor":13,"turns":3},{"damage":0,"enemies":"Red Slaver","floor":14,"turns":2},{"damage":30,"enemies":"Hexaghost","floor":16,"turns":5},{"damage":2,"enemies":"Chosen","floor":18,"turns":3},{"damage":5,"enemies":"Shell Parasite","floor":19,"turns":4},{"damage":11,"enemies":"Snecko","floor":22,"turns":4},{"damage":49,"enemies":"Slavers","floor":24,"turns":5},{"damage":3,"enemies":"Gremlin Leader","floor":28,"turns":4},{"damage":1,"enemies":"Centurion and Healer","floor":30,"turns":5},{"damage":0,"enemies":"Champ","floor":33,"turns":7},{"damage":11,"enemies":"3 Darklings","floor":35,"turns":6},{"damage":13,"enemies":"3 Shapes","floor":38,"turns":4},{"damage":4,"enemies":"Jaw Worm Horde","floor":39,"turns":4},{"damage":30,"enemies":"Giant Head","floor":41,"turns":7},{"damage":0,"enemies":"Writhing Mass","floor":46,"turns":5},{"damage":36,"enemies":"Time Eater","floor":50,"turns":7}],"seed_played":"934046047481948","potions_obtained":[{"floor":5,"key":"Weak Potion"},{"floor":7,"key":"PowerPotion"},{"floor":13,"key":"EntropicBrew"},{"floor":18,"key":"Energy Potion"},{"floor":30,"key":"Poison Potion"},{"floor":33,"key":"SneckoOil"},{"floor":35,"key":"SpeedPotion"},{"floor":38,"key":"SpeedPotion"},{"floor":46,"key":"Energy Potion"}],"is_trial":false,"path_per_floor":["M","?","M","?","M","R","E","R","T","M","$","R","M","M","R","B",null,"M","M","?","?","M","R","E","R","T","R","E","R","M","$","R","B",null,"M","$","?","M","M","R","E","R","T","R","?","M","$","?","R","B",null],"character_chosen":"DEFECT","items_purchased":["Reboot","Runic Capacitor","Mango","Emotion Chip","Poison Potion","White Noise","Discovery","Heatsinks","Defragment","Turbo","Go for the Eyes","Thinking Ahead","Good Instincts","Anchor","Membership Card","DataDisk","Toy Ornithopter","Ginger","Centennial Puzzle","Good Instincts","Metamorphosis","Calipers","Bottled Flame","Medical Kit","Enlightenment","FTL"],"campfire_rested":2,"item_purchase_floors":[11,11,11,11,11,11,11,11,31,31,31,31,31,31,31,31,36,36,36,36,36,47,47,47,47,47],"current_hp_per_floor":[62,59,59,59,58,58,30,30,37,32,46,46,96,96,96,66,89,87,82,48,33,24,24,33,33,33,33,33,33,33,33,33,33,33,33,33,33,33,33,33,33,33,33,33,33,33,33,33,33,33],"gold":4236,"neow_bonus":"ONE_RARE_RELIC","is_prod":false,"is_daily":false,"chose_seed":true,"campfire_upgraded":10,"win_rate":0,"timestamp":1557317145,"path_taken":["M","?","M","?","M","R","E","R","T","M","?","R","M","M","R","BOSS","M","M","?","?","M","R","E","R","T","R","E","R","M","$","R","BOSS","M","$","?","M","?","R","E","R","T","R","?","?","?","?","R","BOSS"],"build_version":"2019-01-23","purchased_purges":4,"victory":true,"max_hp_per_floor":[75,75,75,75,75,75,75,75,82,82,96,96,96,96,96,96,96,96,96,48,33,33,33,33,33,33,33,33,33,33,33,33,33,33,33,33,33,33,33,33,33,33,33,33,33,33,33,33,33,33],"card_choices":[{"not_picked":["Cold Snap","Glacier"],"picked":"Doom and Gloom","floor":1},{"not_picked":["Reinforced Body","Barrage"],"picked":"FTL","floor":3},{"not_picked":["Steam","Melter"],"picked":"Stack","floor":5},{"not_picked":["Melter","Consume"],"picked":"Chaos","floor":7},{"not_picked":["Force Field","Coolheaded"],"picked":"White Noise","floor":10},{"not_picked":["Barrage","Doom and Gloom"],"picked":"Go for the Eyes","floor":13},{"not_picked":["Redo","Stack"],"picked":"Reinforced Body","floor":14},{"not_picked":["Hyperbeam","Fission"],"picked":"Meteor Strike","floor":16},{"not_picked":["Stack","Coolheaded"],"picked":"Redo+1","floor":18},{"not_picked":["Melter+1","Cold Snap+1"],"picked":"Conserve Battery+1","floor":19},{"not_picked":["Hologram","Tempest"],"picked":"Steam","floor":22},{"not_picked":["Compile Driver","Skim+1","Reinforced Body"],"picked":"SKIP","floor":24},{"not_picked":["Reinforced Body","Self Repair"],"picked":"Lockon+1","floor":28},{"not_picked":["Blizzard","Melter+1"],"picked":"Hello World+1","floor":30},{"not_picked":["Meteor Strike","Hyperbeam"],"picked":"Echo Form","floor":33},{"not_picked":["Cold Snap+1","Beam Cell"],"picked":"Go for the Eyes+1","floor":35},{"not_picked":["Heatsinks","Redo+1"],"picked":"Gash+1","floor":35},{"not_picked":["Reinforced Body","Compile Driver"],"picked":"Defragment","floor":38},{"not_picked":["Lockon+1","Reinforced Body+1"],"picked":"Defragment","floor":38},{"not_picked":["Melter+1","Sunder+1"],"picked":"White Noise","floor":39},{"not_picked":["Scrape","Cold Snap+1","Rebound+1"],"picked":"SKIP","floor":39},{"not_picked":["Leap","Ball Lightning","Auto Shields"],"picked":"SKIP","floor":41},{"not_picked":["Leap+1","Doom and Gloom+1"],"picked":"Gash+1","floor":44},{"not_picked":["Stack","Melter+1"],"picked":"Hello World+1","floor":46},{"not_picked":["Rebound+1","Rainbow","Coolheaded+1"],"picked":"SKIP","floor":46},{"not_picked":["Hologram","Glacier+1"],"picked":"Steam Power+1","floor":49}],"player_experience":126576,"relics_obtained":[{"floor":7,"key":"Mummified Hand"},{"floor":9,"key":"Strawberry"},{"floor":24,"key":"Dream Catcher"},{"floor":26,"key":"Matryoshka"},{"floor":28,"key":"Regal Pillow"},{"floor":34,"key":"Happy Flower"},{"floor":34,"key":"Shuriken"},{"floor":34,"key":"Prayer Wheel"},{"floor":41,"key":"Turnip"},{"floor":43,"key":"Vajra"}],"event_choices":[{"damage_healed":0,"gold_gain":0,"player_choice":"Success","damage_taken":3,"relics_obtained":["Lantern"],"max_hp_gain":0,"max_hp_loss":0,"event_name":"Scrap Ooze","floor":2,"gold_loss":0},{"cards_removed":["Normality"],"damage_healed":0,"gold_gain":0,"player_choice":"Forget","damage_taken":0,"max_hp_gain":0,"max_hp_loss":0,"event_name":"Living Wall","floor":4,"gold_loss":0},{"damage_healed":0,"gold_gain":0,"player_choice":"Became a Ghost","damage_taken":0,"max_hp_gain":0,"max_hp_loss":48,"event_name":"Ghosts","floor":20,"gold_loss":0,"cards_obtained":["Ghostly","Ghostly","Ghostly","Ghostly","Ghostly"]},{"damage_healed":0,"gold_gain":0,"player_choice":"Became a vampire","damage_taken":0,"max_hp_gain":0,"max_hp_loss":15,"event_name":"Vampires","floor":21,"gold_loss":0,"cards_obtained":["Bite","Bite","Bite","Bite","Bite"]},{"damage_healed":0,"gold_gain":0,"player_choice":"Upgraded","damage_taken":0,"max_hp_gain":0,"max_hp_loss":0,"event_name":"Upgrade Shrine","floor":37,"gold_loss":0,"cards_upgraded":["Echo Form"]},{"cards_removed":["Regret"],"damage_healed":0,"gold_gain":0,"player_choice":"Upgrade and Remove","damage_taken":0,"max_hp_gain":0,"max_hp_loss":0,"event_name":"Designer","floor":45,"gold_loss":90,"cards_upgraded":["Bite"]},{"damage_healed":0,"gold_gain":0,"player_choice":"Upgrade","damage_taken":0,"relics_obtained":["Mark of the Bloom"],"max_hp_gain":0,"max_hp_loss":0,"event_name":"MindBloom","floor":48,"gold_loss":0,"cards_upgraded":["Defend_B","Defend_B","Zap","Dualcast","FTL","Reboot","Heatsinks","Go for the Eyes","Reinforced Body","Meteor Strike","Ghostly","Ghostly","Ghostly","Ghostly","Bite","Bite","Bite","Bite","Steam","Turbo","Go for the Eyes","Thinking Ahead","Good Instincts","Good Instincts","Defragment","Defragment","Enlightenment","FTL"]}],"is_beta":false,"boss_relics":[{"not_picked":["Eternal Feather","Velvet Choker"],"picked":"Astrolabe"},{"not_picked":["Inserter","Tiny House"],"picked":"Calling Bell"}],"items_purged_floors":[11,31,36,47],"is_endless":false,"potions_floor_spawned":[5,7,13,14,16,18,30,33,35,38,46],"ascension_level":6}