{"gold_per_floor":[14,14,14,28,45,74,74,108,108,123,123],"floor_reached":11,"playtime":405,"items_purged":[],"score":108,"play_id":"bfb4cce0-a351-46c6-885f-336b7d6485c8","local_time":"20180816124112","is_ascension_mode":false,"campfire_choices":[{"data":"Bash","floor":7,"key":"SMITH"}],"neow_cost":"NO_GOLD","seed_source_timestamp":17419320030799,"circlet_count":0,"master_deck":["Strike_R","Strike_R","Strike_R","Defend_R","Defend_R","Defend_R","Bash+1","Headbutt","True Grit","Pommel Strike","Dark Embrace","Clash"],"relics":["Burning Blood","Question Card","Pear","Bottled Tornado"],"potions_floor_usage":[8],"damage_taken":[{"damage":5,"enemies":"Jaw Worm","floor":1,"turns":4},{"damage":0,"enemies":"Small Slimes","floor":4,"turns":3},{"damage":0,"enemies":"2 Louse","floor":5,"turns":3},{"damage":31,"enemies":"Gremlin Nob","floor":6,"turns":5},{"damage":33,"enemies":"3 Sentries","floor":8,"turns":10},{"damage":27,"enemies":"Exordium Thugs","floor":10,"turns":7},{"damage":44,"enemies":"Lagavulin","floor":11,"turns":7}],"seed_played":"1592301610663340043","potions_obtained":[{"floor":1,"key":"Fruit Juice"},{"floor":10,"key":"FearPotion"}],"is_trial":false,"path_per_floor":["M","?","?","M","M","E","R","E","T","M"],"character_chosen":"IRONCLAD","items_purchased":[],"campfire_rested":0,"item_purchase_floors":[],"current_hp_per_floor":[80,85,85,85,85,60,60,48,48,27,0],"gold":123,"neow_bonus":"REMOVE_TWO","is_prod":false,"is_daily":false,"chose_seed":false,"campfire_upgraded":1,"win_rate":0,"timestamp":1534394472,"path_taken":["M","?","?","M","M","E","R","E","T","M","E"],"build_version":"2018-08-09","purchased_purges":0,"victory":false,"max_hp_per_floor":[80,85,85,85,85,85,85,100,100,100,100],"card_choices":[{"not_picked":["Perfected Strike","Warcry"],"picked":"Headbutt","floor":1},{"not_picked":["Anger","Reaper","Shockwave"],"picked":"SKIP","floor":4},{"not_picked":["Anger","Body Slam"],"picked":"True Grit","floor":5},{"not_picked":["Warcry","Body Slam"],"picked":"Pommel Strike","floor":6},{"not_picked":["Anger","Flex","Pommel Strike"],"picked":"Dark Embrace","floor":8},{"not_picked":["Battle Trance","Anger","Thunderclap"],"picked":"Clash","floor":10}],"player_experience":471396,"relics_obtained":[{"floor":6,"key":"Question Card"},{"floor":8,"key":"Pear"},{"floor":9,"key":"Bottled Tornado"}],"event_choices":[{"event_name":"Big Fish","player_choice":"Donut","floor":2,"damage_taken":0},{"event_name":"Bonfire Elementals","player_choice":"BASIC","floor":3,"damage_taken":0}],"is_beta":false,"boss_relics":[],"items_purged_floors":[],"is_endless":false,"potions_floor_spawned":[1,10],"killed_by":"Lagavulin","ascension_level":0}