{"path_per_floor":["M","?","?","?","M","E","R","$","T","M","E","M","R","M","R","B",null,"M","$","M","T","M","R","E","R","T","$","?","R","M","M","R","B",null,"M","M","T","M","?","R","M","R","T","M","M","M","R","$","R","B"],"character_chosen":"THE_SILENT","items_purchased":["Dagger Throw","Pear","Regen Potion","War Paint"],"gold_per_floor":[115,115,115,115,140,184,184,109,109,123,154,170,170,183,183,312,312,330,230,244,291,314,314,347,347,347,5,5,5,26,50,50,171,171,187,206,232,253,253,253,278,278,278,299,324,337,337,57,57,57],"floor_reached":51,"campfire_rested":3,"playtime":2577,"current_hp_per_floor":[70,65,62,62,62,53,53,53,53,53,52,52,52,52,52,46,65,53,53,33,33,29,48,23,42,42,52,44,44,51,44,66,52,75,75,65,65,67,67,67,72,72,72,66,58,61,61,61,61,48],"items_purged":["Strike_G","Strike_G","Defend_G"],"gold":57,"score":679,"play_id":"7335dc62-cd5b-4448-a236-f8f5bd2d2f74","local_time":"20180426182819","is_prod":false,"is_daily":false,"chose_seed":false,"is_ascension_mode":false,"campfire_upgraded":5,"timestamp":1524785299,"path_taken":["M","?","?","?","M","E","R","$","T","?","E","M","R","?","R","BOSS","M","$","M","?","M","R","E","R","T","$","?","R","M","?","R","BOSS","M","M","?","M","?","R","M","R","T","M","M","M","R","$","R","BOSS"],"build_version":"2018-04-19","seed_source_timestamp":1319439585028509,"purchased_purges":3,"victory":true,"master_deck":["Defend_G","Defend_G+1","Defend_G","Defend_G","Survivor","Neutralize","Caltrops+1","Deadly Poison+1","Infinite Blades+1","Backflip+1","Dagger Spray+1","Leg Sweep+1","Envenom+1","Reflex+1","Tactician+1","Crippling Poison+1","Dagger Throw","Dagger Throw+1","Dagger Throw","Blur+1","PiercingWail+1","Footwork+1","Backflip+1"],"max_hp_per_floor":[70,65,65,65,65,65,65,65,65,65,65,65,65,65,65,65,65,65,65,65,65,65,65,65,65,65,75,75,75,75,75,75,75,75,75,75,75,75,75,75,75,75,75,75,75,75,75,75,75,75],"relics":["Velvet Choker","Golden Idol","Ice Cream","Girya","Anchor","Astrolabe","Art of War","Bird Faced Urn","Bronze Scales","Pear","Runic Dome","Whetstone","The Specimen","War Paint"],"card_choices":[{"not_picked":["Blade Dance","Quick Slash"],"picked":"Caltrops","floor":1},{"not_picked":["PiercingWail","Acrobatics"],"picked":"Deadly Poison","floor":5},{"not_picked":["Flying Knee","Grand Finale"],"picked":"Infinite Blades","floor":6},{"not_picked":["Deadly Poison","Quick Slash"],"picked":"Backflip","floor":10},{"not_picked":["Deflect","Bane"],"picked":"Dagger Spray","floor":12},{"not_picked":["Backflip","Quick Slash"],"picked":"Leg Sweep","floor":14},{"not_picked":["Corpse Explosion","Doppelganger"],"picked":"Envenom","floor":16},{"not_picked":["Outmaneuver","Dagger Spray"],"picked":"Dagger Throw","floor":22},{"not_picked":["Flying Knee","Underhanded Strike"],"picked":"Dagger Throw","floor":30},{"not_picked":["Expertise","Terror"],"picked":"Blur","floor":31},{"not_picked":["Bane","Sucker Punch"],"picked":"PiercingWail","floor":35},{"not_picked":["Backstab","Setup"],"picked":"Footwork","floor":38},{"not_picked":["Quick Slash","Prepared"],"picked":"Backflip","floor":45}],"player_experience":26899,"potions_floor_usage":[24,30,33,38,50,50,50],"damage_taken":[{"damage":0,"enemies":"Small Slimes","floor":1,"turns":4},{"damage":0,"enemies":"Cultist","floor":5,"turns":4},{"damage":9,"enemies":"Lagavulin","floor":6,"turns":7},{"damage":0,"enemies":"2 Louse","floor":10,"turns":3},{"damage":1,"enemies":"3 Sentries","floor":11,"turns":7},{"damage":0,"enemies":"Red Slaver","floor":12,"turns":3},{"damage":0,"enemies":"2 Fungi Beasts","floor":14,"turns":3},{"damage":6,"enemies":"The Guardian","floor":16,"turns":9},{"damage":12,"enemies":"2 Thieves","floor":18,"turns":4},{"damage":20,"enemies":"Chosen","floor":20,"turns":6},{"damage":4,"enemies":"Centurion and Healer","floor":22,"turns":8},{"damage":25,"enemies":"Slavers","floor":24,"turns":5},{"damage":0,"enemies":"Snake Plant","floor":30,"turns":2},{"damage":11,"enemies":"Snecko","floor":31,"turns":5},{"damage":20,"enemies":"Collector","floor":33,"turns":9},{"damage":0,"enemies":"3 Shapes","floor":35,"turns":4},{"damage":12,"enemies":"3 Darklings","floor":36,"turns":3},{"damage":0,"enemies":"Sphere and 2 Shapes","floor":38,"turns":3},{"damage":3,"enemies":"Spire Growth","floor":41,"turns":5},{"damage":9,"enemies":"Flame Bruiser 2 Orb","floor":44,"turns":4},{"damage":16,"enemies":"Sphere and 2 Shapes","floor":45,"turns":6},{"damage":5,"enemies":"3 Darklings","floor":46,"turns":4},{"damage":21,"enemies":"Donu and Deca","floor":50,"turns":10}],"event_choices":[{"event_name":"Golden Idol","player_choice":"Lose Max HP","floor":2,"damage_taken":0},{"event_name":"Scrap Ooze","player_choice":"unsuccessful","floor":3,"damage_taken":3},{"event_name":"Accursed Blacksmith","player_choice":"Forge","floor":4,"damage_taken":0},{"event_name":"Knowing Skull","player_choice":"","floor":28,"damage_taken":0},{"event_name":"Mysterious Sphere","player_choice":"Ignore","floor":39,"damage_taken":0}],"boss_relics":[{"not_picked":["Lizard Tail","Calling Bell"],"picked":"Astrolabe"},{"not_picked":["Orrery","Snecko Eye"],"picked":"Runic Dome"}],"potions_floor_spawned":[1,5,12,14,31,38,44],"seed_played":"-8415099893957279018","ascension_level":0,"is_trial":false}