{"gold_per_floor":[216,1532,1543,1543,1560,1586,1600,491,491,524,524,538,557,585,585,680,680,691,691,708,601,614,647,647,680,680,710,710,723,723,723,723,824,824,841,841,861,880,880,906,917,944,944,975,975,987,250,280,280,280],"floor_reached":50,"playtime":4247,"items_purged":["Strike_B","Strike_B","Strike_B","Writhe"],"score":1332,"play_id":"93004b43-9319-4d84-8036-e31465b9f2ab","local_time":"20190530012400","is_ascension_mode":true,"campfire_choices":[{"data":"Hello World","floor":15,"key":"SMITH"},{"data":"Creative AI","floor":24,"key":"SMITH"},{"data":"Storm","floor":28,"key":"SMITH"},{"data":"Heatsinks","floor":30,"key":"SMITH"},{"data":"Apotheosis","floor":32,"key":"SMITH"},{"data":"Aggregate","floor":45,"key":"SMITH"},{"floor":49,"key":"RECALL"}],"neow_cost":"NONE","seed_source_timestamp":261395818312900,"circlet_count":0,"master_deck":["Strike_B+1","Defend_B+1","Defend_B+1","Defend_B+1","Zap+1","Dualcast+1","Chaos+1","Gash+1","Apotheosis+1","Mind Blast+1","Static Discharge+1","Hologram+1","Sweeping Beam+1","Hello World+1","Rebound+1","Gash+1","Thunder Strike+1","Gash+1","Darkness+1","Heatsinks+1","Dramatic Entrance+1","Gash+1","Hyperbeam+1","Storm+1","Creative AI+1","Gash+1","Cold Snap+1","Rainbow+1","Static Discharge+1","Conserve Battery+1","Defragment+1","Echo Form+1","Pain","Core Surge+1","Gash+1","Gash+1","Buffer+1","Doubt","Regret","Streamline+1","Echo Form+1","Loop+1","Aggregate+1","Decay","Seek+1","Gash+1","Defragment+1","Loop+1"],"relics":["Cracked Core","Molten Egg 2","Ginger","Cauldron","Bag of Preparation","Darkstone Periapt","DollysMirror","Ornamental Fan","Boot","Mercury Hourglass","Strawberry","Cursed Key","MutagenicStrength","Bottled Tornado","Orichalcum","Sling","Frozen Egg 2","DataDisk","Kunai","Turnip","Calling Bell","PreservedInsect","Mummified Hand","Thread and Needle","Mark of the Bloom","Gambling Chip","Smiling Mask","Toxic Egg 2","Whetstone","Vajra","Bird Faced Urn","Membership Card","Dodecahedron"],"potions_floor_usage":[3,10,14,23,23,46,48,50],"damage_taken":[{"damage":3,"enemies":"Jaw Worm","floor":1,"turns":4},{"damage":0,"enemies":"Cultist","floor":3,"turns":2},{"damage":8,"enemies":"2 Louse","floor":5,"turns":3},{"damage":21,"enemies":"3 Sentries","floor":6,"turns":6},{"damage":8,"enemies":"Large Slime","floor":7,"turns":4},{"damage":0,"enemies":"Lagavulin","floor":10,"turns":3},{"damage":0,"enemies":"Looter","floor":12,"turns":1},{"damage":0,"enemies":"3 Louse","floor":13,"turns":1},{"damage":10,"enemies":"3 Sentries","floor":14,"turns":3},{"damage":17,"enemies":"The Guardian","floor":16,"turns":5},{"damage":3,"enemies":"Chosen","floor":18,"turns":2},{"damage":0,"enemies":"Shell Parasite","floor":20,"turns":2},{"damage":15,"enemies":"Snake Plant","floor":22,"turns":2},{"damage":0,"enemies":"Gremlin Leader","floor":23,"turns":3},{"damage":12,"enemies":"Slavers","floor":25,"turns":2},{"damage":0,"enemies":"Gremlin Leader","floor":27,"turns":3},{"damage":0,"enemies":"Snecko","floor":29,"turns":2},{"damage":7,"enemies":"Collector","floor":33,"turns":4},{"damage":1,"enemies":"3 Darklings","floor":35,"turns":2},{"damage":0,"enemies":"3 Shapes","floor":37,"turns":1},{"damage":18,"enemies":"Sphere and 2 Shapes","floor":38,"turns":2},{"damage":7,"enemies":"Giant Head","floor":40,"turns":5},{"damage":0,"enemies":"Spire Growth","floor":41,"turns":2},{"damage":19,"enemies":"Reptomancer","floor":42,"turns":3},{"damage":8,"enemies":"Giant Head","floor":44,"turns":3},{"damage":0,"enemies":"Transient","floor":46,"turns":5},{"damage":3,"enemies":"Reptomancer","floor":48,"turns":2},{"damage":58,"enemies":"Time Eater","floor":50,"turns":4}],"seed_played":"-5953955879165234251","potions_obtained":[{"floor":2,"key":"Swift Potion"},{"floor":2,"key":"EssenceOfSteel"},{"floor":2,"key":"Explosive Potion"},{"floor":3,"key":"SteroidPotion"},{"floor":5,"key":"EssenceOfSteel"},{"floor":12,"key":"FearPotion"},{"floor":14,"key":"SmokeBomb"},{"floor":16,"key":"PowerPotion"},{"floor":22,"key":"Ancient Potion"},{"floor":25,"key":"SteroidPotion"},{"floor":33,"key":"Fire Potion"},{"floor":38,"key":"Regen Potion"},{"floor":46,"key":"FocusPotion"}],"is_trial":false,"path_per_floor":["M","$","M","?","M","E","M","$","T","E","?","M","M","E","R","B",null,"M","?","M","$","M","E","R","E","T","E","R","M","R","?","R","B",null,"M","?","M","M","?","E","M","E","T","E","R","M","$","E","R","B"],"character_chosen":"DEFECT","items_purchased":["Gash","Apotheosis","Molten Egg 2","Ginger","Cauldron","Mind Blast+1","Static Discharge","AttackPotion","DollysMirror","Thunder Strike+1","Gash+1","Darkness","Heatsinks","Ornamental Fan","Boot","Dramatic Entrance+1","Bottled Tornado","Orichalcum","Sling","Cold Snap+1","Rainbow","Static Discharge","Vajra","Bird Faced Urn","Membership Card","Defragment+1"],"campfire_rested":0,"item_purchase_floors":[2,2,2,2,2,2,2,2,8,8,8,8,8,8,8,8,21,21,21,21,21,21,47,47,47,47],"current_hp_per_floor":[65,65,65,65,57,36,28,28,28,28,21,21,21,18,18,1,62,59,59,59,59,44,44,44,32,38,38,38,38,38,38,38,31,92,91,91,91,73,73,66,66,47,47,39,39,39,39,36,36,0],"gold":280,"neow_bonus":"HUNDRED_GOLD","is_prod":false,"is_daily":false,"chose_seed":false,"campfire_upgraded":6,"win_rate":0,"timestamp":1559172240,"path_taken":["M","$","M","?","?","E","M","$","T","E","?","M","M","E","R","BOSS","M","?","M","$","M","E","R","E","T","E","R","M","R","?","R","BOSS","M","?","M","M","?","E","M","E","T","E","R","M","$","E","R","BOSS"],"build_version":"2019-01-23","purchased_purges":4,"victory":false,"max_hp_per_floor":[75,75,75,75,75,75,75,75,75,75,75,75,75,82,82,82,82,82,82,82,82,82,82,82,82,88,88,88,88,88,88,88,88,106,106,106,106,106,106,106,106,106,112,112,112,112,112,112,112,112],"card_choices":[{"not_picked":["Barrage","FTL"],"picked":"Chaos","floor":1},{"not_picked":["Force Field","Reinforced Body"],"picked":"Hologram","floor":3},{"not_picked":["Leap","Aggregate"],"picked":"Sweeping Beam+1","floor":5},{"not_picked":["Cold Snap+1","Reinforced Body"],"picked":"Hello World","floor":6},{"not_picked":["Undo","Steam"],"picked":"Rebound+1","floor":7},{"not_picked":["Leap","Compile Driver+1"],"picked":"Gash+1","floor":10},{"not_picked":["Steam","Rebound+1"],"picked":"Hyperbeam+1","floor":12},{"not_picked":["Redo","Scrape+1"],"picked":"Storm","floor":13},{"not_picked":["Sweeping Beam+1","Redo","Reinforced Body"],"picked":"SKIP","floor":14},{"not_picked":["Buffer","Biased Cognition"],"picked":"Creative AI","floor":16},{"not_picked":["Beam Cell+1","Streamline+1"],"picked":"Gash+1","floor":18},{"not_picked":["Steam+1","Hologram","Rip and Tear+1"],"picked":"SKIP","floor":20},{"not_picked":["Static Discharge","Leap"],"picked":"Conserve Battery","floor":22},{"not_picked":["Skim","Chill"],"picked":"Defragment","floor":23},{"not_picked":["Stack","Compile Driver+1"],"picked":"Echo Form+1","floor":25},{"not_picked":["Doom and Gloom+1","Heatsinks+1"],"picked":"Core Surge+1","floor":27},{"not_picked":["Lockon+1","Coolheaded"],"picked":"Gash+1","floor":29},{"not_picked":["Meteor Strike+1","Core Surge+1"],"picked":"Buffer+1","floor":33},{"not_picked":["Steam Power","Cold Snap+1","Go for the Eyes+1"],"picked":"SKIP","floor":35},{"not_picked":["Static Discharge+1","Hologram"],"picked":"Scrape+1","floor":37},{"not_picked":["Coolheaded+1","Turbo+1"],"picked":"Streamline+1","floor":38},{"not_picked":["Cold Snap+1","White Noise"],"picked":"Echo Form+1","floor":40},{"not_picked":["Sweeping Beam+1","Beam Cell+1"],"picked":"Loop+1","floor":41},{"not_picked":["Doom and Gloom+1","Turbo+1"],"picked":"Aggregate","floor":42},{"not_picked":["Glacier+1","Chill+1"],"picked":"Seek+1","floor":44},{"not_picked":["Chill+1","Sweeping Beam+1"],"picked":"Gash+1","floor":46},{"not_picked":["Steam+1","Fusion+1"],"picked":"Loop+1","floor":48}],"player_experience":153745,"relics_obtained":[{"floor":6,"key":"Darkstone Periapt"},{"floor":10,"key":"Mercury Hourglass"},{"floor":14,"key":"Strawberry"},{"floor":23,"key":"Frozen Egg 2"},{"floor":25,"key":"DataDisk"},{"floor":26,"key":"Kunai"},{"floor":27,"key":"Turnip"},{"floor":34,"key":"PreservedInsect"},{"floor":34,"key":"Mummified Hand"},{"floor":34,"key":"Thread and Needle"},{"floor":40,"key":"Gambling Chip"},{"floor":42,"key":"Smiling Mask"},{"floor":43,"key":"Toxic Egg 2"},{"floor":44,"key":"Whetstone"},{"floor":48,"key":"Dodecahedron"}],"event_choices":[{"damage_healed":0,"gold_gain":0,"player_choice":"Gave Potion","damage_taken":0,"relics_obtained":["Bag of Preparation"],"max_hp_gain":0,"max_hp_loss":0,"event_name":"WeMeetAgain","floor":4,"gold_loss":0},{"cards_removed":["Defend_B"],"damage_healed":0,"gold_gain":0,"player_choice":"Card Removal","damage_taken":7,"max_hp_gain":0,"max_hp_loss":0,"event_name":"Golden Wing","floor":11,"gold_loss":0},{"damage_healed":0,"gold_gain":0,"player_choice":"Inject Mutagens","damage_taken":0,"relics_obtained":["MutagenicStrength"],"max_hp_gain":0,"max_hp_loss":0,"event_name":"Drug Dealer","floor":19,"gold_loss":0},{"damage_healed":0,"gold_gain":0,"player_choice":"Read","damage_taken":0,"max_hp_gain":0,"max_hp_loss":0,"event_name":"The Library","floor":31,"gold_loss":0,"cards_obtained":["Gash"]},{"damage_healed":0,"gold_gain":0,"player_choice":"Upgrade","damage_taken":0,"relics_obtained":["Mark of the Bloom"],"max_hp_gain":0,"max_hp_loss":0,"event_name":"MindBloom","floor":36,"gold_loss":0,"cards_upgraded":["Strike_B","Defend_B","Defend_B","Defend_B","Zap","Dualcast","Chaos","Gash","Static Discharge","Hologram","Darkness","Rainbow","Static Discharge","Conserve Battery"]},{"cards_removed":["Scrape"],"damage_healed":0,"gold_gain":0,"player_choice":"Removed Attack","damage_taken":0,"max_hp_gain":0,"max_hp_loss":0,"event_name":"Falling","floor":39,"gold_loss":0}],"is_beta":false,"boss_relics":[{"not_picked":["Inserter","Empty Cage"],"picked":"Cursed Key"},{"not_picked":["White Beast Statue","Busted Crown"],"picked":"Calling Bell"}],"items_purged_floors":[2,8,21,47],"is_endless":false,"potions_floor_spawned":[3,5,7,12,14,16,22,25,33,38,41,42,46],"killed_by":"Time Eater","ascension_level":9}