{"path_per_floor":["M","M","$","M","M","R","?","M","T","M","R","M","M","?","R","B",null,"M","?","$","?","?","E","R","M","T","R","$","M","R","M","R","B",null,"M","?","$","M","M","$","R","M","T","M","?","M","M","M","R","B"],"character_chosen":"THE_SILENT","items_purchased":["Noxious Fumes","Footwork"],"gold_per_floor":[113,123,54,74,90,90,90,110,110,124,124,135,150,212,212,316,316,316,266,120,120,35,35,35,35,35,35,35,35,35,35,35,35,35,35,35,35,35,35,35,35,35,35,35,35,35,35,35,35,35],"floor_reached":51,"campfire_rested":6,"playtime":3667,"current_hp_per_floor":[69,67,67,61,58,58,58,54,54,39,39,42,42,25,46,34,70,64,64,64,64,64,28,49,49,49,49,49,30,51,43,64,39,70,63,63,63,57,35,35,56,38,38,9,9,9,8,8,29,21],"items_purged":["Strike_G"],"gold":35,"score":535,"play_id":"6f6b88ce-a217-4783-98e5-ad8a9ddb6a86","is_prod":false,"is_daily":false,"is_ascension_mode":true,"campfire_upgraded":3,"path_taken":["M","M","$","M","?","R","?","M","T","M","R","?","M","?","R","BOSS","M","?","$","?","?","E","R","M","T","R","?","M","R","M","R","BOSS","M","?","$","M","M","?","R","M","T","M","?","M","M","M","R","BOSS"],"build_version":"2018-02-15-PROD1","purchased_purges":1,"victory":true,"master_deck":["Defend_G","Defend_G","Defend_G","Defend_G","Defend_G","Strike_G","Strike_G","Survivor+1","Neutralize","Dagger Spray","Noxious Fumes+1","Dagger Throw","Dodge and Roll","Die Die Die","Backflip","Footwork+1","Footwork","Wraith Form","Dodge and Roll","Dodge and Roll+1","Backflip+1","Caltrops+1","Deadly Poison+1"],"max_hp_per_floor":[70,70,70,70,70,70,70,70,70,70,70,70,70,70,70,70,70,70,70,70,70,70,70,70,70,70,70,70,70,70,70,70,70,70,70,70,70,70,70,70,70,70,70,70,70,70,70,70,70,70],"relics":["Ring of the Snake","Art of War","Bag of Preparation","Orichalcum","Ectoplasm","Old Coin","Mercury Hourglass","Bronze Scales","Runic Pyramid","Frozen Egg 2"],"card_choices":[{"not_picked":["Blade Dance","Quick Slash"],"picked":"Dagger Spray"},{"not_picked":["Slice","Poisoned Stab"],"picked":"Dodge and Roll"},{"not_picked":["Wraith Form","Bullet Time"],"picked":"Die Die Die"},{"not_picked":["Underhanded Strike","Masterful Stab"],"picked":"Backflip"},{"not_picked":["All Out Attack","Sucker Punch"],"picked":"Footwork"},{"not_picked":["Night Terror","A Thousand Cuts"],"picked":"Wraith Form"},{"not_picked":["Deflect","Riddle With Holes"],"picked":"Dodge and Roll"},{"not_picked":["Dash","Well Laid Plans"],"picked":"Dodge and Roll"},{"not_picked":["Slice","Deadly Poison"],"picked":"Backflip"},{"not_picked":["Concentrate","Bane"],"picked":"Caltrops"},{"not_picked":["Malaise","Poisoned Stab"],"picked":"Deadly Poison"}],"player_experience":139299,"potions_floor_usage":[12,16,16,33,44,50],"damage_taken":[{"damage":1,"enemies":"Cultist","floor":1,"turns":3},{"damage":2,"enemies":"2 Louse","floor":2,"turns":2},{"damage":6,"enemies":"Small Slimes","floor":4,"turns":3},{"damage":3,"enemies":"Looter","floor":5,"turns":4},{"damage":4,"enemies":"Exordium Wildlife","floor":8,"turns":4},{"damage":15,"enemies":"Gremlin Gang","floor":10,"turns":6},{"damage":9,"enemies":"Lots of Slimes","floor":12,"turns":4},{"damage":0,"enemies":"Looter","floor":13,"turns":3},{"damage":17,"enemies":"3 Sentries","floor":14,"turns":6},{"damage":12,"enemies":"The Guardian","floor":16,"turns":11},{"damage":6,"enemies":"Shell Parasite","floor":18,"turns":7},{"damage":36,"enemies":"Gremlin Leader","floor":23,"turns":8},{"damage":0,"enemies":"Chosen","floor":25,"turns":6},{"damage":19,"enemies":"Slaver and Parasite","floor":29,"turns":6},{"damage":8,"enemies":"Snake Plant","floor":31,"turns":5},{"damage":25,"enemies":"Champ","floor":33,"turns":18},{"damage":7,"enemies":"3 Shapes","floor":35,"turns":4},{"damage":6,"enemies":"Orb Walker","floor":38,"turns":5},{"damage":22,"enemies":"Maw","floor":39,"turns":10},{"damage":18,"enemies":"3 Darklings","floor":42,"turns":6},{"damage":29,"enemies":"4 Shapes","floor":44,"turns":5},{"damage":0,"enemies":"Sphere and 2 Shapes","floor":46,"turns":8},{"damage":1,"enemies":"3 Darklings","floor":47,"turns":5},{"damage":0,"enemies":"Maw","floor":48,"turns":10},{"damage":8,"enemies":"Time Eater","floor":50,"turns":13}],"event_choices":[{"event_name":"Transmorgrifier","player_choice":"Transform","floor":7,"damage_taken":0},{"event_name":"Dead Adventurer","player_choice":"Searched \u00272\u0027 times","floor":14,"damage_taken":0},{"event_name":"The Joust","player_choice":"Bet on Murderer","floor":19,"damage_taken":0},{"event_name":"Accursed Blacksmith","player_choice":"Ignore","floor":21,"damage_taken":0},{"event_name":"Addict","player_choice":"Obtained Relic","floor":22,"damage_taken":0},{"event_name":"Mysterious Sphere","player_choice":"Ignore","floor":36,"damage_taken":0},{"event_name":"Bonfire Elementals","player_choice":"BASIC","floor":45,"damage_taken":0}],"boss_relics":[{"not_picked":["Runic Dome","Lizard Tail"],"picked":"Ectoplasm"},{"not_picked":["Eternal Feather","Tiny House"],"picked":"Runic Pyramid"}],"potions_floor_spawned":[1,8,10,12,13,14,18,29,42,44,46],"seed_played":"-1907171133735269798","ascension_level":3,"is_trial":false}