{"path_per_floor":["M","?","?","M","?","R","M","R","T","E","R","M","E","M","R","B",null,"M","?","?","?","$","R","E","R","T","R","M","R","$","E","R","B",null,"M","?","?","T","?"],"character_chosen":"DEFECT","items_purchased":["BootSequence","PowerPotion","Reinforced Body","Dexterity Potion"],"gold_per_floor":[110,110,35,49,49,49,69,69,96,122,122,142,177,192,192,269,269,286,211,211,211,87,87,114,114,114,114,131,131,10,36,36,113,113,125,125,125,150,150,150],"floor_reached":40,"campfire_rested":4,"playtime":1916,"current_hp_per_floor":[54,47,47,47,47,47,35,35,35,29,48,48,42,42,42,12,51,43,43,43,56,56,56,14,33,33,52,50,50,50,40,59,10,51,32,45,45,45,45,0],"items_purged":[],"gold":150,"score":746,"play_id":"b4098846-5417-44c6-a49f-029818dddd9b","local_time":"20180510161527","is_prod":false,"is_daily":false,"chose_seed":false,"is_ascension_mode":true,"campfire_upgraded":5,"timestamp":1525986927,"path_taken":["M","?","?","?","?","R","M","R","T","E","R","M","E","M","R","BOSS","M","?","?","?","$","R","E","R","T","R","M","R","$","E","R","BOSS","M","?","?","?","?","E"],"build_version":"2018-05-10","seed_source_timestamp":0,"purchased_purges":0,"victory":false,"master_deck":["Defend_B+1","Defend_B+1","Defend_B+1","Defend_B+1","Zap+1","Dualcast","AscendersBane","Doom and Gloom+1","Sweeping Beam","FTL","Beam Cell","Ball Lightning+1","White Noise","Creative AI+1","Leap+1","Cold Snap","Cold Snap","BootSequence","Reinforced Body","Multi-Cast","Leap+1","Writhe","Dark Shackles"],"max_hp_per_floor":[64,64,64,64,64,64,64,64,64,64,64,64,64,64,64,64,64,64,64,64,64,64,64,64,64,64,64,64,64,64,64,64,64,64,64,64,64,64,64,64],"relics":["Cracked Core","Gambling Chip","Lantern","Centennial Puzzle","Sundial","Orrery","Oddly Smooth Stone","Letter Opener","Vajra","Runic Dome","Omamori"],"card_choices":[{"not_picked":["Cold Snap","Hologram"],"picked":"Doom and Gloom","floor":1},{"not_picked":["Streamline","Steam Power"],"picked":"Sweeping Beam","floor":4},{"not_picked":["Gash","Nova"],"picked":"FTL","floor":7},{"not_picked":["Stack","Genetic Algorithm"],"picked":"Beam Cell","floor":10},{"not_picked":["Consume","Streamline"],"picked":"Ball Lightning","floor":12},{"not_picked":["Impulse","Rebound"],"picked":"White Noise","floor":14},{"not_picked":["Fission","Fusion"],"picked":"Creative AI","floor":16},{"not_picked":["Ball Lightning","Storm"],"picked":"Leap","floor":17},{"not_picked":["Steam","Force Field"],"picked":"Cold Snap","floor":17},{"not_picked":["Go for the Eyes","Sweeping Beam"],"picked":"Cold Snap","floor":17},{"not_picked":["Steam","Gash"],"picked":"Sweeping Beam","floor":28},{"not_picked":["Rainbow","All For One"],"picked":"Multi-Cast","floor":33},{"not_picked":["Heatsinks","Go for the Eyes"],"picked":"Leap","floor":35},{"not_picked":["Trip","Madness"],"picked":"Dark Shackles","floor":39}],"player_experience":238185,"potions_floor_usage":[10,13,16,16,24,31,33,33,33,40],"damage_taken":[{"damage":10.0,"enemies":"2 Louse","floor":1.0,"turns":3.0},{"damage":0,"enemies":"Cultist","floor":4,"turns":2},{"damage":12,"enemies":"Looter","floor":7,"turns":3},{"damage":15,"enemies":"Lagavulin","floor":10,"turns":4},{"damage":0,"enemies":"2 Fungi Beasts","floor":12,"turns":1},{"damage":6,"enemies":"Gremlin Nob","floor":13,"turns":3},{"damage":0,"enemies":"Gremlin Gang","floor":14,"turns":1},{"damage":30,"enemies":"Hexaghost","floor":16,"turns":7},{"damage":8,"enemies":"Chosen","floor":18,"turns":4},{"damage":42,"enemies":"Slavers","floor":24,"turns":6},{"damage":2,"enemies":"2 Thieves","floor":28,"turns":2},{"damage":10,"enemies":"Gremlin Leader","floor":31,"turns":7},{"damage":49,"enemies":"Automaton","floor":33,"turns":10},{"damage":19,"enemies":"Flame Bruiser 1 Orb","floor":35,"turns":5},{"damage":55,"enemies":"2 Orb Walkers","floor":40,"turns":6}],"event_choices":[{"event_name":"Golden Wing","player_choice":"Card Removal","floor":2,"damage_taken":0},{"event_name":"The Cleric","player_choice":"Card Removal","floor":3,"damage_taken":0},{"event_name":"Living Wall","player_choice":"Forget","floor":5,"damage_taken":0},{"event_name":"Beggar","player_choice":"Gave Gold","floor":19,"damage_taken":0},{"event_name":"Back to Basics","player_choice":"Simplicity","floor":20,"damage_taken":0},{"event_name":"The Library","player_choice":"Heal","floor":21,"damage_taken":0},{"event_name":"Winding Halls","player_choice":"Writhe","floor":36,"damage_taken":0},{"event_name":"SensoryStone","player_choice":"Memory 1","floor":39,"damage_taken":0}],"boss_relics":[{"not_picked":["Snecko Eye","Tiny House"],"picked":"Orrery"},{"not_picked":["Runic Pyramid","Lizard Tail"],"picked":"Runic Dome"}],"potions_floor_spawned":[4,7,10,12,14,28,31,35],"seed_played":"4229126987986999129","killed_by":"2 Orb Walkers","ascension_level":15,"is_trial":false}