{"path_per_floor":["M","M","$","$","M","E","R","E","T","?","M","$","M","M","R","B",null,"M","?","$","M","M","R","M","M","T","R","M","R","M"],"character_chosen":"DEFECT","items_purchased":["Ball Lightning","Bronze Scales","Blood Vial","Sweeping Beam","Cold Snap","Lantern","Barrage"],"gold_per_floor":[364,379,56,3,20,50,50,75,122,197,216,17,31,46,46,143,143,153,153,24,41,60,60,73,93,93,93,112,112,129,129],"floor_reached":31,"campfire_rested":3,"playtime":1767,"current_hp_per_floor":[67,67,67,67,58,39,59,60,60,49,49,49,51,31,31,18,56,45,45,45,50,40,40,24,13,13,33,1,21,11,0],"items_purged":["Pain"],"gold":129,"score":364,"play_id":"9dfd38a6-74fa-4ce4-8386-1f0631fcd64a","local_time":"20180430162609","is_prod":false,"is_daily":false,"chose_seed":false,"is_ascension_mode":true,"campfire_upgraded":2,"timestamp":1525123569,"path_taken":["M","M","?","$","M","E","R","E","T","?","M","$","M","M","R","BOSS","M","?","$","M","M","R","?","?","T","R","?","R","M","M"],"build_version":"2018-04-27v3","seed_source_timestamp":274982673744842,"purchased_purges":1,"victory":false,"master_deck":["Strike_B+1","Strike_B","Strike_B","Strike_B","Defend_B","Defend_B","Defend_B","Defend_B","Zap+1","Dualcast","Ball Lightning+1","Sweeping Beam","Leap","Chill","Cold Snap","Recycle","White Noise","Static Discharge","Swift Strike","Zap","Barrage","Skim","Hello World+1","Ball Lightning+1","Coolheaded","Turbo"],"max_hp_per_floor":[68,68,68,68,68,68,68,68,68,68,68,68,68,68,68,68,68,68,68,68,68,68,68,68,68,68,68,68,68,68,68],"relics":["Cracked Core","Bronze Scales","Blood Vial","Question Card","Whetstone","Happy Flower","Lantern","Sozu","Matryoshka"],"card_choices":[{"not_picked":["Hello World","Flux Capacitor"],"picked":"Leap","floor":6},{"not_picked":["Hologram","Rebound","Storm"],"picked":"Chill","floor":11},{"not_picked":["Impulse","Amplify","Cold Snap"],"picked":"Recycle","floor":13},{"not_picked":["Skim","Axe Kick","Tempest"],"picked":"White Noise","floor":14},{"not_picked":["Stack","FTL","Axe Kick"],"picked":"Static Discharge","floor":18},{"not_picked":["Cold Snap","Static Discharge","Turbo"],"picked":"Skim","floor":21},{"not_picked":["Capacitor","Coolheaded","Steam Power"],"picked":"Hello World","floor":22},{"not_picked":["Beam Cell","Rebound","Capacitor"],"picked":"Ball Lightning","floor":25},{"not_picked":["Stack","Beam Cell","Conserve Battery"],"picked":"Coolheaded","floor":28},{"not_picked":["Heatsinks","Coolheaded","Sweeping Beam"],"picked":"Turbo","floor":30}],"player_experience":121683,"potions_floor_usage":[6,8,16],"damage_taken":[{"damage":1,"enemies":"Cultist","floor":1,"turns":3},{"damage":0,"enemies":"2 Louse","floor":2,"turns":2},{"damage":10,"enemies":"Small Slimes","floor":5,"turns":4},{"damage":21,"enemies":"3 Sentries","floor":6,"turns":4},{"damage":1,"enemies":"Gremlin Nob","floor":8,"turns":3},{"damage":2,"enemies":"2 Fungi Beasts","floor":11,"turns":3},{"damage":0,"enemies":"Blue Slaver","floor":13,"turns":3},{"damage":22,"enemies":"Lots of Slimes","floor":14,"turns":3},{"damage":30,"enemies":"The Guardian","floor":16,"turns":13},{"damage":13,"enemies":"2 Thieves","floor":18,"turns":3},{"damage":4,"enemies":"Chosen","floor":21,"turns":4},{"damage":12,"enemies":"Centurion and Healer","floor":22,"turns":6},{"damage":18,"enemies":"Cultist and Chosen","floor":24,"turns":7},{"damage":20,"enemies":"Snake Plant","floor":25,"turns":5},{"damage":34,"enemies":"Chosen and Byrds","floor":28,"turns":4},{"damage":12,"enemies":"Centurion and Healer","floor":30,"turns":5},{"damage":16,"enemies":"Snake Plant","floor":31,"turns":1}],"event_choices":[{"event_name":"World of Goop","player_choice":"Gather Gold","floor":10,"damage_taken":0},{"event_name":"Match and Keep!","player_choice":"3 cards matched","floor":19,"damage_taken":0}],"boss_relics":[{"not_picked":["Runic Pyramid","Calling Bell"],"picked":"Sozu"}],"potions_floor_spawned":[1,2,14,22,24,25],"seed_played":"4427572132498268922","killed_by":"Snake Plant","ascension_level":9,"is_trial":false}