{"gold_per_floor":[118,43,43,43,58,58,92,92,92,17,92,3,14,14,14,89,89,107,107,124,124,139,139,165,165,192,192,207,233,233,233],"floor_reached":31,"playtime":1430,"items_purged":["Strike_B"],"score":501,"play_id":"956b3cc4-e5e3-46f9-a28e-0b9c4c3af094","local_time":"20190607164421","is_ascension_mode":true,"campfire_choices":[{"data":"Zap","floor":6,"key":"SMITH"},{"data":"Rip and Tear","floor":8,"key":"SMITH"},{"data":"Darkness","floor":15,"key":"SMITH"},{"floor":23,"key":"REST"},{"floor":27,"key":"REST"},{"floor":30,"key":"REST"}],"neow_cost":"NONE","seed_source_timestamp":1727102697248114,"circlet_count":0,"master_deck":["AscendersBane","Strike_B","Defend_B","Defend_B","Defend_B","Defend_B+1","Zap+1","Dualcast","FTL","Reinforced Body+1","Rip and Tear+1","Darkness+1","Coolheaded","Creative AI","Conserve Battery","Steam","Cold Snap","Hologram"],"relics":["Cracked Core","NeowsBlessing","Darkstone Periapt","Dream Catcher","Busted Crown","Pen Nib","Nilry\u0027s Codex","War Paint","Strawberry","Art of War"],"potions_floor_usage":[7,13,16,24,29,29,31],"damage_taken":[{"damage":0,"enemies":"2 Louse","floor":1,"turns":1},{"damage":0,"enemies":"Small Slimes","floor":3,"turns":1},{"damage":0,"enemies":"Cultist","floor":5,"turns":1},{"damage":18,"enemies":"Gremlin Nob","floor":7,"turns":4},{"damage":0,"enemies":"Lots of Slimes","floor":13,"turns":4},{"damage":13,"enemies":"The Guardian","floor":16,"turns":9},{"damage":11,"enemies":"Chosen","floor":18,"turns":5},{"damage":10,"enemies":"Shell Parasite","floor":20,"turns":5},{"damage":8,"enemies":"Centurion and Healer","floor":22,"turns":11},{"damage":27,"enemies":"Slavers","floor":24,"turns":4},{"damage":3,"enemies":"Sentry and Sphere","floor":28,"turns":7},{"damage":21,"enemies":"Gremlin Leader","floor":29,"turns":6},{"damage":44,"enemies":"Cultist and Chosen","floor":31,"turns":5}],"seed_played":"-6919470468740533227","potions_obtained":[{"floor":4,"key":"SteroidPotion"},{"floor":4,"key":"SteroidPotion"},{"floor":5,"key":"SkillPotion"},{"floor":7,"key":"Swift Potion"},{"floor":13,"key":"LiquidBronze"},{"floor":22,"key":"PowerPotion"},{"floor":28,"key":"FocusPotion"},{"floor":29,"key":"Fire Potion"}],"is_trial":false,"path_per_floor":["M","?","M","?","M","R","E","R","T","$","?","$","M","?","R","B",null,"M","T","M","?","M","R","E","?","T","R","M","E","R","M"],"character_chosen":"DEFECT","items_purchased":["Darkness"],"campfire_rested":3,"item_purchase_floors":[12],"current_hp_per_floor":[64,64,64,64,64,64,46,46,46,46,35,35,35,35,35,22,59,48,48,38,17,9,30,3,3,10,33,30,9,32,0],"gold":233,"neow_bonus":"THREE_ENEMY_KILL","is_prod":false,"is_daily":false,"chose_seed":false,"campfire_upgraded":3,"win_rate":0,"timestamp":1559940261,"path_taken":["M","?","M","?","?","R","E","R","T","?","?","?","?","?","R","BOSS","M","?","M","?","M","R","E","?","T","R","M","E","R","M"],"build_version":"2019-01-23","purchased_purges":1,"victory":false,"max_hp_per_floor":[71,71,71,71,71,71,71,71,71,71,71,71,71,71,71,71,71,71,71,71,71,71,71,71,71,78,78,78,78,78,78],"card_choices":[{"not_picked":["Sweeping Beam","Stack"],"picked":"FTL","floor":1},{"not_picked":["Sweeping Beam","Compile Driver","Go for the Eyes"],"picked":"SKIP","floor":3},{"not_picked":["Reprogram","Fusion"],"picked":"Reinforced Body","floor":5},{"not_picked":["Aggregate","Stack"],"picked":"Rip and Tear","floor":7},{"not_picked":["Hologram","Meteor Strike"],"picked":"Coolheaded","floor":13},{"not_picked":["Hyperbeam","Electrodynamics"],"picked":"Creative AI","floor":16},{"not_picked":[],"picked":"Conserve Battery","floor":18},{"not_picked":["Hello World"],"picked":"SKIP","floor":20},{"not_picked":["Barrage"],"picked":"SKIP","floor":22},{"not_picked":[],"picked":"Steam","floor":24},{"not_picked":[],"picked":"Cold Snap","floor":27},{"not_picked":["Rip and Tear"],"picked":"SKIP","floor":28},{"not_picked":[],"picked":"Hologram","floor":29}],"player_experience":769161,"relics_obtained":[{"floor":7,"key":"Darkstone Periapt"},{"floor":9,"key":"Dream Catcher"},{"floor":19,"key":"Pen Nib"},{"floor":21,"key":"Nilry\u0027s Codex"},{"floor":24,"key":"War Paint"},{"floor":26,"key":"Strawberry"},{"floor":29,"key":"Art of War"}],"event_choices":[{"cards_removed":["Strike_B"],"damage_healed":0,"gold_gain":0,"player_choice":"Card Removal","damage_taken":0,"max_hp_gain":0,"max_hp_loss":0,"event_name":"The Cleric","floor":2,"gold_loss":75},{"damage_healed":0,"gold_gain":0,"player_choice":"Got Potions","damage_taken":0,"max_hp_gain":0,"max_hp_loss":0,"event_name":"Lab","floor":4,"gold_loss":0},{"damage_healed":0,"gold_gain":75,"player_choice":"Gather Gold","damage_taken":11,"max_hp_gain":0,"max_hp_loss":0,"event_name":"World of Goop","floor":11,"gold_loss":0},{"cards_removed":["Strike_B"],"damage_healed":0,"gold_gain":0,"player_choice":"Offered Basic","damage_taken":0,"max_hp_gain":0,"max_hp_loss":0,"event_name":"Bonfire Elementals","floor":14,"gold_loss":0},{"damage_healed":0,"gold_gain":0,"player_choice":"Obtained Book","damage_taken":21,"max_hp_gain":0,"max_hp_loss":0,"event_name":"Cursed Tome","floor":21,"gold_loss":0},{"damage_healed":0,"gold_gain":0,"player_choice":"Ignored","damage_taken":0,"max_hp_gain":0,"max_hp_loss":0,"event_name":"The Mausoleum","floor":25,"gold_loss":0}],"is_beta":false,"boss_relics":[{"not_picked":["Runic Pyramid","Empty Cage"],"picked":"Busted Crown"}],"items_purged_floors":[10],"is_endless":false,"potions_floor_spawned":[5,7,13,22,28,29],"killed_by":"Cultist and Chosen","ascension_level":17}