{"gold_per_floor":[109,109,34,53,66,66,105,105,105,105,130,130,201,222,222,311,311,330,345,22,22,40,40,40,40,112,112,27,27,27],"floor_reached":30,"playtime":1017,"items_purged":["Strike_R"],"score":462,"play_id":"d897e220-50d9-4450-9ec1-5ecc2e2a3bbd","local_time":"20190113172326","is_ascension_mode":true,"campfire_choices":[{"data":"Flex","floor":6,"key":"SMITH"},{"data":"Iron Wave","floor":10,"key":"SMITH"},{"floor":12,"key":"REST"},{"data":"Uppercut","floor":15,"key":"SMITH"},{"floor":23,"key":"REST"},{"data":"Barricade","floor":25,"key":"SMITH"},{"data":"Rampage","floor":27,"key":"SMITH"},{"data":"Bite","floor":29,"key":"SMITH"}],"neow_cost":"NONE","seed_source_timestamp":67530855925858,"circlet_count":0,"master_deck":["AscendersBane","Defend_R","Defend_R","Defend_R","Defend_R","Bash+1","Iron Wave+1","Ghostly Armor","Flex+1","Flame Barrier+1","True Grit+1","Rampage+1","Uppercut+1","Barricade+1","Iron Wave+1","Bite","Bite","Bite","Bite+1","Bite","Warcry+1"],"relics":["Burning Blood","Golden Idol","Toxic Egg 2","Kunai","Tiny Chest","Mark of Pain","Ice Cream","Blue Candle","Happy Flower"],"potions_floor_usage":[13,16,18],"damage_taken":[{"damage":4,"enemies":"2 Louse","floor":1,"turns":3},{"damage":0,"enemies":"Small Slimes","floor":4,"turns":3},{"damage":12,"enemies":"Cultist","floor":5,"turns":4},{"damage":32,"enemies":"Lagavulin","floor":7,"turns":7},{"damage":19,"enemies":"Gremlin Gang","floor":11,"turns":8},{"damage":9,"enemies":"Gremlin Nob","floor":13,"turns":4},{"damage":4,"enemies":"Lots of Slimes","floor":14,"turns":5},{"damage":8,"enemies":"Hexaghost","floor":16,"turns":8},{"damage":15,"enemies":"3 Byrds","floor":18,"turns":5},{"damage":30,"enemies":"Spheric Guardian","floor":19,"turns":7},{"damage":21,"enemies":"Snecko","floor":22,"turns":6},{"damage":49,"enemies":"Book of Stabbing","floor":30,"turns":6}],"seed_played":"-2884215359700040204","potions_obtained":[{"floor":7,"key":"SneckoOil"},{"floor":11,"key":"Poison Potion"},{"floor":13,"key":"SkillPotion"},{"floor":16,"key":"Fire Potion"},{"floor":19,"key":"SteroidPotion"}],"is_trial":false,"path_per_floor":["M","?","$","M","M","R","E","?","T","R","M","R","E","M","R","B",null,"M","M","$","?","M","R","$","R","T","R","?","R","E"],"character_chosen":"IRONCLAD","items_purchased":["Ice Cream"],"campfire_rested":2,"item_purchase_floors":[20],"current_hp_per_floor":[70,68,68,68,62,62,36,36,36,36,23,43,40,42,42,40,61,52,28,28,28,25,39,39,39,39,39,39,39,0],"gold":27,"neow_bonus":"UPGRADE_CARD","is_prod":false,"is_daily":false,"chose_seed":false,"campfire_upgraded":6,"win_rate":0,"timestamp":1547371406,"path_taken":["M","?","$","M","M","R","E","?","T","R","?","R","E","?","R","BOSS","M","?","$","?","M","R","$","R","T","R","?","R","E"],"build_version":"2019-01-10","purchased_purges":1,"victory":false,"max_hp_per_floor":[75,68,68,68,68,68,68,68,68,68,68,68,68,68,68,68,68,68,68,68,47,47,47,47,47,47,47,47,47,47],"card_choices":[{"not_picked":["Body Slam","Clash"],"picked":"Iron Wave","floor":1},{"not_picked":["Rupture","Armaments"],"picked":"Ghostly Armor","floor":4},{"not_picked":["Shrug It Off","Clothesline"],"picked":"Flex","floor":5},{"not_picked":["Berserk","Shrug It Off"],"picked":"Flame Barrier","floor":7},{"not_picked":["Infernal Blade+1","Rupture"],"picked":"True Grit+1","floor":11},{"not_picked":["Uppercut","Carnage"],"picked":"Rampage","floor":13},{"not_picked":["Pommel Strike","Feel No Pain"],"picked":"Uppercut","floor":14},{"not_picked":["Fiend Fire","Demon Form"],"picked":"Barricade","floor":16},{"not_picked":["Headbutt","Heavy Blade","Sword Boomerang"],"picked":"SKIP","floor":18},{"not_picked":["Headbutt","True Grit+1"],"picked":"Iron Wave+1","floor":19},{"not_picked":["Clothesline+1","Iron Wave"],"picked":"Warcry+1","floor":22}],"player_experience":669667,"relics_obtained":[{"floor":7,"key":"Toxic Egg 2"},{"floor":9,"key":"Kunai"},{"floor":13,"key":"Tiny Chest"},{"floor":26,"key":"Blue Candle"}],"event_choices":[{"damage_healed":0,"gold_gain":0,"player_choice":"Lose Max HP","damage_taken":0,"relics_obtained":["Golden Idol"],"max_hp_gain":0,"max_hp_loss":7,"event_name":"Golden Idol","floor":2,"gold_loss":0},{"damage_healed":0,"gold_gain":0,"player_choice":"Leave","damage_taken":0,"max_hp_gain":0,"max_hp_loss":0,"event_name":"FaceTrader","floor":8,"gold_loss":0},{"damage_healed":0,"gold_gain":0,"player_choice":"Became a vampire","damage_taken":0,"max_hp_gain":0,"max_hp_loss":21,"event_name":"Vampires","floor":21,"gold_loss":0,"cards_obtained":["Bite","Bite","Bite","Bite","Bite"]},{"damage_healed":0,"gold_gain":0,"player_choice":"Obtained Relic","damage_taken":0,"relics_obtained":["Happy Flower"],"max_hp_gain":0,"max_hp_loss":0,"event_name":"Addict","floor":28,"gold_loss":85}],"is_beta":false,"boss_relics":[{"not_picked":["Orrery","Astrolabe"],"picked":"Mark of Pain"}],"items_purged_floors":[3],"is_endless":false,"potions_floor_spawned":[7,11,13,16,19],"killed_by":"Book of Stabbing","ascension_level":17}