{"path_per_floor":["M","?","M","?","M","E","R","M","T","M","$","R","M","?","R","B",null,"M","?","M","?","M","R","T","R","T","R","M","R","M","?","R","B",null,"M","?","T","M","M","R","M","?","T","$","M","?","R"],"character_chosen":"DEFECT","items_purchased":["Blood Vial","Capacitor"],"gold_per_floor":[109,109,119,119,137,172,172,184,184,194,41,41,56,56,56,155,155,172,172,191,106,122,122,122,122,122,122,136,136,152,152,152,251,251,267,267,267,281,297,297,312,312,312,187,203,203,203,203],"floor_reached":48,"campfire_rested":5,"playtime":2918,"current_hp_per_floor":[75,75,70,70,67,37,59,53,53,53,53,53,54,54,54,33,75,53,53,47,47,35,57,57,57,57,57,53,53,48,48,70,2,75,69,69,69,65,39,61,48,48,48,48,15,15,37,0],"items_purged":["Strike_B"],"gold":203,"score":432,"play_id":"3426e2f7-23eb-4566-ba82-05a5da05134a","local_time":"20180426191943","is_prod":false,"is_daily":false,"chose_seed":false,"is_ascension_mode":false,"campfire_upgraded":5,"timestamp":1524788383,"path_taken":["M","?","M","?","M","E","R","M","T","M","$","R","M","?","R","BOSS","M","?","M","?","M","R","?","R","T","R","M","R","M","?","R","BOSS","M","?","?","M","M","R","M","?","T","$","?","?","R","M"],"build_version":"2018-04-26","seed_source_timestamp":1322163882708194,"purchased_purges":1,"victory":false,"master_deck":["Strike_B+1","Strike_B","Strike_B+1","Defend_B","Defend_B","Defend_B","Defend_B","Zap+1","Dualcast+1","Flash of Steel","Beam Cell","Ball Lightning","Beam Cell","Stack","Biased Cognition","Capacitor+1","Prime+1","Leap+1","Ball Lightning+1","Impulse+1","Darkness+1","Zap","Cold Snap","Impulse+1","Skim","Stack+1","Stack+1","Capacitor"],"max_hp_per_floor":[75,75,75,75,75,75,75,75,75,75,75,75,75,75,75,75,75,75,75,75,75,75,75,75,75,75,75,75,75,75,75,75,75,75,75,75,75,75,75,75,75,75,75,75,75,75,75,75],"relics":["Cracked Core","Bag of Marbles","Whetstone","Blood Vial","Cursed Key","Centennial Puzzle","Kunai","Sozu"],"card_choices":[{"not_picked":["Barrage","Ball Lightning"],"picked":"Sweeping Beam","floor":1},{"not_picked":["Leap","Skim"],"picked":"Beam Cell","floor":3},{"not_picked":["Blizzard","Sweeping Beam"],"picked":"Ball Lightning","floor":5},{"not_picked":["Steam Power","Genetic Algorithm"],"picked":"Beam Cell","floor":6},{"not_picked":["Barrage","Loop"],"picked":"Stack","floor":8},{"not_picked":["Force Field","Blizzard"],"picked":"Biased Cognition","floor":10},{"not_picked":["Streamline","Ball Lightning"],"picked":"Capacitor","floor":13},{"not_picked":["Amplify","Biased Cognition"],"picked":"Prime","floor":16},{"not_picked":["Streamline","Go for the Eyes"],"picked":"Leap","floor":18},{"not_picked":["Multi-Cast","Hello World"],"picked":"Ball Lightning","floor":22},{"not_picked":["Doom and Gloom","Beam Cell"],"picked":"Impulse","floor":28},{"not_picked":["Stack","Streamline"],"picked":"Darkness","floor":30},{"not_picked":["Aggregate","Go for the Eyes"],"picked":"Impulse","floor":35},{"not_picked":["Chaos","Steam Power"],"picked":"Skim","floor":38},{"not_picked":["Axe Kick","Gash"],"picked":"Stack","floor":39},{"not_picked":["Hello World","Beam Cell"],"picked":"Stack","floor":41}],"player_experience":29489,"potions_floor_usage":[16,16,22,33],"damage_taken":[{"damage":0,"enemies":"Small Slimes","floor":1,"turns":3},{"damage":5,"enemies":"Cultist","floor":3,"turns":4},{"damage":3,"enemies":"Jaw Worm","floor":5,"turns":3},{"damage":30,"enemies":"3 Sentries","floor":6,"turns":6},{"damage":6,"enemies":"2 Fungi Beasts","floor":8,"turns":3},{"damage":0,"enemies":"Large Slime","floor":10,"turns":4},{"damage":1,"enemies":"Exordium Wildlife","floor":13,"turns":3},{"damage":23,"enemies":"Hexaghost","floor":16,"turns":8},{"damage":22,"enemies":"Spheric Guardian","floor":18,"turns":4},{"damage":8,"enemies":"Shell Parasite","floor":20,"turns":4},{"damage":14,"enemies":"3 Cultists","floor":22,"turns":4},{"damage":6,"enemies":"Snecko","floor":28,"turns":4},{"damage":7,"enemies":"Slaver and Parasite","floor":30,"turns":5},{"damage":70,"enemies":"Champ","floor":33,"turns":11},{"damage":6,"enemies":"Flame Bruiser 1 Orb","floor":35,"turns":4},{"damage":6,"enemies":"Orb Walker","floor":38,"turns":3},{"damage":28,"enemies":"Maw","floor":39,"turns":6},{"damage":15,"enemies":"Spire Growth","floor":41,"turns":4},{"damage":35,"enemies":"Sphere and 2 Shapes","floor":45,"turns":5},{"damage":41,"enemies":"4 Shapes","floor":48,"turns":3}],"event_choices":[{"event_name":"Match and Keep!","player_choice":"1 cards matched","floor":2,"damage_taken":0},{"event_name":"Liars Game","player_choice":"disagreed","floor":4,"damage_taken":0},{"event_name":"Upgrade Shrine","player_choice":"Upgraded","floor":14,"damage_taken":0},{"event_name":"Vampires","player_choice":"Ignored","floor":19,"damage_taken":0},{"event_name":"Addict","player_choice":"Obtained Relic","floor":21,"damage_taken":0},{"event_name":"Match and Keep!","player_choice":"2 cards matched","floor":31,"damage_taken":0},{"event_name":"Fountain of Cleansing","player_choice":"Removed Curse","floor":36,"damage_taken":0},{"event_name":"Mysterious Sphere","player_choice":"Ignore","floor":42,"damage_taken":0}],"boss_relics":[{"not_picked":["Orrery","White Beast Statue"],"picked":"Cursed Key"},{"not_picked":["Tiny House","Snecko Eye"],"picked":"Sozu"}],"potions_floor_spawned":[5,8,13,28,38,41],"seed_played":"-1779196572632723047","killed_by":"4 Shapes","ascension_level":0,"is_trial":false}