{"gold_per_floor":[112,132,132,151,171,201,201,126,126,126,126],"floor_reached":11,"playtime":331,"items_purged":["Strike_R"],"score":124,"play_id":"33275420-2017-478b-8a50-86d4131d5590","local_time":"20181223122916","is_ascension_mode":true,"campfire_choices":[{"data":"Rampage","floor":7,"key":"SMITH"},{"data":"Bash","floor":10,"key":"SMITH"}],"neow_cost":"NONE","seed_source_timestamp":154244934546774,"circlet_count":0,"master_deck":["AscendersBane","Strike_R","Strike_R","Strike_R","Strike_R","Defend_R","Defend_R","Defend_R","Defend_R","Bash+1","Uppercut+1","Rampage+1"],"relics":["Burning Blood","Vajra","Pantograph","Question Card"],"potions_floor_usage":[2],"damage_taken":[{"damage":10,"enemies":"Small Slimes","floor":1,"turns":4},{"damage":0,"enemies":"Cultist","floor":2,"turns":3},{"damage":7,"enemies":"Jaw Worm","floor":4,"turns":3},{"damage":28,"enemies":"Large Slime","floor":5,"turns":5},{"damage":31,"enemies":"Lagavulin","floor":6,"turns":6},{"damage":22,"enemies":"Exordium Wildlife","floor":11,"turns":2}],"seed_played":"-4455137539471230034","potions_obtained":[{"floor":1,"key":"Poison Potion"},{"floor":6,"key":"Weak Potion"}],"is_trial":false,"path_per_floor":["M","M","?","M","M","E","R","$","T","R","M"],"character_chosen":"IRONCLAD","items_purchased":[],"campfire_rested":0,"item_purchase_floors":[],"current_hp_per_floor":[64,70,70,69,47,22,22,22,22,22,0],"gold":126,"neow_bonus":"RANDOM_COMMON_RELIC","is_prod":false,"is_daily":false,"chose_seed":false,"campfire_upgraded":2,"win_rate":0,"timestamp":1545539356,"path_taken":["M","M","?","M","M","E","R","?","T","R","M"],"build_version":"2018-12-20","purchased_purges":1,"victory":false,"max_hp_per_floor":[75,75,75,75,75,75,75,75,75,75,75],"card_choices":[{"not_picked":["Wild Strike","Armaments"],"picked":"Uppercut","floor":1},{"not_picked":["Clash","Clothesline","Disarm"],"picked":"SKIP","floor":2},{"not_picked":["Second Wind","Inflame"],"picked":"Rampage","floor":4},{"not_picked":["Pommel Strike","Havoc","Clothesline"],"picked":"SKIP","floor":5},{"not_picked":["Disarm","Clothesline","Intimidate"],"picked":"SKIP","floor":6}],"player_experience":606944,"relics_obtained":[{"floor":6,"key":"Pantograph"},{"floor":9,"key":"Question Card"}],"event_choices":[{"damage_healed":0,"gold_gain":0,"player_choice":"Forge","damage_taken":0,"max_hp_gain":0,"max_hp_loss":0,"event_name":"Accursed Blacksmith","floor":3,"gold_loss":0,"cards_upgraded":["Uppercut"]}],"is_beta":false,"boss_relics":[],"items_purged_floors":[8],"is_endless":false,"potions_floor_spawned":[1,6],"killed_by":"Exordium Wildlife","ascension_level":14}