{"gold_per_floor":[118,66,16,27,39,39,72,72,72,72,125,150,181,200,200,328,328,353,372,391,414,430,430,443,443,467,24,24,40,75,5,5,135,135,155,174,189,237,258,258,299,299,299,324,340,340,373,388,388,388],"floor_reached":51,"playtime":5756,"items_purged":["Strike_B"],"score":718,"play_id":"9c112dff-1d97-413d-aeb3-2f8b1a0f1cbe","local_time":"20190122053245","is_ascension_mode":false,"campfire_choices":[{"data":"Gash","floor":6.0,"key":"SMITH"},{"data":"Go for the Eyes","floor":8.0,"key":"SMITH"},{"floor":15.0,"key":"REST"},{"floor":23.0,"key":"REST"},{"data":"Genetic Algorithm","floor":25.0,"key":"SMITH"},{"floor":32.0,"key":"REST"},{"floor":40.0,"key":"REST"},{"floor":42.0,"key":"REST"},{"floor":46.0,"key":"REST"},{"floor":49.0,"key":"REST"}],"neow_cost":"NONE","seed_source_timestamp":30602652440900,"circlet_count":0,"master_deck":["Strike_B","Strike_B","Defend_B","Defend_B","Defend_B+1","Defend_B","Zap","Dualcast+1","Streamline","Gash+1","Go for the Eyes","Go for the Eyes+1","Stack","Beam Cell","Go for the Eyes","Echo Form","Steam+1","Go for the Eyes","FTL","Genetic Algorithm+1","Go for the Eyes","Scrape","Panache","Reprogram+1","Double Energy+1","Chill+1","Amplify+1","Streamline+1","White Noise+1","Auto Shields+1","Self Repair","Stack+1"],"special_seed":0,"relics":["Runic Pyramid","Bottled Lightning","Matryoshka","Golden Idol","Blood Vial","Centennial Puzzle","Vajra","Nuclear Battery","Toxic Egg 2","Bag of Preparation","War Paint","MutagenicStrength","Anchor","Lizard Tail","Potion Belt","Juzu Bracelet","Mercury Hourglass","Mummified Hand"],"potions_floor_usage":[],"damage_taken":[{"damage":1.0,"enemies":"Jaw Worm","floor":1.0,"turns":3.0},{"damage":7.0,"enemies":"Small Slimes","floor":4.0,"turns":4.0},{"damage":0.0,"enemies":"Cultist","floor":5.0,"turns":3.0},{"damage":21.0,"enemies":"3 Sentries","floor":7.0,"turns":7.0},{"damage":1.0,"enemies":"Red Slaver","floor":12.0,"turns":3.0},{"damage":19.0,"enemies":"Gremlin Nob","floor":13.0,"turns":4.0},{"damage":4.0,"enemies":"Large Slime","floor":14.0,"turns":6.0},{"damage":28.0,"enemies":"The Guardian","floor":16.0,"turns":10.0},{"damage":26.0,"enemies":"2 Thieves","floor":18.0,"turns":4.0},{"damage":5.0,"enemies":"3 Byrds","floor":19.0,"turns":6.0},{"damage":18.0,"enemies":"Cultist and Chosen","floor":20.0,"turns":6.0},{"damage":6.0,"enemies":"3 Cultists","floor":21.0,"turns":6.0},{"damage":3.0,"enemies":"Centurion and Healer","floor":22.0,"turns":7.0},{"damage":10.0,"enemies":"Snecko","floor":24.0,"turns":6.0},{"damage":0.0,"enemies":"3 Cultists","floor":29.0,"turns":4.0},{"damage":8.0,"enemies":"Slavers","floor":30.0,"turns":4.0},{"damage":32.0,"enemies":"Collector","floor":33.0,"turns":8.0},{"damage":16.0,"enemies":"3 Shapes","floor":35.0,"turns":6.0},{"damage":0.0,"enemies":"Orb Walker","floor":36.0,"turns":4.0},{"damage":25.0,"enemies":"4 Shapes","floor":37.0,"turns":4.0},{"damage":27.0,"enemies":"Spire Growth","floor":39.0,"turns":6.0},{"damage":64.0,"enemies":"Reptomancer","floor":41.0,"turns":4.0},{"damage":12.0,"enemies":"3 Darklings","floor":44.0,"turns":4.0},{"damage":16.0,"enemies":"Sphere and 2 Shapes","floor":45.0,"turns":5.0},{"damage":4.0,"enemies":"Giant Head","floor":47.0,"turns":8.0},{"damage":14.0,"enemies":"4 Shapes","floor":48.0,"turns":5.0},{"damage":47,"enemies":"Time Eater","floor":50,"turns":14}],"seed_played":"7752721142095074945","potions_obtained":[{"floor":1.0,"key":"Strength Potion"},{"floor":12.0,"key":"Fire Potion"},{"floor":13.0,"key":"SteroidPotion"},{"floor":21.0,"key":"Block Potion"},{"floor":22.0,"key":"LiquidBronze"},{"floor":24.0,"key":"FocusPotion"},{"floor":29.0,"key":"Dexterity Potion"},{"floor":33.0,"key":"EntropicBrew"},{"floor":35.0,"key":"Dexterity Potion"},{"floor":36.0,"key":"FearPotion"},{"floor":45.0,"key":"SneckoOil"},{"floor":48.0,"key":"FearPotion"}],"is_trial":false,"path_per_floor":["M","$","?","M","M","R","E","R","T","?","T","M","E","M","R","B",null,"M","M","M","M","M","R","M","R","T","$","?","M","E","$","R","B",null,"M","M","M","T","M","R","E","R","T","M","M","R","E","M","R","B",null],"character_chosen":"DEFECT","items_purchased":["Gash","Scrape","Panache","War Paint","Chill+1"],"campfire_rested":7,"item_purchase_floors":[2,27,27,27,31],"current_hp_per_floor":[74,74,74,67,67,67,46,46,46,28,28,29,12,10,32,6,75,49,46,30,26,25,47,39,39,39,39,39,41,35,35,57,27,75,59,61,38,38,13,35,18,40,40,30,16,38,36,31,53,15],"gold":388,"neow_bonus":"BOSS_RELIC","is_prod":false,"is_daily":false,"chose_seed":false,"campfire_upgraded":3,"win_rate":0.0,"timestamp":1548131565,"path_taken":["M","$","?","M","M","R","E","R","T","?","?","M","E","M","R","BOSS","M","M","M","M","M","R","M","R","T","$","?","M","E","?","R","BOSS","M","M","?","?","M","R","E","R","T","M","M","R","E","M","R","BOSS"],"build_version":"2019-01-17v2","purchased_purges":1,"victory":true,"max_hp_per_floor":[75,75,75,75,75,75,75,75,75,75,75,75,75,75,75,75,75,75,75,75,75,75,75,75,75,75,75,75,75,75,75,75,75,75,75,75,75,75,75,75,75,75,75,75,75,75,75,75,75,75],"card_choices":[{"not_picked":["Blizzard","Rip and Tear"],"picked":"Streamline","floor":1.0},{"not_picked":["Compile Driver","Rebound"],"picked":"Go for the Eyes","floor":4.0},{"not_picked":["Defragment","Streamline"],"picked":"Go for the Eyes","floor":5.0},{"not_picked":["Static Discharge","Blizzard","Rainbow"],"picked":"SKIP","floor":7.0},{"not_picked":["Capacitor","Glacier"],"picked":"Stack","floor":12.0},{"not_picked":["Darkness","Coolheaded"],"picked":"Beam Cell","floor":13.0},{"not_picked":["Barrage","Undo"],"picked":"Go for the Eyes","floor":14.0},{"not_picked":["Creative AI","Core Surge"],"picked":"Echo Form","floor":16.0},{"not_picked":["Coolheaded","Go for the Eyes"],"picked":"Steam+1","floor":18.0},{"not_picked":["Redo","Lockon"],"picked":"Go for the Eyes","floor":19.0},{"not_picked":["Ball Lightning","Rip and Tear"],"picked":"FTL","floor":20.0},{"not_picked":["Reinforced Body","Echo Form"],"picked":"Genetic Algorithm","floor":21.0},{"not_picked":["Cold Snap","Double Energy"],"picked":"Go for the Eyes","floor":22.0},{"not_picked":["Darkness","Rebound","Lockon"],"picked":"SKIP","floor":24.0},{"not_picked":["Rebound+1","Capacitor"],"picked":"Reprogram+1","floor":29.0},{"not_picked":["Undo+1","Tempest+1"],"picked":"Double Energy+1","floor":30.0},{"not_picked":["Machine Learning","Multi-Cast+1"],"picked":"Amplify+1","floor":33.0},{"not_picked":["Sunder","Cold Snap","Darkness+1"],"picked":"SKIP","floor":35.0},{"not_picked":["Leap+1","Rip and Tear"],"picked":"Streamline+1","floor":36.0},{"not_picked":["Lockon","Leap+1","Doom and Gloom+1"],"picked":"SKIP","floor":37.0},{"not_picked":["Static Discharge","Hologram+1"],"picked":"White Noise+1","floor":39.0},{"not_picked":["Steam+1","Core Surge","Darkness+1"],"picked":"SKIP","floor":41.0},{"not_picked":["Sweeping Beam+1","Beam Cell+1"],"picked":"Auto Shields+1","floor":44.0},{"not_picked":["Storm","Compile Driver+1","Cold Snap+1"],"picked":"SKIP","floor":45.0},{"not_picked":["Streamline","Turbo+1"],"picked":"Self Repair","floor":47.0},{"not_picked":["Rebound","Auto Shields+1"],"picked":"Stack+1","floor":48.0}],"player_experience":44767,"relics_obtained":[{"floor":7.0,"key":"Bottled Lightning"},{"floor":9.0,"key":"Matryoshka"},{"floor":11.0,"key":"Blood Vial"},{"floor":11.0,"key":"Centennial Puzzle"},{"floor":13.0,"key":"Vajra"},{"floor":26.0,"key":"Toxic Egg 2"},{"floor":26.0,"key":"Bag of Preparation"},{"floor":30.0,"key":"Anchor"},{"floor":38.0,"key":"Potion Belt"},{"floor":41.0,"key":"Juzu Bracelet"},{"floor":43.0,"key":"Mercury Hourglass"},{"floor":47.0,"key":"Mummified Hand"}],"event_choices":[{"cards_removed":["Strike_B"],"damage_healed":0.0,"max_hp_gain":0.0,"max_hp_loss":0.0,"gold_gain":0.0,"event_name":"The Cleric","player_choice":"Card Removal","floor":3.0,"gold_loss":50.0,"damage_taken":0.0},{"damage_healed":0.0,"max_hp_gain":0.0,"max_hp_loss":0.0,"gold_gain":0.0,"event_name":"Golden Idol","player_choice":"Take Damage","floor":10.0,"gold_loss":0.0,"damage_taken":18.0,"relics_obtained":["Golden Idol"]},{"damage_healed":0.0,"max_hp_gain":0.0,"max_hp_loss":0.0,"gold_gain":0.0,"event_name":"Drug Dealer","player_choice":"Inject Mutagens","floor":28.0,"gold_loss":0.0,"damage_taken":0.0,"relics_obtained":["MutagenicStrength"]}],"is_beta":false,"boss_relics":[{"not_picked":["Calling Bell","Velvet Choker"],"picked":"Nuclear Battery"},{"not_picked":["Black Star","White Beast Statue"],"picked":"Lizard Tail"}],"items_purged_floors":[27],"is_endless":false,"potions_floor_spawned":[1,12,13,21,22,24,29,33,35,36,45,48],"ascension_level":0}