{"gold_per_floor":[113,132,132,57,57,57,83,98,98,98,117,117,134,153,153,153],"floor_reached":16,"playtime":639,"items_purged":["Strike_R"],"score":163,"play_id":"460042e4-1eeb-4376-8eb7-e3cf755d0553","local_time":"20181215200130","is_ascension_mode":true,"campfire_choices":[{"data":"Bash","floor":6,"key":"SMITH"},{"data":"1","floor":10,"key":"LIFT"},{"data":"2","floor":15,"key":"LIFT"}],"neow_cost":"NONE","seed_source_timestamp":265080981631086,"circlet_count":0,"master_deck":["AscendersBane","Strike_R","Strike_R","Strike_R","Defend_R","Defend_R","Defend_R","Defend_R","Bash+1","Deep Breath","Twin Strike","Ghostly Armor","Iron Wave"],"relics":["Burning Blood","Calipers","Girya","Self Forming Clay","Bag of Marbles"],"potions_floor_usage":[7,13,14],"damage_taken":[{"damage":14,"enemies":"Small Slimes","floor":1,"turns":4},{"damage":8,"enemies":"2 Louse","floor":2,"turns":4},{"damage":32,"enemies":"Gremlin Nob","floor":7,"turns":4},{"damage":6,"enemies":"Jaw Worm","floor":8,"turns":4},{"damage":8,"enemies":"Blue Slaver","floor":11,"turns":4},{"damage":5,"enemies":"3 Louse","floor":13,"turns":4},{"damage":15,"enemies":"Gremlin Gang","floor":14,"turns":4},{"damage":37,"enemies":"Hexaghost","floor":16,"turns":12}],"seed_played":"4033704471290597312","potions_obtained":[{"floor":2,"key":"Fire Potion"},{"floor":8,"key":"BloodPotion"},{"floor":11,"key":"LiquidBronze"}],"is_trial":false,"path_per_floor":["M","M","?","$","?","R","E","M","T","R","M","?","M","M","R","B"],"character_chosen":"IRONCLAD","items_purchased":[],"campfire_rested":0,"item_purchase_floors":[],"current_hp_per_floor":[64,62,62,62,59,59,33,33,33,33,31,31,40,31,31,0],"gold":153,"neow_bonus":"RANDOM_COLORLESS","is_prod":false,"is_daily":false,"chose_seed":false,"campfire_upgraded":1,"win_rate":0,"timestamp":1544875290,"path_taken":["M","M","?","$","?","R","E","M","T","R","M","?","M","M","R","BOSS"],"build_version":"2018-12-13","purchased_purges":1,"victory":false,"max_hp_per_floor":[80,80,80,80,80,80,80,80,80,80,80,80,80,80,80,80],"card_choices":[{"not_picked":["Sever Soul","Shrug It Off","Havoc"],"picked":"SKIP","floor":1},{"not_picked":["True Grit","Warcry"],"picked":"Twin Strike","floor":2},{"not_picked":["Armaments","Shockwave","Shrug It Off"],"picked":"SKIP","floor":7},{"not_picked":["Havoc","Heavy Blade"],"picked":"Ghostly Armor","floor":8},{"not_picked":["Wild Strike","Evolve","Spot Weakness"],"picked":"SKIP","floor":11},{"not_picked":["Anger","Metallicize"],"picked":"Iron Wave","floor":13},{"not_picked":["Fire Breathing","Flex","Body Slam"],"picked":"SKIP","floor":14}],"player_experience":577221,"relics_obtained":[{"floor":7,"key":"Girya"},{"floor":9,"key":"Self Forming Clay"}],"event_choices":[{"cards_removed":["Strike_R"],"damage_healed":0,"gold_gain":0,"player_choice":"Forget","damage_taken":0,"max_hp_gain":0,"max_hp_loss":0,"event_name":"Living Wall","floor":3,"gold_loss":0},{"damage_healed":0,"gold_gain":0,"player_choice":"Success","damage_taken":3,"relics_obtained":["Calipers"],"max_hp_gain":0,"max_hp_loss":0,"event_name":"Scrap Ooze","floor":5,"gold_loss":0},{"damage_healed":0,"gold_gain":0,"player_choice":"Searched \u00272\u0027 times","damage_taken":0,"relics_obtained":["Bag of Marbles"],"max_hp_gain":0,"max_hp_loss":0,"event_name":"Dead Adventurer","floor":12,"gold_loss":0}],"is_beta":false,"boss_relics":[],"items_purged_floors":[4],"is_endless":false,"potions_floor_spawned":[2,8,11],"killed_by":"Hexaghost","ascension_level":12}