{"gold_per_floor":[10,22,22,38,38,38,38,38,84,112,37,37,56,74,74,74],"floor_reached":16,"playtime":1211,"items_purged":["Defend_R"],"score":135,"play_id":"3eb0eaae-142a-44c3-a6df-22ff819bfeec","local_time":"20180815090936","is_ascension_mode":true,"campfire_choices":[{"data":"Ghostly Armor","floor":6,"key":"SMITH"},{"data":"Ghostly Armor","floor":8,"key":"SMITH"},{"data":"Whirlwind","floor":15,"key":"SMITH"}],"neow_cost":"NO_GOLD","seed_source_timestamp":93350087133743,"circlet_count":0,"master_deck":["Strike_R","Strike_R","Strike_R","Strike_R","Defend_R","Bash+1","Headbutt","Ghostly Armor+1","Ghostly Armor+1","Whirlwind+1"],"relics":["Burning Blood","Strawberry","Anchor","Lantern"],"potions_floor_usage":[16,16],"damage_taken":[{"damage":9,"enemies":"2 Louse","floor":1,"turns":4},{"damage":1,"enemies":"Cultist","floor":2,"turns":3},{"damage":7,"enemies":"Small Slimes","floor":4,"turns":4},{"damage":27,"enemies":"3 Sentries","floor":10,"turns":13},{"damage":5,"enemies":"Gremlin Gang","floor":13,"turns":7},{"damage":0,"enemies":"3 Louse","floor":14,"turns":5},{"damage":76,"enemies":"Slime Boss","floor":16,"turns":11}],"seed_played":"6089603944046236722","potions_obtained":[{"floor":2,"key":"SkillPotion"},{"floor":4,"key":"Block Potion"},{"floor":14,"key":"BloodPotion"}],"is_trial":false,"path_per_floor":["M","M","?","M","?","R","?","R","T","E","$","?","M","M","R"],"character_chosen":"IRONCLAD","items_purchased":[],"campfire_rested":0,"item_purchase_floors":[],"current_hp_per_floor":[69,74,74,73,80,80,80,80,80,59,59,59,60,66,66,0],"gold":74,"neow_bonus":"REMOVE_TWO","is_prod":false,"is_daily":false,"chose_seed":false,"campfire_upgraded":3,"win_rate":0,"timestamp":1534295376,"path_taken":["M","M","?","?","?","R","?","R","T","E","$","?","?","M","R","BOSS"],"build_version":"2018-08-09","purchased_purges":1,"victory":false,"max_hp_per_floor":[80,80,80,80,87,87,87,87,87,87,87,87,87,87,87,87],"card_choices":[{"not_picked":["Clothesline","Evolve"],"picked":"Headbutt","floor":1},{"not_picked":["Armaments","Thunderclap","Flex"],"picked":"SKIP","floor":2},{"not_picked":["Twin Strike","Heavy Blade"],"picked":"Ghostly Armor","floor":4},{"not_picked":["Body Slam","Dual Wield","Wild Strike"],"picked":"SKIP","floor":10},{"not_picked":["Hemokinesis","Reckless Charge","Havoc"],"picked":"SKIP","floor":13},{"not_picked":["Evolve","Twin Strike"],"picked":"Whirlwind","floor":14}],"player_experience":440514,"relics_obtained":[{"floor":9,"key":"Anchor"},{"floor":10,"key":"Lantern"}],"event_choices":[{"event_name":"Accursed Blacksmith","player_choice":"Forge","floor":3,"damage_taken":0},{"event_name":"WeMeetAgain","player_choice":"Potion","floor":5,"damage_taken":0},{"event_name":"Match and Keep!","player_choice":"1 cards matched","floor":7,"damage_taken":0},{"event_name":"Living Wall","player_choice":"Forget","floor":12,"damage_taken":0}],"is_beta":false,"boss_relics":[],"items_purged_floors":[11],"is_endless":false,"potions_floor_spawned":[2,4,14],"killed_by":"Slime Boss","ascension_level":7}