{"gold_per_floor":[109,184,184,204,223,223,223,253,253,253,13,33,33,44,44,122,122,135,153,153,0,18,45,45,74,99,119,119,139,139,239,239,317,317,334,348,368,368,380,380,400,87,110,110,122,132,132,112,112,112],"floor_reached":51,"playtime":3925,"items_purged":["Strike_B","Strike_B"],"score":1207,"play_id":"55f7ae7b-455d-4e59-91f3-2caf74a1136c","local_time":"20190609165613","is_ascension_mode":true,"campfire_choices":[{"data":"Zap","floor":6,"key":"SMITH"},{"data":"Defend_B","floor":10,"key":"SMITH"},{"data":"Defragment","floor":13,"key":"SMITH"},{"data":"Conserve Battery","floor":15,"key":"SMITH"},{"data":"Self Repair","floor":24,"key":"SMITH"},{"data":"Buffer","floor":28,"key":"SMITH"},{"data":"Seek","floor":30,"key":"SMITH"},{"data":"Glacier","floor":32,"key":"SMITH"},{"data":"Seek","floor":40,"key":"SMITH"},{"data":"Creative AI","floor":44,"key":"SMITH"},{"floor":49,"key":"REST"}],"neow_cost":"NONE","seed_source_timestamp":1898112592070081,"circlet_count":0,"master_deck":["AscendersBane","Defend_B+1","Defend_B+1","Defend_B","Defend_B","Zap+1","Dualcast","Steam","White Noise","Cold Snap+1","Defragment+1","FTL","Seek+1","Conserve Battery+1","Cold Snap","FTL","Electrodynamics","Leap","Rebound+1","Self Repair+1","Seek","Glacier+1","Buffer+1","Capacitor+1","Seek+1","Creative AI+1","Storm+1","Glacier+1"],"relics":["Cracked Core","NeowsBlessing","Pantograph","Prayer Wheel","Nuclear Battery","Whetstone","Orichalcum","Omamori","Ginger","Singing Bowl","Sozu","DollysMirror","Dream Catcher"],"potions_floor_usage":[19,22,50],"damage_taken":[{"damage":0,"enemies":"Jaw Worm","floor":1,"turns":1},{"damage":0,"enemies":"Small Slimes","floor":4,"turns":1},{"damage":0,"enemies":"Cultist","floor":5,"turns":1},{"damage":20,"enemies":"Lagavulin","floor":8,"turns":7},{"damage":5,"enemies":"3 Louse","floor":12,"turns":4},{"damage":7,"enemies":"Red Slaver","floor":14,"turns":3},{"damage":17,"enemies":"Slime Boss","floor":16,"turns":8},{"damage":0,"enemies":"3 Byrds","floor":18,"turns":2},{"damage":4,"enemies":"2 Thieves","floor":19,"turns":3},{"damage":14,"enemies":"Chosen and Byrds","floor":22,"turns":7},{"damage":16,"enemies":"Gremlin Leader","floor":23,"turns":9},{"damage":38,"enemies":"Slavers","floor":25,"turns":4},{"damage":0,"enemies":"Snecko","floor":27,"turns":6},{"damage":12,"enemies":"Cultist and Chosen","floor":29,"turns":6},{"damage":7,"enemies":"Colosseum Slavers","floor":31,"turns":4},{"damage":12,"enemies":"Colosseum Nobs","floor":31,"turns":5},{"damage":21,"enemies":"Champ","floor":33,"turns":19},{"damage":0,"enemies":"3 Shapes","floor":35,"turns":5},{"damage":4,"enemies":"Orb Walker","floor":36,"turns":4},{"damage":9,"enemies":"Spire Growth","floor":37,"turns":8},{"damage":0,"enemies":"Sphere and 2 Shapes","floor":39,"turns":4},{"damage":23,"enemies":"Jaw Worm Horde","floor":41,"turns":3},{"damage":24,"enemies":"Transient","floor":45,"turns":6},{"damage":29,"enemies":"3 Darklings","floor":46,"turns":4},{"damage":44,"enemies":"Time Eater","floor":50,"turns":13}],"seed_played":"-2058663709538297197","potions_obtained":[{"floor":4,"key":"Swift Potion"},{"floor":14,"key":"SteroidPotion"},{"floor":16,"key":"Energy Potion"},{"floor":19,"key":"Regen Potion"},{"floor":25,"key":"EntropicBrew"}],"is_trial":false,"path_per_floor":["M","?","?","M","M","R","?","E","T","R","$","M","R","M","R","B",null,"M","M","?","?","M","E","R","E","T","M","R","M","R","?","R","B",null,"M","M","M","?","M","R","M","$","T","R","M","M","?","?","R","B",null],"character_chosen":"DEFECT","items_purchased":["Defragment","FTL","DollysMirror"],"campfire_rested":1,"item_purchase_floors":[11,11,42],"current_hp_per_floor":[64,53,53,53,53,53,53,33,33,33,33,28,28,21,21,29,61,61,57,57,57,65,56,56,28,28,38,38,36,36,37,37,51,66,75,79,81,81,85,85,76,76,76,76,66,51,51,51,80,60],"gold":112,"neow_bonus":"THREE_ENEMY_KILL","is_prod":false,"is_daily":false,"chose_seed":false,"campfire_upgraded":10,"win_rate":0,"timestamp":1560113773,"path_taken":["M","?","?","?","M","R","?","E","T","R","$","M","R","M","R","BOSS","M","M","?","?","M","E","R","E","T","M","R","M","R","?","R","BOSS","M","M","M","?","M","R","M","$","T","R","M","M","?","?","R","BOSS"],"build_version":"2019-01-23","purchased_purges":2,"victory":true,"max_hp_per_floor":[71,71,71,71,71,71,71,71,71,71,71,71,71,71,71,71,71,71,71,71,71,71,71,71,71,71,71,71,71,71,71,71,71,71,75,79,81,81,85,85,89,89,89,89,93,97,92,92,94,94],"card_choices":[{"not_picked":["Barrage","Leap"],"picked":"Steam","floor":1},{"not_picked":["Hello World","Turbo"],"picked":"White Noise","floor":4},{"not_picked":["Beam Cell","Fusion","Streamline"],"picked":"SKIP","floor":5},{"not_picked":["Beam Cell","Reinforced Body"],"picked":"Cold Snap","floor":8},{"not_picked":["Stack","Beam Cell"],"picked":"Seek","floor":12},{"not_picked":["Beam Cell","Scrape"],"picked":"Conserve Battery","floor":12},{"not_picked":["Leap","Conserve Battery"],"picked":"Cold Snap","floor":14},{"not_picked":["Steam","Sweeping Beam"],"picked":"FTL","floor":14},{"not_picked":["Buffer","Core Surge"],"picked":"Electrodynamics","floor":16},{"not_picked":["Hologram","Undo"],"picked":"Leap","floor":18},{"not_picked":["Coolheaded+1","Redo"],"picked":"Rebound","floor":18},{"not_picked":["Genetic Algorithm+1","Cold Snap"],"picked":"Self Repair","floor":19},{"not_picked":["Double Energy","Conserve Battery","Ball Lightning"],"picked":"SKIP","floor":19},{"not_picked":["Force Field","Stack"],"picked":"Seek","floor":22},{"not_picked":["Barrage","Compile Driver"],"picked":"Glacier","floor":22},{"not_picked":["Rainbow","Doom and Gloom+1","Tempest+1"],"picked":"SKIP","floor":23},{"not_picked":["Cold Snap","Heatsinks","Stack"],"picked":"SKIP","floor":25},{"not_picked":["Streamline","Redo"],"picked":"Buffer","floor":27},{"not_picked":["Gash","Conserve Battery","Undo"],"picked":"SKIP","floor":27},{"not_picked":["Steam","Coolheaded"],"picked":"Capacitor+1","floor":29},{"not_picked":["Gash","Chaos","Compile Driver"],"picked":"SKIP","floor":29},{"not_picked":["Beam Cell","Recycle+1"],"picked":"Seek","floor":31},{"not_picked":["Thunder Strike","Seek"],"picked":"Creative AI","floor":33},{"not_picked":["Ball Lightning","Streamline","Sweeping Beam"],"picked":"Singing Bowl","floor":35},{"not_picked":["Self Repair+1","Compile Driver+1","Fusion"],"picked":"Singing Bowl","floor":35},{"not_picked":["Coolheaded","Compile Driver","Darkness"],"picked":"Singing Bowl","floor":36},{"not_picked":["Beam Cell","Gash","Static Discharge"],"picked":"Singing Bowl","floor":36},{"not_picked":["Streamline+1","Go for the Eyes","Reboot"],"picked":"Singing Bowl","floor":37},{"not_picked":["Beam Cell","Stack"],"picked":"Storm+1","floor":37},{"not_picked":["Ball Lightning","Cold Snap","Stack"],"picked":"Singing Bowl","floor":39},{"not_picked":["Steam Power","Genetic Algorithm","Hologram"],"picked":"Singing Bowl","floor":39},{"not_picked":["Leap","Scrape+1","Auto Shields"],"picked":"Singing Bowl","floor":41},{"not_picked":["Coolheaded","Go for the Eyes","Reprogram+1"],"picked":"Singing Bowl","floor":41},{"not_picked":["Chill","Tempest","Cold Snap+1"],"picked":"Singing Bowl","floor":45},{"not_picked":["Cold Snap+1","Blizzard","Thunder Strike"],"picked":"Singing Bowl","floor":45},{"not_picked":["Hello World","Go for the Eyes","Conserve Battery"],"picked":"Singing Bowl","floor":46},{"not_picked":["Hello World","Steam Power+1","Beam Cell"],"picked":"Singing Bowl","floor":46},{"not_picked":["Steam Power+1","Gash+1","Compile Driver+1"],"picked":"Singing Bowl","floor":49}],"player_experience":772194,"relics_obtained":[{"floor":8,"key":"Pantograph"},{"floor":9,"key":"Prayer Wheel"},{"floor":23,"key":"Whetstone"},{"floor":25,"key":"Orichalcum"},{"floor":26,"key":"Omamori"},{"floor":31,"key":"Ginger"},{"floor":31,"key":"Singing Bowl"},{"floor":43,"key":"Dream Catcher"}],"event_choices":[{"damage_healed":0,"gold_gain":75,"player_choice":"Gather Gold","damage_taken":11,"max_hp_gain":0,"max_hp_loss":0,"event_name":"World of Goop","floor":2,"gold_loss":0},{"cards_removed":["Strike_B"],"damage_healed":0,"gold_gain":0,"player_choice":"Purged","damage_taken":0,"max_hp_gain":0,"max_hp_loss":0,"event_name":"Purifier","floor":3,"gold_loss":0},{"damage_healed":0,"gold_gain":0,"player_choice":"Forge","damage_taken":0,"max_hp_gain":0,"max_hp_loss":0,"event_name":"Accursed Blacksmith","floor":7,"gold_loss":0,"cards_upgraded":["Defend_B"]},{"damage_healed":0,"gold_gain":0,"player_choice":"Ignored","damage_taken":0,"max_hp_gain":0,"max_hp_loss":0,"event_name":"The Mausoleum","floor":20,"gold_loss":0},{"damage_healed":0,"gold_gain":0,"player_choice":"Paid Fearfully","damage_taken":0,"max_hp_gain":0,"max_hp_loss":0,"event_name":"Masked Bandits","floor":21,"gold_loss":153},{"damage_healed":0,"gold_gain":0,"player_choice":"Fight","damage_taken":0,"max_hp_gain":0,"max_hp_loss":0,"event_name":"Colosseum","floor":31,"gold_loss":0},{"damage_healed":0,"gold_gain":0,"player_choice":"Fought Nobs","damage_taken":0,"max_hp_gain":0,"max_hp_loss":0,"event_name":"Colosseum","floor":31,"gold_loss":0},{"cards_removed":["Strike_B"],"damage_healed":0,"gold_gain":0,"player_choice":"Removed Attack","damage_taken":0,"max_hp_gain":0,"max_hp_loss":0,"event_name":"Falling","floor":38,"gold_loss":0},{"damage_healed":0,"gold_gain":0,"player_choice":"Max HP","damage_taken":0,"max_hp_gain":0,"max_hp_loss":5,"event_name":"Winding Halls","floor":47,"gold_loss":0},{"damage_healed":0,"gold_gain":0,"player_choice":"Bought 1 Potion","damage_taken":0,"max_hp_gain":0,"max_hp_loss":0,"event_name":"The Woman in Blue","floor":48,"gold_loss":0}],"is_beta":false,"boss_relics":[{"not_picked":["Lizard Tail","Snecko Eye"],"picked":"Nuclear Battery"},{"not_picked":["White Beast Statue","Philosopher\u0027s Stone"],"picked":"Sozu"}],"items_purged_floors":[11,42],"is_endless":false,"potions_floor_spawned":[4,14,16,18,19,25,27,31,36,39,46],"ascension_level":17}