{"gold_per_floor":[118,135,135,154,154,179,179,214,214,214,234,260,13,33,33,107,157,131,8,20,40,56,56,56],"floor_reached":24,"playtime":845,"items_purged":[],"score":410,"play_id":"135b5146-b1f4-4228-bcce-68418c55d843","local_time":"20190606181218","is_ascension_mode":true,"campfire_choices":[{"floor":7,"key":"REST"},{"floor":10,"key":"REST"},{"floor":15,"key":"REST"},{"floor":23,"key":"REST"}],"neow_cost":"TEN_PERCENT_HP_LOSS","seed_source_timestamp":416847311986040,"circlet_count":0,"master_deck":["AscendersBane","Strike_B","Strike_B","Defend_B","Defend_B","Defend_B","Zap","Dualcast","Go for the Eyes","Ball Lightning","Genetic Algorithm","Reinforced Body+1","Electrodynamics","Gash","Core Surge","Cold Snap","Genetic Algorithm","Machine Learning+1","Gash","Echo Form+1","Ball Lightning","White Noise","Glacier","Force Field","Self Repair+1"],"special_seed":0,"relics":["Cracked Core","Anchor","Pear","Bottled Flame","Frozen Egg 2","Membership Card","Odd Mushroom","Tiny House","DataDisk"],"potions_floor_usage":[14,16,18,24,24],"damage_taken":[{"damage":3.0,"enemies":"2 Louse","floor":1.0,"turns":2.0},{"damage":0.0,"enemies":"Cultist","floor":2.0,"turns":3.0},{"damage":0.0,"enemies":"Small Slimes","floor":4.0,"turns":2.0},{"damage":32,"enemies":"Gremlin Nob","floor":6,"turns":4},{"damage":30,"enemies":"Lagavulin","floor":8,"turns":5},{"damage":0,"enemies":"2 Fungi Beasts","floor":11,"turns":3},{"damage":15,"enemies":"Gremlin Nob","floor":12,"turns":4},{"damage":0,"enemies":"The Mushroom Lair","floor":14,"turns":2},{"damage":8,"enemies":"Slime Boss","floor":16,"turns":8},{"damage":20,"enemies":"2 Thieves","floor":18,"turns":4},{"damage":20,"enemies":"3 Byrds","floor":20,"turns":5},{"damage":7,"enemies":"Snecko","floor":21,"turns":5},{"damage":18,"enemies":"Shelled Parasite and Fungi","floor":22,"turns":7},{"damage":36,"enemies":"Gremlin Leader","floor":24,"turns":2}],"seed_played":"-4035804476285053899","potions_obtained":[{"floor":4.0,"key":"SteroidPotion"},{"floor":8,"key":"GamblersBrew"},{"floor":14,"key":"Dexterity Potion"},{"floor":17,"key":"Energy Potion"},{"floor":20,"key":"Block Potion"}],"is_trial":false,"path_per_floor":["M","M","?","M","?","E","R","E","T","R","M","E","$","?","R","B",null,"M","$","M","M","M","R","E"],"character_chosen":"DEFECT","items_purchased":["Membership Card","Dexterity Potion","DataDisk","Glacier"],"campfire_rested":4,"item_purchase_floors":[13,13,19,19],"current_hp_per_floor":[61,61,54,54,54,22,41,21,21,43,43,28,28,28,50,42,71,51,51,31,24,6,29,0],"gold":56,"neow_bonus":"REMOVE_TWO","is_prod":false,"is_daily":false,"chose_seed":false,"campfire_upgraded":0,"win_rate":0,"timestamp":1559815938,"path_taken":["M","M","?","M","?","E","R","E","T","R","?","E","?","?","R","BOSS","M","$","M","M","M","R","E"],"build_version":"2019-01-23","purchased_purges":0,"victory":false,"max_hp_per_floor":[64,64,64,64,64,64,64,74,74,74,74,74,74,74,74,74,79,79,79,79,79,79,79,79],"card_choices":[{"not_picked":["Barrage","Streamline"],"picked":"Go for the Eyes","floor":1.0},{"not_picked":["Barrage","Steam"],"picked":"Ball Lightning","floor":2.0},{"not_picked":["Hologram","Compile Driver"],"picked":"Genetic Algorithm","floor":4.0},{"not_picked":["Redo","Go for the Eyes"],"picked":"Core Surge","floor":6},{"not_picked":["Auto Shields","Darkness"],"picked":"Cold Snap","floor":8},{"not_picked":["Reprogram","Leap"],"picked":"Genetic Algorithm","floor":11},{"not_picked":["Coolheaded","Turbo"],"picked":"Machine Learning","floor":12},{"not_picked":["Doom and Gloom","Steam"],"picked":"Gash","floor":14},{"not_picked":["Reboot","Multi-Cast"],"picked":"Echo Form+1","floor":16},{"not_picked":["Compile Driver","Hologram"],"picked":"Ball Lightning","floor":17},{"not_picked":["Beam Cell","Stack"],"picked":"White Noise","floor":18},{"not_picked":["Reprogram","Double Energy","Auto Shields+1"],"picked":"SKIP","floor":20},{"not_picked":["Aggregate","Ball Lightning"],"picked":"Force Field","floor":21},{"not_picked":["Streamline","Ball Lightning"],"picked":"Self Repair+1","floor":22}],"player_experience":637274,"relics_obtained":[{"floor":6,"key":"Anchor"},{"floor":8,"key":"Pear"},{"floor":9,"key":"Bottled Flame"},{"floor":12,"key":"Frozen Egg 2"},{"floor":14,"key":"Odd Mushroom"}],"event_choices":[{"cards_removed":["Strike_B"],"damage_healed":0.0,"max_hp_gain":0.0,"max_hp_loss":0.0,"gold_gain":0.0,"event_name":"Golden Wing","player_choice":"Card Removal","floor":3.0,"gold_loss":0.0,"damage_taken":7.0},{"damage_healed":0,"gold_gain":0,"player_choice":"3 cards matched","damage_taken":0,"max_hp_gain":0,"max_hp_loss":0,"event_name":"Match and Keep!","floor":5,"gold_loss":0,"cards_obtained":["Reinforced Body","Electrodynamics","Gash"]},{"damage_healed":0,"gold_gain":0,"player_choice":"Fought Mushrooms","damage_taken":0,"max_hp_gain":0,"max_hp_loss":0,"event_name":"Mushrooms","floor":14,"gold_loss":0}],"is_beta":false,"boss_relics":[{"not_picked":["Velvet Choker","Cursed Key"],"picked":"Tiny House"}],"items_purged_floors":[],"is_endless":false,"potions_floor_spawned":[4,8,12,14,20,22],"killed_by":"Gremlin Leader","ascension_level":18}