{"path_per_floor":["M","$","M","M","M","E","R","E","T","R","$","E","R","E","R","B",null,"M","?","?","?","$","E","R","?","T","?","M","M","$","M","R","B",null,"M","?","?","M","?","R","$","?","T","R","M","M","M","M","R","B"],"character_chosen":"DEFECT","items_purchased":["Ball Lightning","Sunder","Strength Potion","Oddly Smooth Stone","FTL","Glacier","Capacitor"],"gold_per_floor":[117,26,46,64,80,110,110,138,161,161,38,72,72,104,104,178,178,195,195,225,225,7,38,38,38,89,4,17,36,36,56,56,135,135,149,149,149,164,164,164,70,70,70,70,80,90,109,123,123,123],"floor_reached":51,"campfire_rested":7,"playtime":4754,"current_hp_per_floor":[68,68,61,53,43,32,54,42,42,64,64,29,51,38,38,36,65,50,50,49,35,35,19,43,80,80,80,70,48,48,41,80,1,60,52,52,52,52,52,80,80,80,80,80,57,56,26,14,53,4],"items_purged":["Strike_B"],"gold":123,"score":1061,"play_id":"08e25718-53d8-420c-b2f7-08c578876841","local_time":"20180508003118","is_prod":false,"is_daily":false,"chose_seed":false,"is_ascension_mode":true,"campfire_upgraded":2,"timestamp":1525757478,"path_taken":["M","$","?","M","M","E","R","E","T","R","$","E","R","E","R","BOSS","M","?","?","?","$","E","R","?","T","?","M","M","?","M","R","BOSS","M","?","?","M","?","R","$","?","T","R","M","M","M","M","R","BOSS"],"build_version":"2018-05-03","seed_source_timestamp":0,"purchased_purges":1,"victory":true,"master_deck":["Defend_B","Defend_B","Defend_B+1","Defend_B","Zap+1","Dualcast","AscendersBane","Sweeping Beam","Ball Lightning","Hello World","FTL","Defragment+1","Creative AI+1","Stack","Seek","Reinforced Body+1","Tempest+1","Coolheaded+1","Cold Snap","FTL","Machine Learning","Capacitor","White Noise","Cold Snap+1","Cold Snap+1","Glacier+1","Capacitor","Master of Strategy","Barrage","Echo Form","Leap","Leap","Leap"],"max_hp_per_floor":[75,75,75,75,75,75,75,75,75,75,75,75,75,75,75,75,75,75,75,75,80,80,80,80,80,80,80,80,80,80,80,80,80,80,80,80,80,80,80,80,80,80,80,80,80,80,80,80,80,80],"relics":["Runic Dome","Juzu Bracelet","Pen Nib","Lantern","War Paint","Dream Catcher","Astrolabe","Red Mask","Oddly Smooth Stone","Bag of Marbles","Orichalcum","Regal Pillow","Cursed Key"],"card_choices":[{"not_picked":["Chaos","Go for the Eyes"],"picked":"Sweeping Beam","floor":1.0},{"not_picked":["Barrage","Scrape"],"picked":"Hello World","floor":3.0},{"not_picked":["Go for the Eyes","Impulse"],"picked":"FTL","floor":4.0},{"not_picked":["Turbo","Rebound"],"picked":"Chaos","floor":5.0},{"not_picked":["Coolheaded","Buffer"],"picked":"Defragment","floor":6.0},{"not_picked":["Storm","Streamline"],"picked":"Creative AI","floor":12.0},{"not_picked":["Storm","Hologram"],"picked":"Stack","floor":14.0},{"not_picked":["Meteor Strike","Biased Cognition"],"picked":"Seek","floor":16.0},{"not_picked":["Beam Cell","Capacitor"],"picked":"Cold Snap","floor":18.0},{"not_picked":["Sweeping Beam","Hello World"],"picked":"Machine Learning","floor":23.0},{"not_picked":["Coolheaded","Force Field"],"picked":"Capacitor","floor":29.0},{"not_picked":["Tempest","FTL"],"picked":"White Noise","floor":31.0},{"not_picked":["Capacitor","Impulse"],"picked":"Cold Snap","floor":35.0},{"not_picked":["Sweeping Beam","Recycle"],"picked":"Cold Snap","floor":38.0},{"not_picked":["Dark Shackles","Panacea"],"picked":"Master of Strategy","floor":42},{"not_picked":["Coolheaded","Impulse"],"picked":"Barrage","floor":45},{"not_picked":["Sunder","Coolheaded"],"picked":"Echo Form","floor":46},{"not_picked":["Cold Snap","Barrage"],"picked":"Leap","floor":47},{"not_picked":["Sweeping Beam","Turbo"],"picked":"Leap","floor":48},{"not_picked":["Buffer","Lockon"],"picked":"Leap","floor":49}],"player_experience":190373,"potions_floor_usage":[46,50],"damage_taken":[{"damage":0.0,"enemies":"Cultist","floor":1.0,"turns":4.0},{"damage":7.0,"enemies":"Jaw Worm","floor":3.0,"turns":3.0},{"damage":8.0,"enemies":"2 Louse","floor":4.0,"turns":2.0},{"damage":10.0,"enemies":"Large Slime","floor":5.0,"turns":4.0},{"damage":23.0,"enemies":"3 Sentries","floor":6.0,"turns":6.0},{"damage":24.0,"enemies":"Gremlin Nob","floor":8.0,"turns":5.0},{"damage":35.0,"enemies":"Lagavulin","floor":12.0,"turns":4.0},{"damage":13.0,"enemies":"3 Sentries","floor":14.0,"turns":4.0},{"damage":6.0,"enemies":"The Guardian","floor":16.0,"turns":9.0},{"damage":15.0,"enemies":"Shell Parasite","floor":18.0,"turns":6.0},{"damage":1.0,"enemies":"Masked Bandits","floor":20.0,"turns":3.0},{"damage":16.0,"enemies":"Book of Stabbing","floor":23.0,"turns":5.0},{"damage":10.0,"enemies":"Spheric Guardian","floor":28.0,"turns":4.0},{"damage":22.0,"enemies":"Snecko","floor":29.0,"turns":5.0},{"damage":7.0,"enemies":"Centurion and Healer","floor":31.0,"turns":5.0},{"damage":79.0,"enemies":"Collector","floor":33.0,"turns":10.0},{"damage":8.0,"enemies":"Flame Bruiser 1 Orb","floor":35.0,"turns":7.0},{"damage":0.0,"enemies":"3 Shapes","floor":38.0,"turns":5.0},{"damage":23,"enemies":"Maw","floor":45,"turns":9},{"damage":1,"enemies":"3 Darklings","floor":46,"turns":5},{"damage":30,"enemies":"Sphere and 2 Shapes","floor":47,"turns":5},{"damage":12,"enemies":"4 Shapes","floor":48,"turns":4},{"damage":49,"enemies":"Time Eater","floor":50,"turns":18}],"event_choices":[{"event_name":"Vampires","player_choice":"Ignored","floor":19.0,"damage_taken":0.0},{"event_name":"Masked Bandits","player_choice":"Fought over 195 gold","floor":20.0,"damage_taken":0.0},{"event_name":"Forgotten Altar","player_choice":"Shed Blood","floor":21.0,"damage_taken":0.0},{"event_name":"Bonfire Elementals","player_choice":"UNCOMMON","floor":25.0,"damage_taken":0.0},{"event_name":"Addict","player_choice":"Obtained Relic","floor":27.0,"damage_taken":0.0},{"event_name":"Upgrade Shrine","player_choice":"Upgraded","floor":36.0,"damage_taken":0.0},{"event_name":"Wheel of Change","player_choice":"Card Removal","floor":37.0,"damage_taken":0.0},{"event_name":"Mysterious Sphere","player_choice":"Ignore","floor":39.0,"damage_taken":0.0},{"event_name":"SensoryStone","player_choice":"Memory 1","floor":42,"damage_taken":0}],"boss_relics":[],"potions_floor_spawned":[1,3,6,16,18,23,31,38,47,48],"seed_played":"-6020559942280994073","ascension_level":13,"is_trial":false}