{"gold_per_floor":[115,132,57,72,72,72,85,119,119,69,69,69,95,106,106,209,209,220,239,88,88,100,100,115,115,115,115,132,148,148,148,148,253,253,265,275,124,138,156,156,187,206,233,233,233,127,127,154,154,154],"floor_reached":50,"playtime":3432,"items_purged":["Strike_G","Defend_G","Strike_G","Strike_G","Strike_G"],"score":728,"play_id":"019d8c3c-ff4b-4523-9c34-2e2e1e4825b7","local_time":"20190609130909","is_ascension_mode":true,"campfire_choices":[{"data":"Noxious Fumes","floor":6,"key":"SMITH"},{"floor":12,"key":"REST"},{"data":"Bane","floor":15,"key":"SMITH"},{"data":"Bane","floor":23,"key":"SMITH"},{"data":"Bane","floor":25,"key":"SMITH"},{"data":"Catalyst","floor":32,"key":"SMITH"},{"data":"Corpse Explosion","floor":40,"key":"SMITH"},{"data":"Poisoned Stab","floor":45,"key":"SMITH"},{"data":"Crippling Poison","floor":49,"key":"SMITH"}],"neow_cost":"NONE","seed_source_timestamp":153667654178506,"circlet_count":0,"master_deck":["Defend_G","Defend_G","Defend_G","Defend_G","Survivor","Neutralize+1","Noxious Fumes+1","Bane+1","Catalyst+1","Backstab","Blur","Bane+1","Corpse Explosion+1","Escape Plan+1","Catalyst+1","Bane+1","RitualDagger","Slice","Cloak And Dagger","Deadly Poison+1","After Image+1","Poisoned Stab+1","Deflect+1","Tools of the Trade+1","Poisoned Stab+1","Crippling Poison+1","Flash of Steel","PiercingWail+1"],"relics":["Ring of the Snake","Smiling Mask","Meat on the Bone","Bird Faced Urn","The Courier","Sozu","Frozen Egg 2","Coffee Dripper","Bronze Scales","PreservedInsect","Dodecahedron"],"potions_floor_usage":[7,16,18,27],"damage_taken":[{"damage":7,"enemies":"Small Slimes","floor":1,"turns":6},{"damage":0,"enemies":"Cultist","floor":2,"turns":4},{"damage":0,"enemies":"Jaw Worm","floor":4,"turns":3},{"damage":14,"enemies":"Large Slime","floor":7,"turns":7},{"damage":20,"enemies":"3 Sentries","floor":8,"turns":8},{"damage":25,"enemies":"Gremlin Nob","floor":13,"turns":5},{"damage":0,"enemies":"Blue Slaver","floor":14,"turns":4},{"damage":18,"enemies":"Slime Boss","floor":16,"turns":9},{"damage":0,"enemies":"Spheric Guardian","floor":18,"turns":3},{"damage":1,"enemies":"3 Byrds","floor":19,"turns":2},{"damage":53,"enemies":"Snecko","floor":22,"turns":6},{"damage":13,"enemies":"Centurion and Healer","floor":24,"turns":5},{"damage":17,"enemies":"Chosen and Byrds","floor":27,"turns":5},{"damage":0,"enemies":"Snecko","floor":28,"turns":5},{"damage":18,"enemies":"Centurion and Healer","floor":29,"turns":4},{"damage":26,"enemies":"Collector","floor":33,"turns":5},{"damage":13,"enemies":"3 Darklings","floor":35,"turns":3},{"damage":11,"enemies":"Orb Walker","floor":36,"turns":2},{"damage":0,"enemies":"4 Shapes","floor":38,"turns":2},{"damage":10,"enemies":"Maw","floor":39,"turns":5},{"damage":15,"enemies":"Giant Head","floor":41,"turns":6},{"damage":14,"enemies":"Transient","floor":42,"turns":5},{"damage":22,"enemies":"Reptomancer","floor":48,"turns":4},{"damage":41,"enemies":"Awakened One","floor":50,"turns":4}],"seed_played":"2496234981360333979","potions_obtained":[{"floor":1,"key":"EssenceOfSteel"},{"floor":8,"key":"SmokeBomb"},{"floor":13,"key":"Poison Potion"},{"floor":16,"key":"Poison Potion"}],"is_trial":false,"path_per_floor":["M","M","$","M","?","R","M","E","T","$","?","R","E","M","R","B",null,"M","M","$","?","M","R","M","R","T","M","M","M","?","?","R","B",null,"M","M","$","M","M","R","E","M","T","?","R","$","?","E","R","B"],"character_chosen":"THE_SILENT","items_purchased":["Catalyst","Bane","After Image+1","Poisoned Stab","Crippling Poison"],"campfire_rested":1,"item_purchase_floors":[20,20,37,37,46],"current_hp_per_floor":[56,56,56,56,56,56,42,22,22,22,15,36,25,39,39,35,61,63,62,62,56,17,17,18,18,18,15,29,23,46,46,46,34,61,48,41,41,45,41,41,46,40,40,40,40,40,40,36,36,0],"gold":154,"neow_bonus":"UPGRADE_CARD","is_prod":false,"is_daily":false,"chose_seed":false,"campfire_upgraded":8,"win_rate":0,"timestamp":1560056949,"path_taken":["M","M","$","M","?","R","M","E","T","?","?","R","E","M","R","BOSS","M","M","$","?","M","R","M","R","T","M","M","M","?","?","R","BOSS","M","M","$","M","M","R","E","M","T","?","R","$","?","E","R","BOSS"],"build_version":"2019-01-23","purchased_purges":5,"victory":false,"max_hp_per_floor":[70,70,70,70,70,70,70,70,70,70,70,70,70,70,70,70,70,70,70,70,70,70,70,70,70,70,70,70,70,70,70,70,70,70,70,70,70,70,70,70,70,70,70,70,70,70,70,70,70,70],"card_choices":[{"not_picked":["Dagger Throw","Deflect"],"picked":"Noxious Fumes","floor":1},{"not_picked":["Poisoned Stab","Riddle With Holes"],"picked":"Bane","floor":2},{"not_picked":["Leg Sweep","Poisoned Stab"],"picked":"Catalyst","floor":4},{"not_picked":["Endless Agony","Quick Slash","Accuracy"],"picked":"SKIP","floor":7},{"not_picked":["Masterful Stab","Deflect","Choke"],"picked":"SKIP","floor":8},{"not_picked":["Wraith Form v2","Blade Dance"],"picked":"Blur","floor":13},{"not_picked":["Accuracy","Predator"],"picked":"Bane","floor":14},{"not_picked":["Malaise","After Image"],"picked":"Corpse Explosion","floor":16},{"not_picked":["Outmaneuver","Deadly Poison"],"picked":"Escape Plan+1","floor":18},{"not_picked":["Predator+1","Endless Agony","Expertise+1"],"picked":"SKIP","floor":19},{"not_picked":["PiercingWail+1","Heel Hook"],"picked":"Slice","floor":22},{"not_picked":["Quick Slash","Reflex+1","Outmaneuver"],"picked":"SKIP","floor":24},{"not_picked":["Tactician+1","Dodge and Roll"],"picked":"Cloak And Dagger","floor":28},{"not_picked":["Choke","Dodge and Roll+1"],"picked":"Deadly Poison+1","floor":29},{"not_picked":["Night Terror","Phantasmal Killer"],"picked":"A Thousand Cuts+1","floor":33},{"not_picked":["Underhanded Strike","Flying Knee","Deflect"],"picked":"SKIP","floor":35},{"not_picked":["Outmaneuver+1","Infinite Blades+1","Dagger Throw"],"picked":"SKIP","floor":36},{"not_picked":["Dodge and Roll+1","Blade Dance+1"],"picked":"Deflect+1","floor":38},{"not_picked":["Cloak And Dagger","Tactician"],"picked":"Tools of the Trade+1","floor":39},{"not_picked":["Quick Slash","Dodge and Roll+1","Terror"],"picked":"SKIP","floor":41},{"not_picked":["Dagger Throw","Reflex+1"],"picked":"Poisoned Stab+1","floor":42},{"not_picked":["Blind","Dark Shackles"],"picked":"Flash of Steel","floor":47},{"not_picked":["Quick Slash+1","Doppelganger"],"picked":"PiercingWail+1","floor":48}],"player_experience":718346,"relics_obtained":[{"floor":8,"key":"Smiling Mask"},{"floor":9,"key":"Meat on the Bone"},{"floor":13,"key":"The Courier"},{"floor":26,"key":"Frozen Egg 2"},{"floor":41,"key":"Bronze Scales"},{"floor":43,"key":"PreservedInsect"},{"floor":48,"key":"Dodecahedron"}],"event_choices":[{"damage_healed":0,"gold_gain":0,"cards_transformed":["Strike_G"],"player_choice":"Transformed","damage_taken":0,"max_hp_gain":0,"max_hp_loss":0,"event_name":"Transmorgrifier","floor":5,"gold_loss":0,"cards_obtained":["Backstab"]},{"damage_healed":0,"gold_gain":0,"player_choice":"Success","damage_taken":7,"relics_obtained":["Bird Faced Urn"],"max_hp_gain":0,"max_hp_loss":0,"event_name":"Scrap Ooze","floor":11,"gold_loss":0},{"damage_healed":0,"gold_gain":0,"player_choice":"Joined the Cult","damage_taken":6,"max_hp_gain":0,"max_hp_loss":0,"event_name":"Nest","floor":21,"gold_loss":0,"cards_obtained":["RitualDagger"]},{"damage_healed":23,"gold_gain":0,"player_choice":"Heal","damage_taken":0,"max_hp_gain":0,"max_hp_loss":0,"event_name":"The Library","floor":30,"gold_loss":0},{"damage_healed":0,"gold_gain":0,"player_choice":"Upgraded","damage_taken":0,"max_hp_gain":0,"max_hp_loss":0,"event_name":"Upgrade Shrine","floor":31,"gold_loss":0,"cards_upgraded":["Catalyst"]},{"cards_removed":["A Thousand Cuts"],"damage_healed":0,"gold_gain":0,"player_choice":"Removed Power","damage_taken":0,"max_hp_gain":0,"max_hp_loss":0,"event_name":"Falling","floor":44,"gold_loss":0},{"damage_healed":0,"gold_gain":0,"player_choice":"Memory 1","damage_taken":0,"max_hp_gain":0,"max_hp_loss":0,"event_name":"SensoryStone","floor":47,"gold_loss":0}],"is_beta":false,"boss_relics":[{"not_picked":["Philosopher\u0027s Stone","Ectoplasm"],"picked":"Sozu"},{"not_picked":["White Beast Statue","Fusion Hammer"],"picked":"Coffee Dripper"}],"items_purged_floors":[3,10,20,37,46],"is_endless":false,"potions_floor_spawned":[1,8,13,16,18,24,28,29,39,41,42],"killed_by":"Awakened One","ascension_level":7}