{"gold_per_floor":[116,116,116,136,151,151,151,151,196,121,147,147,158,58,58,159,159,172,172,172,183,202,230,230,242,268,268,281,316,326,359,359,359],"floor_reached":33,"playtime":2344,"items_purged":["Strike_G","Defend_G"],"score":451,"play_id":"cc39b404-1d29-43b3-8e38-615802a8234b","local_time":"20190608112657","is_ascension_mode":true,"campfire_choices":[{"data":"Bouncing Flask","floor":6,"key":"SMITH"},{"data":"Outmaneuver","floor":8,"key":"SMITH"},{"floor":15,"key":"REST"},{"data":"Well Laid Plans","floor":24,"key":"SMITH"},{"data":"Dagger Spray","floor":27,"key":"SMITH"},{"floor":32,"key":"REST"}],"neow_cost":"NONE","seed_source_timestamp":62223945037526,"circlet_count":0,"master_deck":["Survivor","Neutralize+1","Outmaneuver+1","Bouncing Flask+1","Corpse Explosion","Escape Plan","Dagger Spray+1","Well Laid Plans+1","Escape Plan","Prepared","Deadly Poison","Ghostly","Ghostly","Ghostly","Ghostly","Ghostly","Dash","All Out Attack","Poisoned Stab","Poisoned Stab","Dagger Spray+1","Backstab"],"relics":["Ring of the Snake","PreservedInsect","Juzu Bracelet","Matryoshka","Bronze Scales","Pandora\u0027s Box","Letter Opener","Strawberry","Blood Vial","Centennial Puzzle","StoneCalendar"],"potions_floor_usage":[28,30,30],"damage_taken":[{"damage":2,"enemies":"Small Slimes","floor":1,"turns":6},{"damage":1,"enemies":"2 Louse","floor":4,"turns":4},{"damage":5,"enemies":"Jaw Worm","floor":5,"turns":6},{"damage":13,"enemies":"3 Sentries","floor":11,"turns":8},{"damage":25,"enemies":"Large Slime","floor":13,"turns":6},{"damage":5,"enemies":"Hexaghost","floor":16,"turns":10},{"damage":0,"enemies":"Chosen","floor":18,"turns":4},{"damage":3,"enemies":"Shell Parasite","floor":21,"turns":5},{"damage":5,"enemies":"Cultist and Chosen","floor":22,"turns":4},{"damage":0,"enemies":"Slavers","floor":23,"turns":3},{"damage":3,"enemies":"3 Cultists","floor":25,"turns":4},{"damage":18,"enemies":"Snake Plant","floor":28,"turns":3},{"damage":7,"enemies":"Gremlin Leader","floor":29,"turns":3},{"damage":3,"enemies":"Shelled Parasite and Fungi","floor":30,"turns":4},{"damage":7,"enemies":"Book of Stabbing","floor":31,"turns":5},{"damage":25,"enemies":"Champ","floor":33,"turns":9}],"seed_played":"2308850023146852818","potions_obtained":[{"floor":4,"key":"Ancient Potion"},{"floor":11,"key":"Fire Potion"},{"floor":13,"key":"Weak Potion"},{"floor":18,"key":"GamblersBrew"},{"floor":22,"key":"LiquidBronze"},{"floor":23,"key":"Energy Potion"},{"floor":28,"key":"Swift Potion"}],"is_trial":false,"path_per_floor":["M","?","?","M","M","R","T","R","T","$","E","?","M","$","R","B",null,"M","?","?","M","M","E","R","M","T","R","M","E","M","E","R","B"],"character_chosen":"THE_SILENT","items_purchased":[],"campfire_rested":2,"item_purchase_floors":[],"current_hp_per_floor":[68,68,68,67,62,62,62,62,62,62,49,49,24,24,45,40,70,70,35,35,32,27,27,27,24,31,31,15,10,9,4,16,0],"gold":359,"neow_bonus":"UPGRADE_CARD","is_prod":false,"is_daily":false,"chose_seed":false,"campfire_upgraded":4,"win_rate":0,"timestamp":1559964417,"path_taken":["M","?","?","M","M","R","?","R","T","$","E","?","M","$","R","BOSS","M","?","?","M","M","E","R","M","T","R","M","E","M","E","R","BOSS"],"build_version":"2019-01-23","purchased_purges":2,"victory":false,"max_hp_per_floor":[70,70,70,70,70,70,70,70,70,70,70,70,70,70,70,70,70,70,35,35,35,35,35,35,35,42,42,42,42,42,42,42,42],"card_choices":[{"not_picked":["Slice","PiercingWail"],"picked":"Outmaneuver","floor":1},{"not_picked":["Concentrate","Slice"],"picked":"Bouncing Flask","floor":4},{"not_picked":["Quick Slash","Infinite Blades","PiercingWail"],"picked":"SKIP","floor":5},{"not_picked":["Acrobatics","Dagger Throw","Masterful Stab"],"picked":"SKIP","floor":11},{"not_picked":["Backflip","Dagger Throw","Cloak And Dagger"],"picked":"SKIP","floor":13},{"not_picked":["After Image","Wraith Form v2"],"picked":"Corpse Explosion","floor":16},{"not_picked":["Sucker Punch","All Out Attack"],"picked":"Deadly Poison","floor":18},{"not_picked":["Skewer+1","Setup"],"picked":"Poisoned Stab","floor":21},{"not_picked":["Prepared","Cloak And Dagger"],"picked":"Poisoned Stab","floor":22},{"not_picked":["Bane","Concentrate"],"picked":"Dagger Spray+1","floor":23},{"not_picked":["Bane","Dash","PiercingWail"],"picked":"SKIP","floor":25},{"not_picked":["Cloak And Dagger","Flechettes+1"],"picked":"Backstab","floor":28},{"not_picked":["Cloak And Dagger","Endless Agony","Predator"],"picked":"SKIP","floor":29},{"not_picked":["Masterful Stab","Slice","Poisoned Stab"],"picked":"SKIP","floor":30},{"not_picked":["Accuracy","Glass Knife","Setup"],"picked":"SKIP","floor":31}],"player_experience":679897,"relics_obtained":[{"floor":7,"key":"PreservedInsect"},{"floor":9,"key":"Juzu Bracelet"},{"floor":11,"key":"Matryoshka"},{"floor":23,"key":"Letter Opener"},{"floor":26,"key":"Strawberry"},{"floor":26,"key":"Blood Vial"},{"floor":29,"key":"Centennial Puzzle"},{"floor":31,"key":"StoneCalendar"}],"event_choices":[{"cards_removed":["Strike_G"],"damage_healed":0,"gold_gain":0,"player_choice":"Forget","damage_taken":0,"max_hp_gain":0,"max_hp_loss":0,"event_name":"Living Wall","floor":2,"gold_loss":0},{"damage_healed":0,"gold_gain":0,"player_choice":"Ignored","damage_taken":0,"max_hp_gain":0,"max_hp_loss":0,"event_name":"Liars Game","floor":3,"gold_loss":0},{"damage_healed":0,"gold_gain":0,"player_choice":"Gave Potion","damage_taken":0,"relics_obtained":["Bronze Scales"],"max_hp_gain":0,"max_hp_loss":0,"event_name":"WeMeetAgain","floor":12,"gold_loss":0},{"damage_healed":0,"gold_gain":0,"player_choice":"Became a Ghost","damage_taken":0,"max_hp_gain":0,"max_hp_loss":35,"event_name":"Ghosts","floor":19,"gold_loss":0,"cards_obtained":["Ghostly","Ghostly","Ghostly","Ghostly","Ghostly"]},{"damage_healed":0,"gold_gain":0,"cards_transformed":["Eviscerate","Storm of Steel"],"player_choice":"Became Test Subject","damage_taken":0,"max_hp_gain":0,"max_hp_loss":0,"event_name":"Drug Dealer","floor":20,"gold_loss":0,"cards_obtained":["Dash","All Out Attack"]}],"is_beta":false,"boss_relics":[{"not_picked":["Snecko Eye","Runic Dome"],"picked":"Pandora\u0027s Box"}],"items_purged_floors":[10,14],"is_endless":false,"potions_floor_spawned":[4,11,13,18,22,23,28],"killed_by":"Champ","ascension_level":4}