{"gold_per_floor":[119,97,109,122,122,122,156,156,156,156,181,197,226,226,226,331,331,343,268,183,195,195],"floor_reached":22,"playtime":1380,"items_purged":[],"score":250,"play_id":"5188acba-a9d5-4a1d-82e2-072162f1206b","local_time":"20190122200828","is_ascension_mode":true,"campfire_choices":[{"data":"Zap","floor":6,"key":"SMITH"},{"data":"Turbo","floor":8,"key":"SMITH"},{"data":"Redo","floor":10,"key":"SMITH"},{"data":"Redo","floor":15,"key":"SMITH"}],"neow_cost":"NONE","seed_source_timestamp":88275991522000,"circlet_count":0,"master_deck":["Strike_B+1","Strike_B+1","Strike_B+1","Defend_B","Defend_B","Defend_B","Defend_B","Zap+1","Dualcast","BootSequence+1","Gash","Turbo+1","Redo+1","Amplify","Redo+1","Scrape","Seek","Normality","Parasite","Doubt","Gash","Gash+1"],"relics":["Cracked Core","PreservedInsect","Lantern","Ornamental Fan","Oddly Smooth Stone","Whetstone","Calling Bell","Pen Nib","Matryoshka","Emotion Chip","Dream Catcher"],"potions_floor_usage":[7,11,13,22],"damage_taken":[{"damage":0,"enemies":"Cultist","floor":1,"turns":3},{"damage":0,"enemies":"Small Slimes","floor":3,"turns":3},{"damage":0,"enemies":"2 Louse","floor":4,"turns":3},{"damage":21,"enemies":"Lagavulin","floor":7,"turns":4},{"damage":4,"enemies":"3 Sentries","floor":11,"turns":5},{"damage":0,"enemies":"Looter","floor":12,"turns":2},{"damage":0,"enemies":"Lagavulin","floor":13,"turns":5},{"damage":42,"enemies":"Hexaghost","floor":16,"turns":9},{"damage":62,"enemies":"3 Byrds","floor":18,"turns":5},{"damage":8,"enemies":"2 Thieves","floor":21,"turns":4},{"damage":8,"enemies":"Snake Plant","floor":22,"turns":3}],"seed_played":"-5782458123315722064","potions_obtained":[{"floor":3,"key":"Fire Potion"},{"floor":7,"key":"Block Potion"},{"floor":11,"key":"AttackPotion"},{"floor":16,"key":"EssenceOfSteel"}],"is_trial":false,"path_per_floor":["M","?","M","M","?","R","E","R","T","R","E","M","E","?","R","B",null,"M","?","?","M","M"],"character_chosen":"DEFECT","items_purchased":[],"campfire_rested":0,"item_purchase_floors":[],"current_hp_per_floor":[75,75,75,75,60,60,39,39,39,39,35,35,35,60,60,18,75,13,13,13,5,0],"gold":195,"neow_bonus":"RANDOM_COMMON_RELIC","is_prod":false,"is_daily":false,"chose_seed":false,"campfire_upgraded":4,"win_rate":0,"timestamp":1548184108,"path_taken":["M","?","M","M","?","R","E","R","T","R","E","M","E","?","R","BOSS","M","?","?","M","M"],"build_version":"2019-01-17v2","purchased_purges":0,"victory":false,"max_hp_per_floor":[75,75,75,75,75,75,75,75,75,75,75,75,75,75,75,75,75,75,75,75,75,75],"card_choices":[{"not_picked":["Cold Snap","Redo"],"picked":"BootSequence","floor":1},{"not_picked":["Force Field","Steam"],"picked":"Gash","floor":3},{"not_picked":["Conserve Battery","Chill"],"picked":"Turbo","floor":4},{"not_picked":["Beam Cell","Heatsinks"],"picked":"Redo","floor":7},{"not_picked":["Chaos","Darkness"],"picked":"Amplify","floor":11},{"not_picked":["Sweeping Beam","Coolheaded"],"picked":"Redo","floor":12},{"not_picked":["Defragment","Loop"],"picked":"Scrape","floor":13},{"not_picked":["Buffer","Hyperbeam"],"picked":"Seek","floor":16},{"not_picked":["Capacitor","Ball Lightning"],"picked":"Gash","floor":18},{"not_picked":["Genetic Algorithm","Sweeping Beam"],"picked":"Gash+1","floor":21}],"player_experience":66352,"relics_obtained":[{"floor":7,"key":"Lantern"},{"floor":9,"key":"Ornamental Fan"},{"floor":11,"key":"Oddly Smooth Stone"},{"floor":13,"key":"Whetstone"},{"floor":17,"key":"Pen Nib"},{"floor":17,"key":"Matryoshka"},{"floor":17,"key":"Emotion Chip"}],"event_choices":[{"damage_healed":0,"gold_gain":0,"player_choice":"Left Gold","damage_taken":0,"max_hp_gain":0,"max_hp_loss":0,"event_name":"World of Goop","floor":2,"gold_loss":22},{"damage_healed":0,"gold_gain":0,"player_choice":"Entered Light","damage_taken":15,"max_hp_gain":0,"max_hp_loss":0,"event_name":"Shining Light","floor":5,"gold_loss":0,"cards_upgraded":["BootSequence","Strike_B"]},{"damage_healed":25,"gold_gain":0,"player_choice":"Banana","damage_taken":0,"max_hp_gain":0,"max_hp_loss":0,"event_name":"Big Fish","floor":14,"gold_loss":0},{"cards_removed":["Strike_B"],"damage_healed":0,"gold_gain":0,"player_choice":"Gave Gold","damage_taken":0,"max_hp_gain":0,"max_hp_loss":0,"event_name":"Beggar","floor":19,"gold_loss":75},{"damage_healed":0,"gold_gain":0,"player_choice":"Obtained Relic","damage_taken":0,"relics_obtained":["Dream Catcher"],"max_hp_gain":0,"max_hp_loss":0,"event_name":"Addict","floor":20,"gold_loss":85}],"is_beta":false,"boss_relics":[{"not_picked":["Eternal Feather","Runic Dome"],"picked":"Calling Bell"}],"items_purged_floors":[],"is_endless":false,"potions_floor_spawned":[3,7,11,16],"killed_by":"Snake Plant","ascension_level":2}