{"gold_per_floor":[15,27,39,50,65,65,96,96,96,61,61,90,90,122,122,225,225,240,21,0,0,20,20,36,36,89,89,105,105,125,138,138,138],"floor_reached":33,"playtime":2430,"items_purged":["Strike_B"],"score":320,"play_id":"3e830938-f646-413b-af1e-e0a9f469c59e","local_time":"20190531140124","is_ascension_mode":true,"campfire_choices":[{"data":"Sweeping Beam","floor":6,"key":"SMITH"},{"data":"Zap","floor":8,"key":"SMITH"},{"data":"Barrage","floor":13,"key":"SMITH"},{"data":"Conserve Battery","floor":15,"key":"SMITH"},{"data":"Ball Lightning","floor":23,"key":"SMITH"},{"data":"Dualcast","floor":25,"key":"SMITH"},{"data":"Hologram","floor":29,"key":"SMITH"},{"floor":32,"key":"REST"}],"neow_cost":"NO_GOLD","seed_source_timestamp":1111512719673799,"circlet_count":0,"master_deck":["Strike_B","Defend_B","Defend_B","Defend_B","Defend_B","Zap+1","Dualcast+1","Gash","Aggregate","White Noise","Barrage+1","Sweeping Beam+1","Conserve Battery+1","Coolheaded","Stack","BootSequence","Thunder Strike","FTL+1","Core Surge","Ball Lightning+1","Hologram+1","Gash"],"relics":["Cracked Core","Omamori","Bag of Preparation","Potion Belt","DataDisk","Bottled Flame","Inserter","Boot","Bag of Marbles"],"potions_floor_usage":[7,7,18,33],"damage_taken":[{"damage":1,"enemies":"Cultist","floor":1,"turns":3},{"damage":3,"enemies":"Jaw Worm","floor":2,"turns":4},{"damage":1,"enemies":"Small Slimes","floor":3,"turns":4},{"damage":11,"enemies":"Red Slaver","floor":4,"turns":4},{"damage":3,"enemies":"Blue Slaver","floor":5,"turns":3},{"damage":14,"enemies":"Lagavulin","floor":7,"turns":6},{"damage":17,"enemies":"3 Sentries","floor":12,"turns":6},{"damage":2,"enemies":"Lagavulin","floor":14,"turns":7},{"damage":22,"enemies":"Hexaghost","floor":16,"turns":13},{"damage":13,"enemies":"2 Thieves","floor":18,"turns":4},{"damage":2,"enemies":"Chosen","floor":22,"turns":3},{"damage":4,"enemies":"Centurion and Healer","floor":24,"turns":5},{"damage":0,"enemies":"Chosen and Byrds","floor":28,"turns":4},{"damage":17,"enemies":"Snake Plant","floor":30,"turns":4},{"damage":2,"enemies":"3 Cultists","floor":31,"turns":3},{"damage":83,"enemies":"Automaton","floor":33,"turns":12}],"seed_played":"-1182671042340146871","potions_obtained":[{"floor":1,"key":"Weak Potion"},{"floor":2,"key":"Poison Potion"},{"floor":3,"key":"FearPotion"},{"floor":7,"key":"Poison Potion"},{"floor":14,"key":"Fire Potion"},{"floor":16,"key":"Poison Potion"},{"floor":22,"key":"SpeedPotion"}],"is_trial":false,"path_per_floor":["M","M","M","M","M","R","E","R","T","?","T","E","R","E","R","B",null,"M","$","?","?","M","R","M","R","T","?","M","R","M","M","R","B"],"character_chosen":"DEFECT","items_purchased":["Core Surge"],"campfire_rested":1,"item_purchase_floors":[19],"current_hp_per_floor":[74,71,70,59,56,56,42,42,42,60,60,43,43,41,41,19,75,62,62,62,55,53,53,49,49,49,49,49,49,32,30,52,0],"gold":138,"neow_bonus":"TRANSFORM_TWO_CARDS","is_prod":false,"is_daily":false,"chose_seed":false,"campfire_upgraded":7,"win_rate":0,"timestamp":1559325684,"path_taken":["M","M","M","?","M","R","E","R","T","?","?","E","R","E","R","BOSS","M","$","?","?","M","R","?","R","T","?","M","R","M","M","R","BOSS"],"build_version":"2019-01-23","purchased_purges":1,"victory":false,"max_hp_per_floor":[75,75,75,75,75,75,75,75,75,75,75,75,75,75,75,75,75,75,75,75,75,75,75,75,75,75,75,75,75,75,75,75,75],"card_choices":[{"not_picked":["Reinforced Body","Cold Snap"],"picked":"White Noise","floor":1},{"not_picked":["Compile Driver","Force Field"],"picked":"Barrage","floor":2},{"not_picked":["Chaos","Stack"],"picked":"Sweeping Beam","floor":3},{"not_picked":["Stack","Ball Lightning"],"picked":"Conserve Battery","floor":4},{"not_picked":["Fusion","Sweeping Beam"],"picked":"Coolheaded","floor":5},{"not_picked":["Steam","Storm"],"picked":"Stack","floor":7},{"not_picked":["Compile Driver","Scrape","Force Field"],"picked":"SKIP","floor":12},{"not_picked":["Steam","Compile Driver"],"picked":"BootSequence","floor":14},{"not_picked":["Multi-Cast","Fission"],"picked":"Thunder Strike","floor":16},{"not_picked":["Sweeping Beam","Glacier"],"picked":"FTL+1","floor":18},{"not_picked":["Defragment","Chaos"],"picked":"Ball Lightning","floor":22},{"not_picked":["Blizzard","Capacitor","Steam"],"picked":"SKIP","floor":24},{"not_picked":["Rebound+1","Capacitor"],"picked":"Hologram","floor":28},{"not_picked":["Auto Shields+1","Barrage","Reinforced Body"],"picked":"SKIP","floor":30},{"not_picked":["Hologram+1","Conserve Battery+1"],"picked":"Gash","floor":31}],"player_experience":666493,"relics_obtained":[{"floor":7,"key":"Omamori"},{"floor":9,"key":"Bag of Preparation"},{"floor":11,"key":"Potion Belt"},{"floor":12,"key":"DataDisk"},{"floor":14,"key":"Bottled Flame"},{"floor":26,"key":"Boot"}],"event_choices":[{"damage_healed":18,"gold_gain":0,"player_choice":"Healed","damage_taken":0,"max_hp_gain":0,"max_hp_loss":0,"event_name":"The Cleric","floor":10,"gold_loss":35},{"damage_healed":0,"gold_gain":0,"player_choice":"Paid Fearfully","damage_taken":0,"max_hp_gain":0,"max_hp_loss":0,"event_name":"Masked Bandits","floor":20,"gold_loss":21},{"damage_healed":0,"gold_gain":0,"player_choice":"","damage_taken":7,"max_hp_gain":0,"max_hp_loss":0,"event_name":"Knowing Skull","floor":21,"potions_obtained":[],"gold_loss":0,"cards_obtained":[]},{"damage_healed":0,"gold_gain":0,"player_choice":"Opened","damage_taken":0,"relics_obtained":["Bag of Marbles"],"max_hp_gain":0,"max_hp_loss":0,"event_name":"The Mausoleum","floor":27,"gold_loss":0,"cards_obtained":["Writhe"]}],"is_beta":false,"boss_relics":[{"not_picked":["Sozu","Astrolabe"],"picked":"Inserter"}],"items_purged_floors":[19],"is_endless":false,"potions_floor_spawned":[1,2,3,7,14,16,22],"killed_by":"Automaton","ascension_level":4}