{"gold_per_floor":[113,128,53,53,72,72,84,94,94,111,11,46,62,78,78,183,183,197,72,91,108,108,108,121,149,149,149,149,169,169,187,187,187],"floor_reached":33,"playtime":1537,"items_purged":["Strike_R","Defend_R","Strike_R"],"score":366,"play_id":"5b9444e7-26ac-4d42-9451-ccfa7446e300","local_time":"20180814145545","is_ascension_mode":true,"campfire_choices":[{"data":"Cleave","floor":6,"key":"SMITH"},{"data":"Infernal Blade","floor":15,"key":"SMITH"},{"data":"Feed","floor":23,"key":"SMITH"},{"data":"Carnage","floor":30,"key":"SMITH"},{"data":"Cleave","floor":32,"key":"SMITH"}],"neow_cost":"NONE","seed_source_timestamp":27395535077601,"circlet_count":0,"master_deck":["Defend_R","Defend_R","Bash+1","Carnage+1","Cleave+1","Ghostly Armor","Clash","Infernal Blade+1","Feed+1","Havoc+1","Bite","Bite","Bite","Bite","Bite","Wild Strike+1","Cleave+1"],"relics":["Burning Blood","Darkstone Periapt","Oddly Smooth Stone","Busted Crown","Shuriken","Ornamental Fan","Self Forming Clay"],"potions_floor_usage":[13,16,18,25,25,33],"damage_taken":[{"damage":9,"enemies":"Jaw Worm","floor":1,"turns":5},{"damage":8,"enemies":"2 Louse","floor":2,"turns":2},{"damage":0,"enemies":"Small Slimes","floor":5,"turns":3},{"damage":6,"enemies":"Gremlin Gang","floor":7,"turns":2},{"damage":12,"enemies":"Exordium Thugs","floor":8,"turns":3},{"damage":2,"enemies":"3 Louse","floor":10,"turns":2},{"damage":18,"enemies":"Gremlin Nob","floor":12,"turns":4},{"damage":5,"enemies":"Lots of Slimes","floor":13,"turns":6},{"damage":9,"enemies":"2 Fungi Beasts","floor":14,"turns":3},{"damage":48,"enemies":"The Guardian","floor":16,"turns":11},{"damage":24,"enemies":"3 Byrds","floor":18,"turns":5},{"damage":6,"enemies":"Chosen","floor":20,"turns":4},{"damage":0,"enemies":"Sentry and Sphere","floor":21,"turns":3},{"damage":31,"enemies":"Snake Plant","floor":24,"turns":3},{"damage":47,"enemies":"Slavers","floor":25,"turns":6},{"damage":0,"enemies":"3 Cultists","floor":29,"turns":3},{"damage":11,"enemies":"Sentry and Sphere","floor":31,"turns":3},{"damage":80,"enemies":"Automaton","floor":33,"turns":6}],"seed_played":"1817011161628041157","potions_obtained":[{"floor":1,"key":"Regen Potion"},{"floor":10,"key":"BloodPotion"},{"floor":12,"key":"BloodPotion"},{"floor":13,"key":"Dexterity Potion"},{"floor":14,"key":"EssenceOfSteel"},{"floor":24,"key":"Weak Potion"},{"floor":29,"key":"Energy Potion"},{"floor":31,"key":"LiquidBronze"}],"is_trial":false,"path_per_floor":["M","M","$","?","M","R","M","M","T","M","$","E","M","M","R","B",null,"M","$","M","M","?","R","M","E","T","?","T","M","R","M","R"],"character_chosen":"IRONCLAD","items_purchased":[],"campfire_rested":0,"item_purchase_floors":[],"current_hp_per_floor":[77,75,75,75,80,80,80,74,74,78,78,66,80,77,77,35,69,62,62,65,71,60,60,41,26,26,26,26,46,46,47,47,0],"gold":187,"neow_bonus":"UPGRADE_CARD","is_prod":false,"is_daily":false,"chose_seed":false,"campfire_upgraded":5,"win_rate":0,"timestamp":1534229745,"path_taken":["M","M","$","?","M","R","M","M","T","M","$","E","?","M","R","BOSS","M","$","M","M","?","R","M","E","T","?","?","?","R","M","R","BOSS"],"build_version":"2018-08-09","purchased_purges":3,"victory":false,"max_hp_per_floor":[80,80,80,80,80,80,80,80,80,80,80,80,80,80,80,80,80,83,83,86,86,60,60,64,68,68,68,68,72,72,72,72,72],"card_choices":[{"not_picked":["Dual Wield","Thunderclap"],"picked":"Carnage","floor":1},{"not_picked":["True Grit","Combust","Clothesline"],"picked":"SKIP","floor":2},{"not_picked":["Sword Boomerang","Anger"],"picked":"Cleave","floor":5},{"not_picked":["Blood for Blood","Anger"],"picked":"Ghostly Armor","floor":7},{"not_picked":["Burning Pact","Warcry"],"picked":"Clash","floor":8},{"not_picked":["Combust","Dual Wield","Blood for Blood"],"picked":"SKIP","floor":10},{"not_picked":["Rupture","Iron Wave","Hemokinesis"],"picked":"SKIP","floor":12},{"not_picked":["Wild Strike","Thunderclap"],"picked":"Infernal Blade","floor":13},{"not_picked":["Feel No Pain","Metallicize","Wild Strike"],"picked":"SKIP","floor":14},{"not_picked":["Impervious","Berserk"],"picked":"Feed","floor":16},{"not_picked":["Warcry"],"picked":"SKIP","floor":18},{"not_picked":[],"picked":"Havoc+1","floor":20},{"not_picked":["Second Wind"],"picked":"SKIP","floor":21},{"not_picked":["Heavy Blade"],"picked":"SKIP","floor":24},{"not_picked":["Rage"],"picked":"SKIP","floor":25},{"not_picked":[],"picked":"Wild Strike+1","floor":29},{"not_picked":[],"picked":"Cleave","floor":31}],"player_experience":421507,"relics_obtained":[{"floor":9,"key":"Darkstone Periapt"},{"floor":12,"key":"Oddly Smooth Stone"},{"floor":25,"key":"Shuriken"},{"floor":26,"key":"Ornamental Fan"},{"floor":28,"key":"Self Forming Clay"}],"event_choices":[{"event_name":"Living Wall","player_choice":"Forget","floor":4,"damage_taken":0},{"event_name":"Vampires","player_choice":"Became a vampire","floor":22,"damage_taken":0},{"event_name":"Ghosts","player_choice":"Ignored","floor":27,"damage_taken":0}],"is_beta":false,"boss_relics":[{"not_picked":["Calling Bell","Snecko Eye"],"picked":"Busted Crown"}],"items_purged_floors":[3,11,19],"is_endless":false,"potions_floor_spawned":[1,10,12,13,14,24,29,31],"killed_by":"Automaton","ascension_level":5}