{"gold_per_floor":[115,134,134,153,171,171,184,184,184,201,201,201,77,107,107,209,209,222,222,137,137,137,137,154,20,20,32,45,45,60,73,73,73],"floor_reached":33,"playtime":1377,"items_purged":["Strike_B","Writhe"],"score":336,"play_id":"84f3f875-15aa-4477-8fde-89a20f51a9ed","local_time":"20180726103819","is_ascension_mode":true,"campfire_choices":[{"data":"Loop","floor":6,"key":"SMITH"},{"data":"Zap","floor":8,"key":"SMITH"},{"data":"Dualcast","floor":11,"key":"SMITH"},{"data":"Conserve Battery","floor":15,"key":"SMITH"},{"data":"Electrodynamics","floor":23,"key":"SMITH"},{"data":"Loop","floor":29,"key":"SMITH"},{"data":"Defragment","floor":32,"key":"SMITH"}],"neow_cost":"NONE","seed_source_timestamp":391662771497248,"circlet_count":0,"master_deck":["Defend_B+1","Defend_B+1","Defend_B+1","Defend_B+1","Zap+1","Dualcast+1","Gash","Loop+1","Go for the Eyes","Ball Lightning","Auto Shields","Conserve Battery+1","Gash","Electrodynamics+1","Redo+1","Bite","Bite","Bite","Bite","Bite","Loop+1","Sunder","Defragment+1"],"relics":["Cracked Core","Bronze Scales","Orichalcum","Velvet Choker","Symbiotic Virus","Gremlin Horn","Dodecahedron"],"potions_floor_usage":[10,16,16,33],"damage_taken":[{"damage":2,"enemies":"Jaw Worm","floor":1,"turns":3},{"damage":1,"enemies":"Cultist","floor":2,"turns":3},{"damage":7,"enemies":"Small Slimes","floor":4,"turns":2},{"damage":15,"enemies":"3 Louse","floor":5,"turns":3},{"damage":12,"enemies":"Looter","floor":7,"turns":3},{"damage":1,"enemies":"Blue Slaver","floor":10,"turns":3},{"damage":28,"enemies":"Gremlin Nob","floor":14,"turns":4},{"damage":31,"enemies":"The Guardian","floor":16,"turns":8},{"damage":11,"enemies":"Shell Parasite","floor":18,"turns":5},{"damage":5,"enemies":"2 Thieves","floor":24,"turns":3},{"damage":4,"enemies":"Sentry and Sphere","floor":27,"turns":4},{"damage":20,"enemies":"Centurion and Healer","floor":28,"turns":4},{"damage":2,"enemies":"Cultist and Chosen","floor":30,"turns":3},{"damage":0,"enemies":"Sentry and Sphere","floor":31,"turns":3},{"damage":69,"enemies":"Automaton","floor":33,"turns":6}],"seed_played":"-7035628138724929536","potions_obtained":[{"floor":3,"key":"SmokeBomb"},{"floor":3,"key":"Block Potion"},{"floor":3,"key":"Strength Potion"},{"floor":4,"key":"SkillPotion"},{"floor":10,"key":"PowerPotion"},{"floor":16,"key":"Energy Potion"},{"floor":18,"key":"Dexterity Potion"},{"floor":28,"key":"LiquidBronze"}],"is_trial":false,"path_per_floor":["M","M","?","M","M","R","M","R","T","M","R","?","$","E","R","B",null,"M","?","?","?","?","R","M","$","T","M","M","R","M","M","R"],"character_chosen":"DEFECT","items_purchased":["Gash","Loop"],"campfire_rested":0,"item_purchase_floors":[13,25],"current_hp_per_floor":[80,79,79,72,57,57,45,45,45,44,44,71,71,43,43,12,65,54,54,54,54,54,54,53,53,53,55,41,41,45,55,55,0],"gold":73,"neow_bonus":"TEN_PERCENT_HP_BONUS","is_prod":false,"is_daily":false,"chose_seed":false,"campfire_upgraded":7,"win_rate":0,"timestamp":1532572699,"path_taken":["M","M","?","M","?","R","M","R","T","M","R","?","$","E","R","BOSS","M","?","?","?","?","R","?","?","T","?","M","R","?","M","R","BOSS"],"build_version":"2018-07-19v2","purchased_purges":2,"victory":false,"max_hp_per_floor":[82,82,82,82,82,82,82,82,82,82,82,82,82,82,82,82,82,82,57,57,57,57,57,57,57,57,57,57,57,57,57,57,57],"card_choices":[{"not_picked":["Ball Lightning","BootSequence"],"picked":"Gash","floor":1},{"not_picked":["Sweeping Beam","Compile Driver"],"picked":"Loop","floor":2},{"not_picked":["Skim","Sweeping Beam"],"picked":"Go for the Eyes","floor":4},{"not_picked":["Skim","Rebound"],"picked":"Ball Lightning","floor":5},{"not_picked":["Fusion","Glacier"],"picked":"Auto Shields","floor":7},{"not_picked":["Rip and Tear","Melter"],"picked":"Conserve Battery","floor":10},{"not_picked":["Aggregate","Barrage","Compile Driver"],"picked":"SKIP","floor":14},{"not_picked":["All For One","Core Surge"],"picked":"Electrodynamics","floor":16},{"not_picked":["Gash","Go for the Eyes+1"],"picked":"Redo+1","floor":18},{"not_picked":["Aggregate","Rebound","Barrage+1"],"picked":"SKIP","floor":24},{"not_picked":["Undo+1","Double Energy","Cold Snap"],"picked":"SKIP","floor":27},{"not_picked":["Double Energy","Doom and Gloom+1","Force Field"],"picked":"SKIP","floor":28},{"not_picked":["Beam Cell","Conserve Battery"],"picked":"Sunder","floor":30},{"not_picked":["Go for the Eyes","Turbo"],"picked":"Defragment","floor":31}],"player_experience":246652,"relics_obtained":[{"floor":9,"key":"Bronze Scales"},{"floor":14,"key":"Orichalcum"},{"floor":26,"key":"Dodecahedron"}],"event_choices":[{"event_name":"The Lab","player_choice":"Got Potions","floor":3,"damage_taken":0},{"event_name":"Big Fish","player_choice":"Banana","floor":12,"damage_taken":0},{"event_name":"Vampires","player_choice":"Became a vampire","floor":19,"damage_taken":0},{"event_name":"Addict","player_choice":"Obtained Relic","floor":20,"damage_taken":0},{"event_name":"The Mausoleum","player_choice":"Yes","floor":21,"damage_taken":0},{"event_name":"Back to Basics","player_choice":"Simplicity","floor":22,"damage_taken":0}],"is_beta":false,"boss_relics":[{"not_picked":["Busted Crown","Empty Cage"],"picked":"Velvet Choker"}],"items_purged_floors":[13,25],"is_endless":false,"potions_floor_spawned":[4,5,10,14,16,18,28],"killed_by":"Automaton","ascension_level":5}