{"path_per_floor":["M","M","M","?","?","R","M","M","T","M","T","R","$","M","R","B",null,"M","$","M","?","M","R","M","M","T","R","M"],"character_chosen":"THE_SILENT","items_purchased":[],"gold_per_floor":[18,37,56,56,56,56,76,90,90,103,129,129,54,66,66,165,165,185,85,100,100,119,119,136,153,153,153,167],"floor_reached":29,"campfire_rested":3,"playtime":1131,"current_hp_per_floor":[70,67,67,60,60,60,48,22,22,13,13,34,34,22,43,34,72,62,62,54,54,52,58,36,15,15,45,18],"items_purged":["Strike_G","Strike_G"],"gold":167,"score":221,"play_id":"3890d166-67eb-4c7f-83ce-de3e2351b78a","is_prod":false,"is_daily":false,"is_ascension_mode":false,"campfire_upgraded":2,"path_taken":["M","M","M","?","?","R","M","M","T","M","?","R","$","M","R","BOSS","M","$","?","?","M","R","M","?","T","R","M","M"],"build_version":"2018-02-15-PROD1","purchased_purges":2,"victory":false,"master_deck":["Defend_G","Defend_G","Defend_G","Strike_G","Strike_G","Survivor","Neutralize","Poisoned Stab+1","Noxious Fumes+1","Poisoned Stab+1","Backstab","Slice","Bane","Backstab","Deadly Poison+1"],"max_hp_per_floor":[70,70,70,70,70,70,70,70,70,70,70,70,70,70,70,72,72,74,74,74,74,76,76,78,80,80,80,82],"relics":["Ring of the Snake","Frozen Eye","Singing Bowl","Eternal Feather","Toolbox"],"card_choices":[{"not_picked":["Bouncing Flask","Dagger Throw"],"picked":"Poisoned Stab"},{"not_picked":["Terror","Bouncing Flask"],"picked":"Noxious Fumes"},{"not_picked":["Caltrops","Prepared"],"picked":"Poisoned Stab"},{"not_picked":["Poisoned Stab","Dagger Spray"],"picked":"Backstab"},{"not_picked":["Sucker Punch","Caltrops"],"picked":"Slice"},{"not_picked":["Prepared","Predator"],"picked":"Bane"},{"not_picked":["Heel Hook","Blur"],"picked":"Backstab"},{"not_picked":["Sucker Punch","Acrobatics"],"picked":"Deadly Poison"}],"player_experience":67746,"potions_floor_usage":[16,16,22,25],"damage_taken":[{"damage":0,"enemies":"2 Louse","floor":1,"turns":3},{"damage":3,"enemies":"Jaw Worm","floor":2,"turns":3},{"damage":0,"enemies":"Cultist","floor":3,"turns":3},{"damage":12,"enemies":"Blue Slaver","floor":7,"turns":3},{"damage":26,"enemies":"Exordium Thugs","floor":8,"turns":5},{"damage":9,"enemies":"Red Slaver","floor":10,"turns":3},{"damage":12,"enemies":"Blue Slaver","floor":14,"turns":2},{"damage":26,"enemies":"Hexaghost","floor":16,"turns":8},{"damage":12,"enemies":"2 Thieves","floor":18,"turns":3},{"damage":8,"enemies":"Spheric Guardian","floor":20,"turns":4},{"damage":4,"enemies":"Centurion and Healer","floor":22,"turns":6},{"damage":24,"enemies":"Snake Plant","floor":24,"turns":4},{"damage":23,"enemies":"Sentry and Sphere","floor":25,"turns":5},{"damage":29,"enemies":"Centurion and Healer","floor":28,"turns":5},{"damage":23,"enemies":"Snake Plant","floor":29,"turns":2}],"event_choices":[{"event_name":"Golden Wing","player_choice":"Card Removal","floor":4,"damage_taken":0},{"event_name":"Liars Game","player_choice":"disagreed","floor":5,"damage_taken":0},{"event_name":"Upgrade Shrine","player_choice":"Upgraded","floor":21,"damage_taken":0}],"boss_relics":[{"not_picked":["Black Star","Calling Bell"],"picked":"Eternal Feather"}],"potions_floor_spawned":[1,2,14,16,22,25,28],"seed_played":"1462568657799798447","killed_by":"Snake Plant","ascension_level":0,"is_trial":false}