{"gold_per_floor":[109,34,109,9,19,19,53,53,53,53,53,80,80,98,98,197,197,184,6,20,20,120,120,35,35,59,85,97,109,137,161,173,283,295,327,359,390,204,1203,1203,280,293,293,293,307,307,107,122,122,122],"floor_reached":51,"playtime":7990,"items_purged":["Strike_B","Strike_B","Strike_B","Defend_B","Normality","Normality"],"score":708,"play_id":"b6d9b3da-3a55-47da-9f20-6b384dcfda1e","local_time":"20190612214922","is_ascension_mode":true,"campfire_choices":[{"data":"Defend_B","floor":6,"key":"SMITH"},{"data":"Defend_B","floor":8,"key":"SMITH"},{"data":"Defend_B","floor":11,"key":"SMITH"},{"data":"Conserve Battery","floor":15,"key":"SMITH"},{"floor":23,"key":"DIG"},{"floor":25,"key":"DIG"},{"floor":32,"key":"DIG"},{"floor":40,"key":"DIG"},{"floor":44,"key":"DIG"},{"floor":49,"key":"DIG"}],"neow_cost":"NONE","seed_source_timestamp":953712251532400,"circlet_count":0,"master_deck":["Strike_B","Defend_B+1","Defend_B+1","Defend_B+1","Zap","Dualcast","Go for the Eyes","Gash","Beam Cell+1","Rebound+1","Conserve Battery+1","Streamline","Coolheaded","Conserve Battery","Sweeping Beam+1","Leap","Conserve Battery+1","Gash","Gash+1","Streamline+1","Writhe","Sweeping Beam+1"],"relics":["Coffee Dripper","Strawberry","Centennial Puzzle","Lantern","Eternal Feather","Shovel","Mummified Hand","Whetstone","Boot","Bag of Marbles","MawBank","Mercury Hourglass","Bag of Preparation","Lizard Tail","Molten Egg 2","Letter Opener","Vajra","Toolbox","Frozen Egg 2","DataDisk","Bottled Lightning"],"potions_floor_usage":[7,7,22,22,33,37,42,50,50,50],"damage_taken":[{"damage":5,"enemies":"Jaw Worm","floor":1,"turns":4},{"damage":0,"enemies":"Small Slimes","floor":5,"turns":4},{"damage":36,"enemies":"Gremlin Nob","floor":7,"turns":5},{"damage":21,"enemies":"3 Sentries","floor":12,"turns":9},{"damage":0,"enemies":"Cultist","floor":14,"turns":3},{"damage":26,"enemies":"Hexaghost","floor":16,"turns":14},{"damage":19,"enemies":"2 Thieves","floor":18,"turns":4},{"damage":2,"enemies":"Chosen","floor":20,"turns":4},{"damage":2,"enemies":"Colosseum Slavers","floor":22,"turns":5},{"damage":11,"enemies":"Colosseum Nobs","floor":22,"turns":9},{"damage":8,"enemies":"3 Cultists","floor":27,"turns":5},{"damage":0,"enemies":"Centurion and Healer","floor":30,"turns":5},{"damage":2,"enemies":"Snake Plant","floor":31,"turns":4},{"damage":35,"enemies":"Automaton","floor":33,"turns":11},{"damage":8,"enemies":"Orb Walker","floor":35,"turns":4},{"damage":27,"enemies":"3 Darklings","floor":36,"turns":7},{"damage":26,"enemies":"Maw","floor":37,"turns":10},{"damage":7,"enemies":"Writhing Mass","floor":42,"turns":9},{"damage":8,"enemies":"Transient","floor":45,"turns":5},{"damage":0,"enemies":"3 Darklings","floor":48,"turns":5},{"damage":42,"enemies":"Awakened One","floor":50,"turns":14}],"seed_played":"-4271811855015426109","potions_obtained":[{"floor":1,"key":"LiquidBronze"},{"floor":5,"key":"Regen Potion"},{"floor":12,"key":"SpeedPotion"},{"floor":20,"key":"SteroidPotion"},{"floor":30,"key":"AttackPotion"},{"floor":31,"key":"SteroidPotion"},{"floor":33,"key":"EssenceOfSteel"},{"floor":36,"key":"SkillPotion"},{"floor":45,"key":"SpeedPotion"}],"is_trial":false,"path_per_floor":["M","$","?","$","M","R","E","R","T","?","R","E","?","M","R","B",null,"M","$","M","$","?","R","?","R","T","M","$","T","M","M","R","B",null,"M","M","M","$","?","R","$","M","T","R","M","?","$","M","R","B",null],"character_chosen":"DEFECT","items_purchased":["Coolheaded","Gash","Letter Opener","Vajra","Toolbox","Gash+1","PowerPotion","GamblersBrew"],"campfire_rested":0,"item_purchase_floors":[19,38,41,41,41,41,41,41],"current_hp_per_floor":[70,70,59,59,59,59,44,44,44,64,64,43,43,43,43,17,79,60,60,58,58,45,54,54,63,63,55,55,55,55,53,62,27,79,71,44,18,18,18,30,30,23,23,35,27,47,47,47,59,17],"gold":122,"neow_bonus":"BOSS_RELIC","is_prod":false,"is_daily":false,"chose_seed":false,"campfire_upgraded":4,"win_rate":0,"timestamp":1560386962,"path_taken":["M","$","?","$","M","R","E","R","T","?","R","E","?","?","R","BOSS","M","$","M","$","?","R","?","R","T","M","$","?","?","M","R","BOSS","M","?","M","$","?","R","$","M","T","R","M","?","?","M","R","BOSS"],"build_version":"2019-01-23","purchased_purges":6,"victory":true,"max_hp_per_floor":[75,75,75,75,75,75,82,82,82,82,82,82,79,79,79,79,79,79,79,79,79,79,79,79,79,79,79,79,79,79,79,79,79,79,79,79,79,79,79,79,79,79,79,79,79,79,79,79,79,79],"card_choices":[{"not_picked":["Rip and Tear","Genetic Algorithm"],"picked":"Go for the Eyes","floor":1},{"not_picked":["Aggregate","Barrage"],"picked":"Gash","floor":5},{"not_picked":["Self Repair","Echo Form"],"picked":"Beam Cell","floor":7},{"not_picked":["Steam Power","Doom and Gloom"],"picked":"Rebound","floor":12},{"not_picked":["Turbo","Force Field"],"picked":"Conserve Battery","floor":14},{"not_picked":["Go for the Eyes+1","Aggregate+1"],"picked":"Streamline","floor":18},{"not_picked":["Sunder+1","Ball Lightning"],"picked":"Conserve Battery","floor":20},{"not_picked":["BootSequence","Cold Snap"],"picked":"Sweeping Beam+1","floor":22},{"not_picked":["Chill","Redo+1","Reprogram"],"picked":"SKIP","floor":27},{"not_picked":["Hello World","Chill","Cold Snap"],"picked":"SKIP","floor":30},{"not_picked":["Melter","White Noise+1"],"picked":"Leap","floor":31},{"not_picked":["Sweeping Beam","Compile Driver+1","Redo+1"],"picked":"SKIP","floor":35},{"not_picked":["Capacitor+1","Aggregate","Steam"],"picked":"SKIP","floor":36},{"not_picked":["Barrage","Recycle+1"],"picked":"Conserve Battery+1","floor":37},{"not_picked":["Double Energy","Leap","Hello World+1"],"picked":"SKIP","floor":42},{"not_picked":["Hyperbeam+1","Tempest+1"],"picked":"Streamline+1","floor":45},{"not_picked":["FTL+1","Barrage+1"],"picked":"Sweeping Beam+1","floor":48}],"player_experience":239109,"relics_obtained":[{"floor":7,"key":"Strawberry"},{"floor":9,"key":"Centennial Puzzle"},{"floor":12,"key":"Lantern"},{"floor":22,"key":"Shovel"},{"floor":22,"key":"Mummified Hand"},{"floor":23,"key":"Whetstone"},{"floor":25,"key":"Bag of Marbles"},{"floor":26,"key":"MawBank"},{"floor":29,"key":"Mercury Hourglass"},{"floor":32,"key":"Bag of Preparation"},{"floor":40,"key":"Molten Egg 2"},{"floor":43,"key":"Frozen Egg 2"},{"floor":44,"key":"DataDisk"},{"floor":49,"key":"Bottled Lightning"}],"event_choices":[{"damage_healed":0,"gold_gain":75,"player_choice":"Gather Gold","damage_taken":11,"max_hp_gain":0,"max_hp_loss":0,"event_name":"World of Goop","floor":3,"gold_loss":0},{"damage_healed":20,"gold_gain":0,"player_choice":"Healed and dodged fight","damage_taken":0,"max_hp_gain":0,"max_hp_loss":0,"event_name":"Mushrooms","floor":10,"gold_loss":0,"cards_obtained":["Parasite"]},{"cards_removed":["Parasite"],"damage_healed":0,"gold_gain":0,"player_choice":"Removed Curses","damage_taken":0,"max_hp_gain":0,"max_hp_loss":0,"event_name":"Fountain of Cleansing","floor":13,"gold_loss":0},{"damage_healed":0,"gold_gain":0,"player_choice":"Fight","damage_taken":0,"max_hp_gain":0,"max_hp_loss":0,"event_name":"Colosseum","floor":22,"gold_loss":0},{"damage_healed":0,"gold_gain":0,"player_choice":"Fought Nobs","damage_taken":0,"max_hp_gain":0,"max_hp_loss":0,"event_name":"Colosseum","floor":22,"gold_loss":0},{"damage_healed":0,"gold_gain":0,"player_choice":"Obtained Relic","damage_taken":0,"relics_obtained":["Boot"],"max_hp_gain":0,"max_hp_loss":0,"event_name":"Addict","floor":24,"gold_loss":85},{"damage_healed":0,"gold_gain":999,"player_choice":"Gold","damage_taken":0,"max_hp_gain":0,"max_hp_loss":0,"event_name":"MindBloom","floor":39,"gold_loss":0,"cards_obtained":["Normality","Normality"]},{"damage_healed":20,"gold_gain":0,"player_choice":"Writhe","damage_taken":0,"max_hp_gain":0,"max_hp_loss":0,"event_name":"Winding Halls","floor":46,"gold_loss":0,"cards_obtained":["Writhe"]}],"is_beta":false,"boss_relics":[{"not_picked":["Orrery","Ectoplasm"],"picked":"Eternal Feather"},{"not_picked":["Runic Pyramid","Pandora\u0027s Box"],"picked":"Lizard Tail"}],"items_purged_floors":[2,4,19,38,41,47],"is_endless":false,"potions_floor_spawned":[1,5,12,20,22,30,31,33,36,45,48],"ascension_level":1}