{"gold_per_floor":[13,13,13,33,53,53,82,82,162,176,176,253,87,87,87,87],"floor_reached":16,"playtime":566,"items_purged":["Strike_G"],"score":133,"play_id":"2526fd44-02e1-4f62-97cb-a4c64d1d5493","local_time":"20180727115211","is_ascension_mode":true,"campfire_choices":[{"data":"Strike_G","floor":6,"key":"SMITH"},{"data":"Caltrops","floor":8,"key":"SMITH"},{"data":"Deadly Poison","floor":15,"key":"SMITH"}],"neow_cost":"NO_GOLD","seed_source_timestamp":483304880572122,"circlet_count":0,"master_deck":["Defend_G","Defend_G","Defend_G","Defend_G","Defend_G","Strike_G+1","Survivor","Neutralize","Choke","Flying Knee","Poisoned Stab","Deadly Poison+1","Caltrops+1","Bane","Flash of Steel"],"relics":["Ring of the Snake","Strawberry","Torii","Pear","Dodecahedron"],"potions_floor_usage":[16,16],"damage_taken":[{"damage":18,"enemies":"Small Slimes","floor":1,"turns":4},{"damage":0,"enemies":"Cultist","floor":4,"turns":3},{"damage":0,"enemies":"2 Louse","floor":5,"turns":2},{"damage":27,"enemies":"Gremlin Nob","floor":7,"turns":4},{"damage":1,"enemies":"Large Slime","floor":10,"turns":5},{"damage":37,"enemies":"Slime Boss","floor":16,"turns":8}],"seed_played":"-1242805062123479761","potions_obtained":[{"floor":5,"key":"SkillPotion"},{"floor":7,"key":"EssenceOfSteel"}],"is_trial":false,"path_per_floor":["M","?","?","M","M","R","E","R","T","M","?","T","$","?","R"],"character_chosen":"THE_SILENT","items_purchased":["Flash of Steel"],"campfire_rested":0,"item_purchase_floors":[13],"current_hp_per_floor":[52,59,59,59,59,59,32,32,42,41,34,34,34,34,34,0],"gold":87,"neow_bonus":"TRANSFORM_TWO_CARDS","is_prod":false,"is_daily":false,"chose_seed":false,"campfire_upgraded":3,"win_rate":0,"timestamp":1532663531,"path_taken":["M","?","?","M","M","R","E","R","T","M","?","?","$","?","R","BOSS"],"build_version":"2018-07-26","purchased_purges":1,"victory":false,"max_hp_per_floor":[70,77,77,77,77,77,77,77,87,87,87,87,87,87,87,87],"card_choices":[{"not_picked":["Accuracy","PiercingWail"],"picked":"Flying Knee","floor":1},{"not_picked":["Expertise","Quick Slash"],"picked":"Poisoned Stab","floor":4},{"not_picked":["Terror","Dagger Spray"],"picked":"Deadly Poison","floor":5},{"not_picked":["Burst","Corpse Explosion"],"picked":"Caltrops","floor":7},{"not_picked":["Blade Dance","Eviscerate"],"picked":"Bane","floor":10}],"player_experience":277029,"relics_obtained":[{"floor":7,"key":"Torii"},{"floor":9,"key":"Pear"},{"floor":12,"key":"Dodecahedron"}],"event_choices":[{"event_name":"WeMeetAgain","player_choice":"Card","floor":2,"damage_taken":0},{"event_name":"Liars Game","player_choice":"disagreed","floor":3,"damage_taken":0},{"event_name":"Golden Wing","player_choice":"Card Removal","floor":11,"damage_taken":0},{"event_name":"Accursed Blacksmith","player_choice":"Ignore","floor":14,"damage_taken":0}],"is_beta":false,"boss_relics":[],"items_purged_floors":[13],"is_endless":false,"potions_floor_spawned":[5,7],"killed_by":"Slime Boss","ascension_level":2}