{"gold_per_floor":[110,185,185,195,195,222,222,254,254,265,282,313,313,341,341,446,446,457,457,476,476,476,476,488,488,488,511,523,535],"floor_reached":29,"playtime":2333,"items_purged":[],"score":400,"play_id":"c46249d2-1468-44d6-a0e5-3ca06843bc49","local_time":"20190610173931","is_ascension_mode":true,"campfire_choices":[{"data":"Dash","floor":7,"key":"SMITH"},{"floor":13,"key":"REST"},{"floor":15,"key":"REST"},{"data":"After Image","floor":23,"key":"SMITH"},{"floor":25,"key":"REST"},{"data":"Dodge and Roll","floor":28,"key":"SMITH"}],"neow_cost":"NONE","seed_source_timestamp":257389596846150,"circlet_count":0,"master_deck":["Defend_G","Defend_G","Defend_G","Defend_G","Defend_G","Strike_G","Strike_G","Survivor","Neutralize","Dash+1","Well Laid Plans","Finisher","A Thousand Cuts","Cloak And Dagger","All Out Attack","Infinite Blades","Blur","After Image+1","A Thousand Cuts+1","Tools of the Trade+1","Finisher+1","Dodge and Roll+1","Outmaneuver","Infinite Blades+1"],"relics":["Ring of the Snake","NeowsBlessing","Vajra","Potion Belt","Smiling Mask","Dream Catcher","Bottled Tornado","Boot","Kunai","Astrolabe","MawBank"],"potions_floor_usage":[8,12,24,24,24],"damage_taken":[{"damage":0,"enemies":"2 Louse","floor":1,"turns":1},{"damage":0,"enemies":"Jaw Worm","floor":4,"turns":1},{"damage":0,"enemies":"Gremlin Nob","floor":6,"turns":1},{"damage":6,"enemies":"Lagavulin","floor":8,"turns":8},{"damage":0,"enemies":"Small Slimes","floor":10,"turns":3},{"damage":27,"enemies":"Exordium Thugs","floor":11,"turns":4},{"damage":4,"enemies":"3 Sentries","floor":12,"turns":9},{"damage":14,"enemies":"Lagavulin","floor":14,"turns":9},{"damage":14,"enemies":"Slime Boss","floor":16,"turns":9},{"damage":25,"enemies":"Chosen","floor":18,"turns":7},{"damage":16,"enemies":"Spheric Guardian","floor":20,"turns":8},{"damage":20,"enemies":"3 Cultists","floor":24,"turns":5},{"damage":12,"enemies":"Chosen and Byrds","floor":27,"turns":6},{"damage":23,"enemies":"Gremlin Leader","floor":29,"turns":2}],"seed_played":"-7298787779307196456","potions_obtained":[{"floor":1,"key":"Swift Potion"},{"floor":8,"key":"FearPotion"},{"floor":10,"key":"Poison Potion"},{"floor":12,"key":"SpeedPotion"},{"floor":16,"key":"GamblersBrew"},{"floor":22,"key":"AttackPotion"},{"floor":22,"key":"Dexterity Potion"}],"is_trial":false,"path_per_floor":["M","?","?","M","?","E","R","E","T","M","M","E","R","E","R","B",null,"M","?","M","?","?","R","M","R","T","M","R","E"],"character_chosen":"THE_SILENT","items_purchased":[],"campfire_rested":3,"item_purchase_floors":[],"current_hp_per_floor":[63,52,40,40,40,40,40,34,34,34,7,3,24,10,31,17,57,32,19,3,28,28,28,8,30,30,18,18,0],"gold":535,"neow_bonus":"THREE_ENEMY_KILL","is_prod":false,"is_daily":false,"chose_seed":false,"campfire_upgraded":3,"win_rate":0,"timestamp":1560159571,"path_taken":["M","?","?","M","?","E","R","E","T","M","M","E","R","E","R","BOSS","M","?","M","?","?","R","M","R","T","?","R","E"],"build_version":"2019-01-23","purchased_purges":0,"victory":false,"max_hp_per_floor":[70,70,70,70,70,70,70,70,70,70,70,70,70,70,70,70,70,70,75,75,75,75,75,75,75,75,75,75,75],"card_choices":[{"not_picked":["Slice","Deadly Poison"],"picked":"Dash","floor":1},{"not_picked":["Calculated Gamble","Catalyst"],"picked":"Well Laid Plans","floor":4},{"not_picked":["Reflex","PiercingWail","Poisoned Stab"],"picked":"SKIP","floor":6},{"not_picked":["Sucker Punch","Deflect"],"picked":"Finisher","floor":8},{"not_picked":["Dash","Slice"],"picked":"A Thousand Cuts","floor":10},{"not_picked":["Outmaneuver","Noxious Fumes"],"picked":"Cloak And Dagger","floor":11},{"not_picked":["Sucker Punch","Bane"],"picked":"All Out Attack","floor":12},{"not_picked":["Acrobatics","Calculated Gamble"],"picked":"Infinite Blades","floor":13},{"not_picked":["Dash","Deadly Poison"],"picked":"Blur","floor":14},{"not_picked":["Wraith Form v2","Doppelganger"],"picked":"After Image","floor":16},{"not_picked":["Backflip","Deadly Poison"],"picked":"Dodge and Roll","floor":18},{"not_picked":["Bouncing Flask","Noxious Fumes","Catalyst"],"picked":"SKIP","floor":20},{"not_picked":["Poisoned Stab","Backflip"],"picked":"Outmaneuver","floor":24},{"not_picked":["Deadly Poison","Bouncing Flask"],"picked":"Infinite Blades+1","floor":27}],"player_experience":756332,"relics_obtained":[{"floor":5,"key":"Potion Belt"},{"floor":6,"key":"Smiling Mask"},{"floor":8,"key":"Dream Catcher"},{"floor":9,"key":"Bottled Tornado"},{"floor":12,"key":"Boot"},{"floor":14,"key":"Kunai"},{"floor":26,"key":"MawBank"}],"event_choices":[{"damage_healed":0,"gold_gain":75,"player_choice":"Gather Gold","damage_taken":11,"max_hp_gain":0,"max_hp_loss":0,"event_name":"World of Goop","floor":2,"gold_loss":0},{"damage_healed":0,"gold_gain":0,"player_choice":"Success","damage_taken":12,"relics_obtained":["Vajra"],"max_hp_gain":0,"max_hp_loss":0,"event_name":"Scrap Ooze","floor":3,"gold_loss":0},{"damage_healed":0,"gold_gain":0,"player_choice":"Relic","damage_taken":0,"max_hp_gain":0,"max_hp_loss":0,"event_name":"Wheel of Change","floor":5,"gold_loss":0},{"damage_healed":0,"gold_gain":0,"player_choice":"Shed Blood","damage_taken":18,"max_hp_gain":5,"max_hp_loss":0,"event_name":"Forgotten Altar","floor":19,"gold_loss":0},{"damage_healed":25,"gold_gain":0,"player_choice":"Heal","damage_taken":0,"max_hp_gain":0,"max_hp_loss":0,"event_name":"The Library","floor":21,"gold_loss":0},{"damage_healed":0,"gold_gain":0,"player_choice":"Got Potions","damage_taken":0,"max_hp_gain":0,"max_hp_loss":0,"event_name":"Lab","floor":22,"gold_loss":0}],"is_beta":false,"boss_relics":[{"not_picked":["Philosopher\u0027s Stone","Velvet Choker"],"picked":"Astrolabe"}],"items_purged_floors":[],"is_endless":false,"potions_floor_spawned":[1,8,10,12,16],"killed_by":"Gremlin Leader","ascension_level":9}