{"path_per_floor":["M","?","M","?","$","E","R","M","T","R","T","?","$","M","R","B",null,"M","$","T","M","?","R","M","R","T","E","M","?","M","T","R","B",null,"M","M","$","?","M","E","R","T","T","M","R","M","M","M","R","B"],"character_chosen":"THE_SILENT","items_purchased":["Noxious Fumes","Oddly Smooth Stone","Paper Crane"],"gold_per_floor":[116,216,233,233,4,35,35,53,53,53,101,124,49,62,62,166,166,181,81,130,140,140,140,151,151,151,180,191,191,205,205,205,310,310,328,339,78,78,91,121,121,121,121,132,132,146,158,171,171,171],"floor_reached":51,"campfire_rested":2,"playtime":3108,"current_hp_per_floor":[63,63,63,68,68,68,68,66,66,66,66,54,54,46,46,46,66,56,56,56,68,68,68,65,65,65,46,46,33,27,27,50,42,68,77,71,71,71,62,56,56,56,56,68,68,68,64,51,74,54],"items_purged":["Parasite","Strike_G"],"gold":171,"score":1183,"play_id":"8bb8e2e9-cfd6-436c-8c24-17640292ed21","local_time":"20180315183638","is_prod":false,"is_daily":false,"is_ascension_mode":true,"campfire_upgraded":7,"timestamp":1521156998,"path_taken":["M","?","?","?","$","E","R","M","T","R","?","?","?","M","R","BOSS","M","$","?","M","?","R","M","R","T","E","?","?","M","?","R","BOSS","M","M","$","?","M","E","R","?","T","M","R","?","M","M","R","BOSS"],"build_version":"2018-03-09","purchased_purges":2,"victory":true,"master_deck":["Defend_G","Defend_G","Defend_G","Defend_G","Defend_G+1","Survivor+1","Neutralize","Dodge and Roll+1","Noxious Fumes+1","Leg Sweep+1","Catalyst","Tools of the Trade","Blur+1","Noxious Fumes+1","Blur+1","Predator+1","Catalyst","Phantasmal Killer+1","Wraith Form+1","Venomology+1","Backflip"],"max_hp_per_floor":[70,70,70,75,75,75,75,75,75,75,75,75,72,72,72,72,72,72,72,72,72,72,72,72,72,72,72,72,77,77,77,77,77,77,77,77,77,77,77,77,77,77,77,77,77,77,77,77,77,77],"relics":["Ring of the Snake","NeowsBlessing","Oddly Smooth Stone","Snake Skull","Ice Cream","Bronze Scales","Odd Mushroom","Runic Dome","Prayer Wheel","Ginger","Darkstone Periapt","Unceasing Top","Astrolabe","Paper Crane","Tough Bandages","Sundial","Tingsha"],"card_choices":[{"not_picked":["Dagger Spray","Slice"],"picked":"Dodge and Roll"},{"not_picked":["Slice","Deadly Poison"],"picked":"Leg Sweep"},{"not_picked":["Distraction","Slice"],"picked":"Catalyst"},{"not_picked":["Unload","Doppelganger"],"picked":"Tools of the Trade"},{"not_picked":["Deadly Poison","Deflect"],"picked":"Blur"},{"not_picked":["Dodge and Roll","Bane"],"picked":"Noxious Fumes"},{"not_picked":["Poisoned Stab","Riddle With Holes"],"picked":"Blur"},{"not_picked":["Concentrate","Dodge and Roll"],"picked":"Predator"},{"not_picked":["Corpse Explosion","All Out Attack"],"picked":"Catalyst"},{"not_picked":["Flying Knee","Phantasmal Killer"],"picked":"Backflip"}],"player_experience":269968,"potions_floor_usage":[21,33,33,33,35,40,44,46,47,48,48,50,50,50],"damage_taken":[{"damage":0,"enemies":"Jaw Worm","floor":1,"turns":1},{"damage":0,"enemies":"Cultist","floor":3,"turns":1},{"damage":0,"enemies":"Gremlin Nob","floor":6,"turns":1},{"damage":2,"enemies":"2 Louse","floor":8,"turns":3},{"damage":12,"enemies":"The Mushroom Lair","floor":12,"turns":4},{"damage":8,"enemies":"2 Fungi Beasts","floor":14,"turns":4},{"damage":0,"enemies":"The Guardian","floor":16,"turns":10},{"damage":10,"enemies":"Spheric Guardian","floor":18,"turns":6},{"damage":0,"enemies":"Shell Parasite","floor":21,"turns":7},{"damage":3,"enemies":"Centurion and Healer","floor":24,"turns":8},{"damage":19,"enemies":"Slavers","floor":27,"turns":6},{"damage":0,"enemies":"Snecko","floor":28,"turns":5},{"damage":6,"enemies":"Snake Plant","floor":30,"turns":5},{"damage":8,"enemies":"Collector","floor":33,"turns":7},{"damage":0,"enemies":"Orb Walker","floor":35,"turns":6},{"damage":6,"enemies":"3 Darklings","floor":36,"turns":5},{"damage":9,"enemies":"4 Shapes","floor":39,"turns":5},{"damage":6,"enemies":"Giant Head","floor":40,"turns":8},{"damage":0,"enemies":"Sphere and 2 Shapes","floor":44,"turns":4},{"damage":0,"enemies":"Maw","floor":46,"turns":7},{"damage":4,"enemies":"4 Shapes","floor":47,"turns":7},{"damage":25,"enemies":"3 Darklings","floor":48,"turns":5},{"damage":20,"enemies":"Awakened One","floor":50,"turns":16}],"event_choices":[{"event_name":"Wheel of Change","player_choice":"Gold","floor":2,"damage_taken":0},{"event_name":"Big Fish","player_choice":"Donut","floor":4,"damage_taken":0},{"event_name":"Mushrooms","player_choice":"Fought Mushrooms","floor":12,"damage_taken":0},{"event_name":"Purifier","player_choice":"One Purge","floor":22,"damage_taken":0},{"event_name":"Forgotten Altar","player_choice":"Shed Blood","floor":29,"damage_taken":0},{"event_name":"Upgrade Shrine","player_choice":"Upgraded","floor":38,"damage_taken":0}],"boss_relics":[{"not_picked":["White Beast Statue","Cursed Key"],"picked":"Runic Dome"},{"not_picked":["Philosopher\u0027s Stone","Question Card"],"picked":"Astrolabe"}],"potions_floor_spawned":[1,14,16,18,28,30,36,40,47],"seed_played":"6452019227863216924","ascension_level":11,"is_trial":false}