{"gold_per_floor":[211,172,184,184,204,204,230,230,253,303,303,318,318,337,337,337],"floor_reached":16,"playtime":395,"items_purged":[],"score":195,"play_id":"29285d46-1f88-44e8-b036-fa97f57eaaa8","local_time":"20190609201438","is_ascension_mode":true,"campfire_choices":[{"data":"Bash","floor":6.0,"key":"SMITH"},{"floor":11.0,"key":"REST"},{"floor":13.0,"key":"REST"},{"data":"Clothesline","floor":15.0,"key":"SMITH"}],"neow_cost":"NONE","seed_source_timestamp":683821100886153,"circlet_count":0,"master_deck":["AscendersBane","Strike_R","Strike_R","Strike_R","Strike_R","Strike_R","Defend_R","Defend_R","Defend_R","Bash+1","Shrug It Off","Evolve","Clothesline+1","Offering+1","Havoc+1","Entrench+1"],"special_seed":0,"relics":["Burning Blood","Toxic Egg 2","Frozen Egg 2","PreservedInsect"],"potions_floor_usage":[16],"damage_taken":[{"damage":6.0,"enemies":"2 Louse","floor":1.0,"turns":5.0},{"damage":16.0,"enemies":"Jaw Worm","floor":3.0,"turns":7.0},{"damage":7.0,"enemies":"Cultist","floor":5.0,"turns":4.0},{"damage":35.0,"enemies":"Lagavulin","floor":7.0,"turns":6.0},{"damage":26.0,"enemies":"Exordium Thugs","floor":12.0,"turns":7.0},{"damage":16.0,"enemies":"Exordium Wildlife","floor":14.0,"turns":2.0},{"damage":36,"enemies":"The Guardian","floor":16,"turns":2}],"seed_played":"4672248757900660560","potions_obtained":[{"floor":5.0,"key":"Strength Potion"},{"floor":7.0,"key":"Strength Potion"},{"floor":12.0,"key":"SteroidPotion"}],"is_trial":false,"path_per_floor":["M","$","M","?","M","R","E","T","T","?","R","M","R","M","R","B"],"character_chosen":"IRONCLAD","items_purchased":["Evolve"],"campfire_rested":2,"item_purchase_floors":[2],"current_hp_per_floor":[68,68,58,51,50,50,21,21,21,21,43,23,45,35,35,0],"gold":337,"neow_bonus":"HUNDRED_GOLD","is_prod":false,"is_daily":false,"chose_seed":false,"campfire_upgraded":2,"win_rate":0,"timestamp":1560082478,"path_taken":["M","$","M","?","M","R","E","?","T","?","R","M","R","?","R","BOSS"],"build_version":"2019-01-23","purchased_purges":0,"victory":false,"max_hp_per_floor":[75,75,75,75,75,75,75,75,75,75,75,75,75,75,75,75],"card_choices":[{"not_picked":["Sword Boomerang","Wild Strike"],"picked":"Shrug It Off","floor":1.0},{"not_picked":["Clash","Havoc","Rupture"],"picked":"SKIP","floor":3.0},{"not_picked":["Anger","Headbutt"],"picked":"Clothesline","floor":5.0},{"not_picked":["Heavy Blade","Flex"],"picked":"Offering","floor":7.0},{"not_picked":["Wild Strike","Twin Strike"],"picked":"Havoc+1","floor":12.0},{"not_picked":["Twin Strike","True Grit+1"],"picked":"Entrench+1","floor":14.0}],"player_experience":658816,"relics_obtained":[{"floor":7.0,"key":"Toxic Egg 2"},{"floor":8.0,"key":"Frozen Egg 2"},{"floor":9.0,"key":"PreservedInsect"}],"event_choices":[{"cards_removed":["Defend_R"],"damage_healed":0.0,"max_hp_gain":0.0,"max_hp_loss":0.0,"gold_gain":0.0,"event_name":"Golden Wing","player_choice":"Card Removal","floor":4.0,"gold_loss":0.0,"damage_taken":7.0},{"damage_healed":0.0,"max_hp_gain":0.0,"max_hp_loss":0.0,"gold_gain":50.0,"event_name":"Golden Shrine","player_choice":"Pray","floor":10.0,"gold_loss":0.0,"damage_taken":0.0}],"is_beta":false,"boss_relics":[],"items_purged_floors":[],"is_endless":false,"potions_floor_spawned":[5,7,12],"killed_by":"The Guardian","ascension_level":19}