{"path_per_floor":["M","M","?","M","M","R","E","M","T","$","R","?","E","?","R","B",null,"M","?","$","M","M","E","R","M","T","?","M"],"character_chosen":"DEFECT","items_purchased":["Tempest","Go for the Eyes","Gash","Stack"],"gold_per_floor":[119,131,131,147,162,162,191,203,280,135,135,135,166,116,116,217,217,229,229,75,57,74,106,106,119,119,34,50,50],"floor_reached":29,"campfire_rested":3,"playtime":2056,"current_hp_per_floor":[58,53,53,54,45,45,34,35,35,35,57,57,21,21,43,18,61,59,37,37,37,36,23,34,37,37,37,32,0],"items_purged":["Strike_B"],"gold":50,"score":420,"play_id":"aed4827d-2422-40a8-ab35-e27171a6ddbc","local_time":"20180501003128","is_prod":false,"is_daily":false,"chose_seed":false,"is_ascension_mode":true,"campfire_upgraded":1,"timestamp":1525152688,"path_taken":["BOSS","M","M","?","M","M","R","E","?","T","$","R","?","E","?","R","BOSS","M","?","$","M","M","E","R","M","T","?","?","E"],"build_version":"2018-04-27v3","seed_source_timestamp":0,"purchased_purges":2,"victory":false,"master_deck":["Zap+1","Dualcast","AscendersBane","Self Repair","Sweeping Beam","Rebound","Go for the Eyes","Creative AI","Tempest","Leap","Skim","FTL","Sweeping Beam","Scrape","Heatsinks","Gash","Ghostly","Ghostly","Ghostly","Ghostly","Ghostly","Go for the Eyes","Gash","Stack","Reinforced Body","Cold Snap","Scrape"],"max_hp_per_floor":[75,75,75,75,75,75,75,75,75,75,75,75,75,75,75,75,75,75,37,37,37,37,37,37,37,37,37,37,37],"relics":["Cracked Core","Bronze Scales","Matryoshka","Sundial","Pandora\u0027s Box","Oddly Smooth Stone","Anchor","Kunai","Peace Pipe"],"card_choices":[{"not_picked":["Impulse","Turbo"],"picked":"Self Repair","floor":1},{"not_picked":["Coolheaded","Aggregate"],"picked":"Sweeping Beam","floor":2},{"not_picked":["Turbo","Coolheaded"],"picked":"Rebound","floor":4},{"not_picked":["Darkness","Buffer"],"picked":"Go for the Eyes","floor":5},{"not_picked":["Hologram","Streamline"],"picked":"Creative AI","floor":7},{"not_picked":["Ball Lightning","Fusion"],"picked":"Leap","floor":13},{"not_picked":["Aggregate","Leap"],"picked":"Reinforced Body","floor":21},{"not_picked":["Rebound","Conserve Battery"],"picked":"Cold Snap","floor":22},{"not_picked":["Cold Snap","Axe Kick"],"picked":"Scrape","floor":23}],"player_experience":130487,"potions_floor_usage":[7,16,16,23,28,29,29],"damage_taken":[{"damage":10,"enemies":"2 Louse","floor":1,"turns":3},{"damage":12,"enemies":"Jaw Worm","floor":2,"turns":3},{"damage":6,"enemies":"Cultist","floor":4,"turns":3},{"damage":16,"enemies":"Blue Slaver","floor":5,"turns":5},{"damage":18,"enemies":"3 Sentries","floor":7,"turns":6},{"damage":6,"enemies":"Exordium Wildlife","floor":8,"turns":4},{"damage":36,"enemies":"Gremlin Nob","floor":13,"turns":4},{"damage":44,"enemies":"The Guardian","floor":16,"turns":14},{"damage":2,"enemies":"Spheric Guardian","floor":18,"turns":3},{"damage":2,"enemies":"2 Thieves","floor":21,"turns":4},{"damage":8,"enemies":"Slaver and Parasite","floor":22,"turns":6},{"damage":20,"enemies":"Book of Stabbing","floor":23,"turns":6},{"damage":4,"enemies":"Snecko","floor":25,"turns":6},{"damage":5,"enemies":"Sentry and Sphere","floor":28,"turns":6},{"damage":43,"enemies":"Gremlin Leader","floor":29,"turns":8}],"event_choices":[{"event_name":"Golden Idol","player_choice":"Ignored","floor":3,"damage_taken":0},{"event_name":"Liars Game","player_choice":"disagreed","floor":12,"damage_taken":0},{"event_name":"The Cleric","player_choice":"Card Removal","floor":14,"damage_taken":0},{"event_name":"Ghosts","player_choice":"Became a Ghost","floor":19,"damage_taken":0},{"event_name":"Addict","player_choice":"Obtained Relic","floor":27,"damage_taken":0}],"boss_relics":[{"not_picked":["Snecko Eye","Philosopher\u0027s Stone"],"picked":"Pandora\u0027s Box"}],"potions_floor_spawned":[1,5,8,13,16,23,25,28],"seed_played":"-3021703653826998531","killed_by":"Gremlin Leader","ascension_level":11,"is_trial":false}