{"path_per_floor":["M","M","M","M","$","E","R","E","T","E","M","?","?","E","R","B",null,"M","$","?","?","M","R","E","R","T","R","M","R","?","M","R","B",null,"M","M","?","?","$"],"character_chosen":"DEFECT","items_purchased":["Tempest","Apotheosis","Regen Potion","PowerPotion","Leap","Lantern"],"gold_per_floor":[115,135,151,163,13,40,40,72,151,180,196,196,196,231,231,305,305,321,28,28,28,43,43,71,71,71,71,89,89,89,109,109,185,185,197,212,212,212,12,12],"floor_reached":40,"campfire_rested":3,"playtime":2242,"current_hp_per_floor":[63,63,51,47,47,26,47,34,34,31,29,29,29,29,50,50,66,61,61,61,61,58,58,54,54,54,54,54,54,38,38,59,14,57,54,49,49,49,49,0],"items_purged":["Strike_B"],"gold":12,"score":862,"play_id":"91437841-7b85-4234-856f-be47fa94d888","local_time":"20180508222605","is_prod":false,"is_daily":false,"chose_seed":false,"is_ascension_mode":true,"campfire_upgraded":4,"timestamp":1525836365,"path_taken":["M","M","M","M","$","E","R","E","T","E","?","?","?","E","R","BOSS","M","$","?","?","?","R","E","R","T","R","?","R","?","M","R","BOSS","M","M","?","?","$","E"],"build_version":"2018-05-07","seed_source_timestamp":712143563005,"purchased_purges":1,"victory":false,"master_deck":["Strike_B","Strike_B","Strike_B","Defend_B","Defend_B","Defend_B","Defend_B","Zap+1","Dualcast","AscendersBane","FTL","Lockon","Cold Snap","Ball Lightning","Tempest","Reinforced Body","Sweeping Beam","Ball Lightning","Glacier+1","Seek+1","Sweeping Beam","Apotheosis+1","Leap+1","Echo Form","Rainbow","Prime","Glacier","Secret Weapon","Leap"],"max_hp_per_floor":[71,71,71,71,71,71,71,71,71,71,71,71,71,71,71,71,71,71,71,71,71,71,71,71,71,71,71,71,71,71,71,71,71,71,71,71,71,71,71,71],"relics":["Cracked Core","Art of War","Thread and Needle","Mercury Hourglass","Ancient Tea Set","Orichalcum","Gremlin Horn","Cursed Key","Dream Catcher","Nilry\u0027s Codex","Eternal Feather","Lantern"],"card_choices":[{"not_picked":["Sweeping Beam","Capacitor"],"picked":"FTL","floor":1},{"not_picked":["Hologram","Stack"],"picked":"Lockon","floor":2},{"not_picked":["Darkness","Sweeping Beam"],"picked":"Cold Snap","floor":3},{"not_picked":["Impulse","Barrage"],"picked":"Ball Lightning","floor":4},{"not_picked":["Recycle","Ball Lightning"],"picked":"Reinforced Body","floor":6},{"not_picked":["Melter","Buffer"],"picked":"Sweeping Beam","floor":8},{"not_picked":["Go for the Eyes","Sweeping Beam"],"picked":"Ball Lightning","floor":11},{"not_picked":["Auto Shields","Chaos"],"picked":"Glacier","floor":14},{"not_picked":["Creative AI","Multi-Cast"],"picked":"Seek","floor":16},{"not_picked":["Consume","Ball Lightning"],"picked":"Sweeping Beam","floor":18},{"not_picked":["Tempest","Undo"],"picked":"Leap","floor":22},{"not_picked":["Ball Lightning","Steam Power"],"picked":"Echo Form","floor":24},{"not_picked":["Undo","Rebound"],"picked":"Rainbow","floor":32},{"not_picked":["Meteor Strike","Fusion"],"picked":"Prime","floor":33},{"not_picked":["Blizzard","Sweeping Beam"],"picked":"Glacier","floor":36},{"not_picked":["Flash of Steel","Deep Breath"],"picked":"Secret Weapon","floor":37}],"player_experience":210670,"potions_floor_usage":[8,10,16,24,24,28,33,33,40],"damage_taken":[{"damage":1,"enemies":"Cultist","floor":1,"turns":3},{"damage":0,"enemies":"Small Slimes","floor":2,"turns":3},{"damage":12,"enemies":"Jaw Worm","floor":3,"turns":2},{"damage":4,"enemies":"Looter","floor":4,"turns":3},{"damage":21,"enemies":"Lagavulin","floor":6,"turns":5},{"damage":13,"enemies":"Gremlin Nob","floor":8,"turns":3},{"damage":3,"enemies":"Lagavulin","floor":10,"turns":5},{"damage":2,"enemies":"Exordium Wildlife","floor":11,"turns":2},{"damage":0,"enemies":"3 Sentries","floor":14,"turns":4},{"damage":0,"enemies":"Slime Boss","floor":16,"turns":6},{"damage":5,"enemies":"Shell Parasite","floor":18,"turns":4},{"damage":3,"enemies":"2 Thieves","floor":22,"turns":3},{"damage":16,"enemies":"Gremlin Leader","floor":24,"turns":5},{"damage":0,"enemies":"Snake Plant","floor":28,"turns":3},{"damage":0,"enemies":"Sentry and Sphere","floor":31,"turns":3},{"damage":45,"enemies":"Collector","floor":33,"turns":8},{"damage":3,"enemies":"Orb Walker","floor":35,"turns":3},{"damage":5,"enemies":"Flame Bruiser 1 Orb","floor":36,"turns":4},{"damage":64,"enemies":"2 Orb Walkers","floor":40,"turns":6}],"event_choices":[{"event_name":"Dead Adventurer","player_choice":"Searched \u00272\u0027 times","floor":12,"damage_taken":0},{"event_name":"Shining Light","player_choice":"Ignored","floor":13,"damage_taken":0},{"event_name":"Vampires","player_choice":"Ignored","floor":20,"damage_taken":0},{"event_name":"The Mausoleum","player_choice":"No","floor":21,"damage_taken":0},{"event_name":"Cursed Tome","player_choice":"Obtained Book","floor":30,"damage_taken":0},{"event_name":"SensoryStone","player_choice":"Memory 1","floor":37,"damage_taken":0},{"event_name":"Tomb of Lord Red Mask","player_choice":"Ignored","floor":38,"damage_taken":0}],"boss_relics":[{"not_picked":["White Beast Statue","Tiny House"],"picked":"Cursed Key"},{"not_picked":["Velvet Choker","Snecko Eye"],"picked":"Eternal Feather"}],"potions_floor_spawned":[2,4,8,16,22,24,31,33,36],"seed_played":"8472640194108885077","killed_by":"2 Orb Walkers","ascension_level":14,"is_trial":false}