{"gold_per_floor":[17,17,33,33,43,43,56,56,125,150,164,164,198,198,198,303,303,293,1,21,35,47,47,380,380,380,380,397,410,103,121,121,222,222,235,255,255,56,71,71,84,84,111,111,129,145,145],"floor_reached":47,"playtime":7901,"items_purged":["Strike_G","Defend_G","Defend_G"],"score":633,"play_id":"8fdd888d-25e6-43f3-aad2-9def4d8e84b1","local_time":"20190608104647","is_ascension_mode":true,"campfire_choices":[{"data":"Defend_G","floor":6,"key":"PURGE"},{"data":"Tactician","floor":8,"key":"SMITH"},{"floor":12,"key":"REST"},{"floor":15,"key":"REST"},{"data":"Noxious Fumes","floor":23,"key":"SMITH"},{"floor":25,"key":"REST"},{"data":"Well Laid Plans","floor":27,"key":"SMITH"},{"floor":32,"key":"REST"},{"data":"Strike_G","floor":40,"key":"PURGE"},{"data":"Defend_G","floor":42,"key":"PURGE"},{"data":"Noxious Fumes","floor":44,"key":"SMITH"}],"neow_cost":"NO_GOLD","seed_source_timestamp":54211756222286,"circlet_count":0,"master_deck":["Defend_G","Survivor","Neutralize","Dagger Throw","Well Laid Plans","Tactician+1","Prepared","Quick Slash","Noxious Fumes+1","Backflip","Adrenaline","Backstab","Acrobatics","Mayhem","Sucker Punch+1","Acrobatics","Well Laid Plans+1","Outmaneuver","Leg Sweep","Skewer+1","Venomology","Outmaneuver+1","Flying Knee","Noxious Fumes+1","Outmaneuver+1","Slice+1","Adrenaline"],"relics":["Ring of the Serpent","Peace Pipe","Pear","Anchor","Letter Opener","Old Coin","Singing Bowl","TwistedFunnel","Runic Pyramid","Blue Candle","Happy Flower"],"potions_floor_usage":[10,10,13,16,24,33,33,34,35,39,41,45,45,46,47,47,47],"damage_taken":[{"damage":0,"enemies":"Jaw Worm","floor":1,"turns":5},{"damage":0,"enemies":"2 Louse","floor":3,"turns":2},{"damage":4,"enemies":"Small Slimes","floor":5,"turns":4},{"damage":3,"enemies":"Blue Slaver","floor":7,"turns":4},{"damage":40,"enemies":"Gremlin Nob","floor":10,"turns":6},{"damage":14,"enemies":"Gremlin Gang","floor":11,"turns":4},{"damage":9,"enemies":"Lagavulin","floor":13,"turns":8},{"damage":42,"enemies":"Slime Boss","floor":16,"turns":10},{"damage":4,"enemies":"2 Thieves","floor":18,"turns":4},{"damage":19,"enemies":"Spheric Guardian","floor":20,"turns":4},{"damage":27,"enemies":"Snake Plant","floor":21,"turns":5},{"damage":5,"enemies":"Cultist and Chosen","floor":22,"turns":6},{"damage":24,"enemies":"Slavers","floor":24,"turns":5},{"damage":6,"enemies":"Snecko","floor":28,"turns":5},{"damage":5,"enemies":"Chosen and Byrds","floor":29,"turns":6},{"damage":1,"enemies":"Centurion and Healer","floor":31,"turns":5},{"damage":21,"enemies":"Automaton","floor":33,"turns":8},{"damage":15,"enemies":"3 Darklings","floor":35,"turns":4},{"damage":2,"enemies":"3 Shapes","floor":36,"turns":4},{"damage":24,"enemies":"Sphere and 2 Shapes","floor":39,"turns":6},{"damage":0,"enemies":"3 Darklings","floor":41,"turns":4},{"damage":40,"enemies":"Spire Growth","floor":45,"turns":4},{"damage":16,"enemies":"Sphere and 2 Shapes","floor":46,"turns":4},{"damage":27,"enemies":"Nemesis","floor":47,"turns":3}],"seed_played":"-7992834313985432978","potions_obtained":[{"floor":3,"key":"Ancient Potion"},{"floor":7,"key":"Poison Potion"},{"floor":10,"key":"Weak Potion"},{"floor":11,"key":"Dexterity Potion"},{"floor":18,"key":"PowerPotion"},{"floor":21,"key":"SpeedPotion"},{"floor":22,"key":"SneckoOil"},{"floor":31,"key":"SkillPotion"},{"floor":33,"key":"Fruit Juice"},{"floor":36,"key":"PowerPotion"},{"floor":39,"key":"Swift Potion"},{"floor":41,"key":"Regen Potion"},{"floor":46,"key":"AttackPotion"}],"is_trial":false,"path_per_floor":["M","?","M","?","M","R","M","R","T","E","M","R","E","?","R","B",null,"M","$","M","M","M","R","E","R","T","R","M","M","$","M","R","B",null,"M","M","?","$","M","R","M","R","T","R","M","M","E"],"character_chosen":"THE_SILENT","items_purchased":["Acrobatics","Mayhem","TwistedFunnel","Noxious Fumes"],"campfire_rested":4,"item_purchase_floors":[19,19,30,38],"current_hp_per_floor":[70,63,63,63,59,59,56,56,66,26,12,36,27,27,51,9,80,76,76,57,30,25,25,1,25,25,25,19,14,14,13,37,16,85,70,68,68,68,44,44,46,46,46,46,18,2,0],"gold":145,"neow_bonus":"ONE_RARE_RELIC","is_prod":false,"is_daily":false,"chose_seed":false,"campfire_upgraded":4,"win_rate":0,"timestamp":1559962007,"path_taken":["M","?","M","?","M","R","M","R","T","E","M","R","E","?","R","BOSS","M","$","M","M","M","R","E","R","T","R","M","M","$","M","R","BOSS","M","?","?","$","M","R","M","R","T","R","M","?","E"],"build_version":"2019-01-23","purchased_purges":3,"victory":false,"max_hp_per_floor":[70,70,70,70,70,70,70,70,80,80,80,80,80,80,80,80,80,80,80,80,80,80,80,80,80,80,80,80,80,80,80,80,80,85,85,85,85,85,85,85,87,87,87,87,87,87,87],"card_choices":[{"not_picked":["Backflip","Deflect"],"picked":"Dagger Throw","floor":1},{"not_picked":["Eviscerate","Acrobatics"],"picked":"Well Laid Plans","floor":3},{"not_picked":["Setup","Slice"],"picked":"Tactician","floor":5},{"not_picked":["Poisoned Stab","Crippling Poison"],"picked":"Prepared","floor":7},{"not_picked":["Deadly Poison","Bane"],"picked":"Quick Slash","floor":10},{"not_picked":["Deadly Poison","Dash"],"picked":"Noxious Fumes","floor":11},{"not_picked":["Slice","Outmaneuver"],"picked":"Backflip","floor":13},{"not_picked":["Storm of Steel","Grand Finale"],"picked":"Adrenaline","floor":16},{"not_picked":["Expertise","Prepared"],"picked":"Backstab","floor":18},{"not_picked":["Cloak And Dagger","Dagger Spray"],"picked":"Sucker Punch+1","floor":20},{"not_picked":["Poisoned Stab","Skewer"],"picked":"Acrobatics","floor":21},{"not_picked":["Quick Slash","Bane","Deflect"],"picked":"SKIP","floor":22},{"not_picked":["Poisoned Stab","Burst"],"picked":"Well Laid Plans","floor":24},{"not_picked":["Dodge and Roll","Caltrops"],"picked":"Outmaneuver","floor":28},{"not_picked":["Eviscerate","Catalyst"],"picked":"Leg Sweep","floor":29},{"not_picked":["Masterful Stab","Poisoned Stab"],"picked":"Skewer+1","floor":31},{"not_picked":["Die Die Die","Wraith Form v2"],"picked":"Venomology","floor":33},{"not_picked":["Blur","Underhanded Strike+1"],"picked":"Outmaneuver+1","floor":35},{"not_picked":["PiercingWail","Poisoned Stab+1"],"picked":"Flying Knee","floor":36},{"not_picked":["All Out Attack+1","Caltrops"],"picked":"Outmaneuver+1","floor":39},{"not_picked":["Dodge and Roll+1","Calculated Gamble","Backflip"],"picked":"Singing Bowl","floor":41},{"not_picked":["Calculated Gamble","Blade Dance"],"picked":"Slice+1","floor":45},{"not_picked":["Dodge and Roll","Cloak And Dagger"],"picked":"Adrenaline","floor":46}],"player_experience":671996,"relics_obtained":[{"floor":9,"key":"Pear"},{"floor":10,"key":"Anchor"},{"floor":13,"key":"Letter Opener"},{"floor":24,"key":"Old Coin"},{"floor":26,"key":"Singing Bowl"},{"floor":43,"key":"Happy Flower"}],"event_choices":[{"cards_removed":["Strike_G"],"damage_healed":0,"gold_gain":0,"player_choice":"Card Removal","damage_taken":7,"max_hp_gain":0,"max_hp_loss":0,"event_name":"Golden Wing","floor":2,"gold_loss":0},{"cards_removed":["Strike_G"],"damage_healed":0,"gold_gain":0,"player_choice":"Forget","damage_taken":0,"max_hp_gain":0,"max_hp_loss":0,"event_name":"Living Wall","floor":4,"gold_loss":0},{"cards_removed":["Strike_G"],"damage_healed":0,"gold_gain":0,"player_choice":"Offered Basic","damage_taken":0,"max_hp_gain":0,"max_hp_loss":0,"event_name":"Bonfire Elementals","floor":14,"gold_loss":0},{"damage_healed":0,"gold_gain":0,"player_choice":"Gave Potion","damage_taken":0,"relics_obtained":["Blue Candle"],"max_hp_gain":0,"max_hp_loss":0,"event_name":"WeMeetAgain","floor":37,"gold_loss":0}],"is_beta":false,"boss_relics":[{"not_picked":["Cursed Key","Orrery"],"picked":"Ring of the Serpent"},{"not_picked":["Runic Dome","Coffee Dripper"],"picked":"Runic Pyramid"}],"items_purged_floors":[19,30,38],"is_endless":false,"potions_floor_spawned":[3,7,10,11,18,21,22,31,33,36,39,41,46],"killed_by":"Nemesis","ascension_level":4}