{"gold_per_floor":[14,14,28,38,52,52,71,71,96,21,36,36,36,55,55,151,151,164,164],"floor_reached":19,"playtime":677,"items_purged":["Strike_B"],"score":225,"play_id":"a938cd34-4c4c-4897-97c8-a6a0d924d8c4","local_time":"20181213004116","is_ascension_mode":true,"campfire_choices":[{"data":"Zap","floor":6,"key":"SMITH"},{"data":"Dualcast","floor":8,"key":"SMITH"},{"floor":15,"key":"REST"}],"neow_cost":"NO_GOLD","seed_source_timestamp":22629301933126,"circlet_count":0,"master_deck":["Strike_B","Strike_B","Defend_B","Defend_B","Defend_B","Zap+1","Dualcast+1","Gash","Melter","Gash","Sunder+1","Leap","Scrape"],"relics":["Cracked Core","Bag of Marbles","Oddly Smooth Stone","Velvet Choker"],"potions_floor_usage":[18,19,19,19],"damage_taken":[{"damage":2,"enemies":"2 Louse","floor":1,"turns":2},{"damage":1,"enemies":"Cultist","floor":3,"turns":3},{"damage":3,"enemies":"Small Slimes","floor":4,"turns":4},{"damage":9,"enemies":"3 Louse","floor":5,"turns":3},{"damage":14,"enemies":"Red Slaver","floor":7,"turns":3},{"damage":1,"enemies":"Looter","floor":11,"turns":2},{"damage":0,"enemies":"Large Slime","floor":14,"turns":2},{"damage":10,"enemies":"Slime Boss","floor":16,"turns":8},{"damage":6,"enemies":"Shell Parasite","floor":18,"turns":3},{"damage":17,"enemies":"Colosseum Slavers","floor":19,"turns":2},{"damage":47,"enemies":"Colosseum Nobs","floor":19,"turns":3}],"seed_played":"9016701757030673183","potions_obtained":[{"floor":7,"key":"Poison Potion"},{"floor":11,"key":"PowerPotion"},{"floor":14,"key":"Energy Potion"},{"floor":18,"key":"EssenceOfSteel"}],"is_trial":false,"path_per_floor":["M","?","M","M","M","R","M","R","T","$","M","?","?","M","R","B",null,"M","?"],"character_chosen":"DEFECT","items_purchased":[],"campfire_rested":1,"item_purchase_floors":[],"current_hp_per_floor":[66,66,65,62,53,53,39,39,39,39,38,26,26,26,48,38,66,60,0],"gold":164,"neow_bonus":"REMOVE_TWO","is_prod":false,"is_daily":false,"chose_seed":false,"campfire_upgraded":2,"win_rate":0,"timestamp":1544632876,"path_taken":["M","?","M","M","M","R","M","R","T","$","?","?","?","?","R","BOSS","M","?"],"build_version":"2018-12-06","purchased_purges":1,"victory":false,"max_hp_per_floor":[75,75,75,75,75,75,75,75,75,75,75,75,75,75,75,75,75,75,75],"card_choices":[{"not_picked":["Steam","Stack","Redo"],"picked":"SKIP","floor":1},{"not_picked":["Leap","Turbo"],"picked":"Gash","floor":3},{"not_picked":["Storm","Coolheaded"],"picked":"Melter","floor":4},{"not_picked":["Hologram","Sweeping Beam"],"picked":"Gash","floor":5},{"not_picked":["Consume","Electrodynamics"],"picked":"Sunder","floor":7},{"not_picked":["Compile Driver","Ball Lightning","Steam"],"picked":"SKIP","floor":11},{"not_picked":["Turbo","Cold Snap"],"picked":"Leap","floor":14},{"not_picked":["Stack","Genetic Algorithm"],"picked":"Scrape","floor":18}],"player_experience":554585,"relics_obtained":[{"floor":9,"key":"Bag of Marbles"}],"event_choices":[{"damage_healed":0,"gold_gain":0,"player_choice":"0 cards matched","damage_taken":0,"max_hp_gain":0,"max_hp_loss":0,"event_name":"Match and Keep!","floor":2,"gold_loss":0,"cards_obtained":[]},{"damage_healed":0,"gold_gain":0,"player_choice":"Success","damage_taken":12,"relics_obtained":["Oddly Smooth Stone"],"max_hp_gain":0,"max_hp_loss":0,"event_name":"Scrap Ooze","floor":12,"gold_loss":0},{"damage_healed":0,"gold_gain":0,"player_choice":"Forge","damage_taken":0,"max_hp_gain":0,"max_hp_loss":0,"event_name":"Accursed Blacksmith","floor":13,"gold_loss":0,"cards_upgraded":["Sunder"]},{"damage_healed":0,"gold_gain":0,"player_choice":"Fight","damage_taken":0,"max_hp_gain":0,"max_hp_loss":0,"event_name":"Colosseum","floor":19,"gold_loss":0},{"damage_healed":0,"gold_gain":0,"player_choice":"Fought Nobs","damage_taken":0,"max_hp_gain":0,"max_hp_loss":0,"event_name":"Colosseum","floor":19,"gold_loss":0}],"is_beta":false,"boss_relics":[{"not_picked":["Sozu","Philosopher\u0027s Stone"],"picked":"Velvet Choker"}],"items_purged_floors":[10],"is_endless":false,"potions_floor_spawned":[7,11,14,18],"killed_by":"Colosseum Nobs","ascension_level":8}