{"gold_per_floor":[110,110,35,35,48,48,62,62,62,77,5,40,40,75,75,172,172,189,208,208,5,5,5,62,77,104,104,117,131,131,143,143,143],"floor_reached":33,"playtime":1257,"items_purged":["Strike_B","Strike_B"],"score":330,"play_id":"de4294b5-674e-4480-935f-d8d8b48dcc4c","local_time":"20180725101226","is_ascension_mode":true,"campfire_choices":[{"data":"Dualcast","floor":6,"key":"SMITH"},{"data":"Conserve Battery","floor":8,"key":"SMITH"},{"data":"Melter","floor":13,"key":"SMITH"},{"data":"Rainbow","floor":15,"key":"SMITH"},{"data":"Conserve Battery","floor":23,"key":"SMITH"},{"data":"Auto Shields","floor":30,"key":"SMITH"},{"data":"Glacier","floor":32,"key":"SMITH"}],"neow_cost":"NONE","seed_source_timestamp":303828574240494,"circlet_count":0,"master_deck":["Strike_B","Strike_B","Defend_B","Defend_B","Defend_B","Defend_B","Zap+1","Dualcast+1","Conserve Battery+1","Ball Lightning","Melter+1","Rainbow+1","Meteor Strike","Doom and Gloom","Conserve Battery+1","Flash of Steel","Writhe","Sunder","Auto Shields+1","Gash","Glacier+1","Skim"],"relics":["Cracked Core","Potion Belt","Matryoshka","Thread and Needle","Symbiotic Virus","Black Star","Ornamental Fan","Vajra","Tiny Chest","Oddly Smooth Stone","Pen Nib"],"potions_floor_usage":[17,31],"damage_taken":[{"damage":0,"enemies":"Small Slimes","floor":1,"turns":2},{"damage":0,"enemies":"Cultist","floor":5,"turns":3},{"damage":6,"enemies":"Jaw Worm","floor":7,"turns":4},{"damage":0,"enemies":"Exordium Thugs","floor":10,"turns":4},{"damage":10,"enemies":"Lagavulin","floor":12,"turns":5},{"damage":11,"enemies":"Gremlin Nob","floor":14,"turns":3},{"damage":3,"enemies":"Slime Boss","floor":16,"turns":7},{"damage":0,"enemies":"Spheric Guardian","floor":18,"turns":2},{"damage":1,"enemies":"Shell Parasite","floor":19,"turns":4},{"damage":37,"enemies":"Book of Stabbing","floor":24,"turns":5},{"damage":13,"enemies":"Snake Plant","floor":25,"turns":4},{"damage":12,"enemies":"Centurion and Healer","floor":28,"turns":5},{"damage":0,"enemies":"Cultist and Chosen","floor":29,"turns":4},{"damage":11,"enemies":"Snake Plant","floor":31,"turns":4},{"damage":17,"enemies":"Collector","floor":33,"turns":2}],"seed_played":"-7791251484255837156","potions_obtained":[{"floor":1,"key":"Swift Potion"},{"floor":10,"key":"Strength Potion"},{"floor":12,"key":"Ancient Potion"},{"floor":16,"key":"Fruit Juice"},{"floor":24,"key":"AttackPotion"},{"floor":25,"key":"Explosive Potion"}],"is_trial":false,"path_per_floor":["M","?","$","?","M","R","M","R","T","M","$","E","R","E","R","B",null,"M","M","?","$","?","R","E","M","T","$","M","M","R","M","R"],"character_chosen":"DEFECT","items_purchased":["Melter","Flash of Steel"],"campfire_rested":0,"item_purchase_floors":[11,21],"current_hp_per_floor":[75,75,75,75,75,75,69,69,69,69,69,59,59,48,48,45,80,80,79,79,79,79,79,42,29,29,29,17,17,17,6,6,0],"gold":143,"neow_bonus":"RANDOM_COMMON_RELIC","is_prod":false,"is_daily":false,"chose_seed":false,"campfire_upgraded":7,"win_rate":0,"timestamp":1532484746,"path_taken":["M","?","?","?","M","R","M","R","T","?","?","E","R","E","R","BOSS","M","M","?","$","?","R","E","M","T","?","M","M","R","M","R","BOSS"],"build_version":"2018-07-19v2","purchased_purges":2,"victory":false,"max_hp_per_floor":[75,75,75,75,75,75,75,75,75,75,75,75,75,75,75,75,80,80,80,80,80,80,80,80,80,80,80,80,80,80,80,80,80],"card_choices":[{"not_picked":["Hello World","Rebound","Barrage"],"picked":"SKIP","floor":1},{"not_picked":["Coolheaded","Streamline"],"picked":"Conserve Battery","floor":5},{"not_picked":["Glacier","Go for the Eyes"],"picked":"Ball Lightning","floor":7},{"not_picked":["Barrage","Redo","Chaos"],"picked":"SKIP","floor":10},{"not_picked":["Undo","Hyperbeam","Compile Driver"],"picked":"SKIP","floor":12},{"not_picked":["Hologram","Storm"],"picked":"Rainbow","floor":14},{"not_picked":["Hyperbeam","Multi-Cast"],"picked":"Meteor Strike","floor":16},{"not_picked":["Stack","Auto Shields"],"picked":"Doom and Gloom","floor":18},{"not_picked":["Barrage","Compile Driver"],"picked":"Conserve Battery","floor":19},{"not_picked":["Fusion","Buffer"],"picked":"Sunder","floor":24},{"not_picked":["Redo","Blizzard+1"],"picked":"Auto Shields","floor":25},{"not_picked":["Steam","Cold Snap+1"],"picked":"Gash","floor":28},{"not_picked":["Rebound","Capacitor"],"picked":"Glacier","floor":29},{"not_picked":["Chill","Steam Power"],"picked":"Skim","floor":31}],"player_experience":237167,"relics_obtained":[{"floor":9,"key":"Matryoshka"},{"floor":12,"key":"Thread and Needle"},{"floor":14,"key":"Symbiotic Virus"},{"floor":24,"key":"Vajra"},{"floor":24,"key":"Tiny Chest"},{"floor":26,"key":"Oddly Smooth Stone"},{"floor":26,"key":"Pen Nib"}],"event_choices":[{"event_name":"Upgrade Shrine","player_choice":"Upgraded","floor":2,"damage_taken":0},{"event_name":"Liars Game","player_choice":"disagreed","floor":4,"damage_taken":0},{"event_name":"Drug Dealer","player_choice":"Ignored","floor":20,"damage_taken":0},{"event_name":"The Mausoleum","player_choice":"Yes","floor":22,"damage_taken":0}],"is_beta":false,"boss_relics":[{"not_picked":["Orrery","Lizard Tail"],"picked":"Black Star"}],"items_purged_floors":[3,21],"is_endless":false,"potions_floor_spawned":[1,10,12,16,24,25,28],"killed_by":"Collector","ascension_level":4}