{"gold_per_floor":[118,293,309,327,5,5,5,15,15,15,33,33,53,1,1,101,101,120,135,150,150,169,169,169,169,169,189,219,219,254,266,266,371,371,388,606,618,618,618,618,618,618,618,618,618,618,618,618,618,618,618,618,618,618,618],"floor_reached":56,"playtime":4670,"items_purged":["Doubt","Strike_B","Strike_B","Defend_B"],"score":1540,"play_id":"35221c61-076f-4729-b2dc-c07e4f7b7860","local_time":"20190125002945","is_ascension_mode":true,"campfire_choices":[{"data":"Zap","floor":6,"key":"SMITH"},{"data":"Seek","floor":10,"key":"SMITH"},{"data":"Hello World","floor":12,"key":"SMITH"},{"data":"Steam Power","floor":15,"key":"SMITH"},{"data":"Turbo","floor":23,"key":"SMITH"},{"data":"Buffer","floor":25,"key":"SMITH"},{"data":"Defragment","floor":32,"key":"SMITH"},{"floor":44,"key":"RECALL"},{"data":"Seek","floor":46,"key":"SMITH"},{"data":"Streamline","floor":49,"key":"SMITH"},{"data":"All For One","floor":52,"key":"SMITH"}],"neow_cost":"NONE","seed_source_timestamp":273418346226800,"circlet_count":0,"master_deck":["Strike_B","Defend_B","Defend_B","Defend_B","Zap+1","Dualcast","FTL","Streamline+1","All For One+1","Seek+1","Fusion","Redo","Hello World+1","Steam Power+1","Gash","Buffer+1","Turbo+1","FTL","Compile Driver+1","Sweeping Beam","Doom and Gloom+1","Hologram+1","Rebound+1","Reprogram","Defragment+1","Seek+1","Redo+1","Hello World+1","Violence","Swift Strike","FTL","Turbo+1","Gash+1","Madness","Madness","Streamline+1","Defend_B","Transmutation","White Noise"],"relics":["Cracked Core","NeowsBlessing","Symbiotic Virus","Orrery","Dream Catcher","Dodecahedron","Whetstone","Potion Belt","Nuclear Battery","Pen Nib","Frozen Eye","Omamori","ClockworkSouvenir","Emotion Chip","Bronze Scales","Turnip","Letter Opener","Molten Egg 2","Gremlin Horn","Ginger","Shuriken","DollysMirror","Pear","Sundial"],"potions_floor_usage":[16,20,28,50,55,55,55,55,55],"damage_taken":[{"damage":0,"enemies":"Jaw Worm","floor":1,"turns":1},{"damage":0,"enemies":"Cultist","floor":3,"turns":1},{"damage":0,"enemies":"Small Slimes","floor":4,"turns":1},{"damage":18,"enemies":"3 Louse","floor":8,"turns":3},{"damage":8,"enemies":"Blue Slaver","floor":11,"turns":3},{"damage":0,"enemies":"Large Slime","floor":13,"turns":3},{"damage":38,"enemies":"Hexaghost","floor":16,"turns":7},{"damage":19,"enemies":"3 Byrds","floor":18,"turns":4},{"damage":7,"enemies":"Chosen","floor":19,"turns":3},{"damage":8,"enemies":"Snecko","floor":20,"turns":4},{"damage":44,"enemies":"Snake Plant","floor":22,"turns":4},{"damage":15,"enemies":"Centurion and Healer","floor":27,"turns":5},{"damage":19,"enemies":"Gremlin Leader","floor":28,"turns":4},{"damage":22,"enemies":"Book of Stabbing","floor":30,"turns":4},{"damage":15,"enemies":"3 Cultists","floor":31,"turns":4},{"damage":17,"enemies":"Collector","floor":33,"turns":6},{"damage":48,"enemies":"3 Darklings","floor":35,"turns":3},{"damage":6,"enemies":"Orb Walker","floor":37,"turns":2},{"damage":41,"enemies":"2 Orb Walkers","floor":39,"turns":3},{"damage":0,"enemies":"Giant Head","floor":40,"turns":2},{"damage":0,"enemies":"Transient","floor":41,"turns":5},{"damage":23,"enemies":"Nemesis","floor":42,"turns":5},{"damage":29,"enemies":"Jaw Worm Horde","floor":45,"turns":3},{"damage":43,"enemies":"Reptomancer","floor":48,"turns":3},{"damage":77,"enemies":"Donu and Deca","floor":50,"turns":6},{"damage":27,"enemies":"Shield and Spear","floor":54,"turns":2},{"damage":61,"enemies":"The Heart","floor":55,"turns":4}],"seed_played":"-8762143488297131244","potions_obtained":[{"floor":1,"key":"Poison Potion"},{"floor":16,"key":"Fire Potion"},{"floor":18,"key":"AttackPotion"},{"floor":19,"key":"Energy Potion"},{"floor":27,"key":"Block Potion"},{"floor":31,"key":"LiquidBronze"},{"floor":37,"key":"EssenceOfSteel"},{"floor":41,"key":"GamblersBrew"}],"is_trial":false,"path_per_floor":["M","?","M","M","$","R","?","M","T","R","M","R","M","$","R","B",null,"M","M","M","?","M","R","?","R","T","M","E","?","E","M","R","B",null,"M","$","M","$","?","E","M","E","T","R","M","R","?","E","R","B",null,"R","$","E","B",null],"character_chosen":"DEFECT","items_purchased":["Symbiotic Virus","Gash","Pen Nib","Poison Potion","Frozen Eye","Omamori","Poison Potion","ClockworkSouvenir","Emotion Chip","Bronze Scales","Violence","Swift Strike","FTL","Shuriken","DollysMirror","Pear","Transmutation","FocusPotion"],"campfire_rested":0,"item_purchase_floors":[5,14,36,36,36,36,36,38,38,38,38,38,38,53,53,53,53,53],"current_hp_per_floor":[75,75,75,75,75,75,75,57,57,57,49,49,49,49,49,11,59,40,75,67,67,23,23,23,23,75,84,65,51,88,73,73,982,80,99,99,99,99,99,99,99,99,99,99,99,99,99,99,99,99,99,99,99,99,99],"gold":618,"neow_bonus":"THREE_ENEMY_KILL","is_prod":false,"is_daily":false,"chose_seed":false,"campfire_upgraded":10,"win_rate":0,"timestamp":1548372585,"path_taken":["M","?","M","M","$","R","?","?","T","R","?","R","M","?","R","BOSS","M","M","M","?","M","R","?","R","T","M","E","?","E","M","R","BOSS","M","$","M","$","?","E","M","E","T","R","M","R","?","E","R","BOSS","R","$","E","BOSS"],"build_version":"2019-01-23","purchased_purges":4,"victory":true,"max_hp_per_floor":[75,75,75,75,75,75,75,75,75,75,75,75,75,75,75,75,75,75,75,75,75,75,75,75,75,75,75,75,80,80,80,80,80,80,80,80,80,80,80,80,80,80,80,80,80,80,80,80,80,80,80,80,90,90,90],"card_choices":[{"not_picked":["Go for the Eyes","Turbo"],"picked":"FTL","floor":1},{"not_picked":["Leap","Steam"],"picked":"Streamline","floor":3},{"not_picked":["Cold Snap","Hologram"],"picked":"All For One","floor":4},{"not_picked":["Blizzard","Rip and Tear"],"picked":"Redo","floor":8},{"not_picked":["Rip and Tear","Compile Driver"],"picked":"Hello World","floor":11},{"not_picked":["Barrage","Go for the Eyes"],"picked":"Steam Power","floor":13},{"not_picked":["Meteor Strike","Electrodynamics"],"picked":"Buffer","floor":16},{"not_picked":["Skim","Cold Snap"],"picked":"Turbo","floor":17},{"not_picked":["Conserve Battery","Hologram"],"picked":"FTL","floor":17},{"not_picked":["Recycle","Double Energy"],"picked":"Compile Driver","floor":17},{"not_picked":["Double Energy","Capacitor"],"picked":"Sweeping Beam","floor":17},{"not_picked":["Fusion","Redo"],"picked":"Doom and Gloom","floor":18},{"not_picked":["Lockon","Turbo","Beam Cell+1"],"picked":"SKIP","floor":19},{"not_picked":["Beam Cell","Streamline","Sweeping Beam"],"picked":"SKIP","floor":20},{"not_picked":["Reinforced Body","Melter"],"picked":"Hologram+1","floor":22},{"not_picked":["Undo","Hologram"],"picked":"Rebound+1","floor":27},{"not_picked":["Buffer","Sunder"],"picked":"Reprogram","floor":28},{"not_picked":["Barrage","Hologram"],"picked":"Defragment","floor":30},{"not_picked":["Streamline","Amplify","Ball Lightning"],"picked":"SKIP","floor":31},{"not_picked":["Biased Cognition","Echo Form"],"picked":"Seek","floor":33},{"not_picked":["Self Repair","Hologram"],"picked":"Redo+1","floor":35},{"not_picked":["Turbo","Undo+1"],"picked":"Hello World+1","floor":37},{"not_picked":["Glacier+1","Fusion+1","Conserve Battery+1"],"picked":"SKIP","floor":40},{"not_picked":["Sweeping Beam+1","Ball Lightning"],"picked":"Turbo+1","floor":41},{"not_picked":["Conserve Battery+1","Leap+1"],"picked":"Gash+1","floor":42},{"not_picked":["FTL+1","Redo","Electrodynamics"],"picked":"SKIP","floor":45},{"not_picked":["Auto Shields","Stack+1"],"picked":"Streamline+1","floor":48},{"not_picked":["Skim+1","Hologram"],"picked":"White Noise","floor":54}],"player_experience":108340,"relics_obtained":[{"floor":26,"key":"Dodecahedron"},{"floor":28,"key":"Whetstone"},{"floor":30,"key":"Potion Belt"},{"floor":39,"key":"Turnip"},{"floor":40,"key":"Letter Opener"},{"floor":42,"key":"Molten Egg 2"},{"floor":43,"key":"Gremlin Horn"},{"floor":48,"key":"Ginger"},{"floor":54,"key":"Sundial"}],"event_choices":[{"damage_healed":0,"gold_gain":175,"player_choice":"AGREE","damage_taken":0,"max_hp_gain":0,"max_hp_loss":0,"event_name":"Liars Game","floor":2,"gold_loss":0,"cards_obtained":["Doubt"]},{"damage_healed":0,"gold_gain":0,"player_choice":"2 cards matched","damage_taken":0,"max_hp_gain":0,"max_hp_loss":0,"event_name":"Match and Keep!","floor":7,"gold_loss":0,"cards_obtained":["Seek","Fusion"]},{"damage_healed":0,"gold_gain":0,"player_choice":"Opened","damage_taken":0,"relics_obtained":["Dream Catcher"],"max_hp_gain":0,"max_hp_loss":0,"event_name":"The Mausoleum","floor":21,"gold_loss":0},{"cards_removed":["Strike_B"],"damage_healed":0,"gold_gain":0,"player_choice":"Elegance","damage_taken":0,"max_hp_gain":0,"max_hp_loss":0,"event_name":"Back to Basics","floor":24,"gold_loss":0},{"damage_healed":0,"gold_gain":0,"player_choice":"Shed Blood","damage_taken":19,"max_hp_gain":5,"max_hp_loss":0,"event_name":"Forgotten Altar","floor":29,"gold_loss":0},{"damage_healed":0,"gold_gain":0,"player_choice":"Fight","damage_taken":0,"max_hp_gain":0,"max_hp_loss":0,"event_name":"Mysterious Sphere","floor":39,"gold_loss":0},{"damage_healed":0,"gold_gain":0,"player_choice":"Embrace Madness","damage_taken":10,"max_hp_gain":0,"max_hp_loss":0,"event_name":"Winding Halls","floor":47,"gold_loss":0,"cards_obtained":["Madness","Madness"]}],"is_beta":false,"boss_relics":[{"not_picked":["Tiny House","Philosopher\u0027s Stone"],"picked":"Orrery"},{"not_picked":["Cursed Key","Velvet Choker"],"picked":"Nuclear Battery"}],"items_purged_floors":[5,36,38,53],"is_endless":false,"potions_floor_spawned":[1,16,18,19,27,31,37,39,41],"ascension_level":5}