{"path_per_floor":["M","$","M","M","M","E","R","M","T","R","M","?","$","M","R","B",null,"M","M","M","?","$","R","M","$","T","?","M","M","R","M","R"],"character_chosen":"THE_SILENT","items_purchased":[],"gold_per_floor":[111,36,49,65,79,106,106,120,120,120,131,131,31,42,42,146,146,159,174,191,191,66,66,85,85,85,85,97,108,108,126,126],"floor_reached":33,"campfire_rested":3,"playtime":1481,"current_hp_per_floor":[77,77,74,74,74,60,60,57,57,57,54,73,73,73,73,40,74,69,69,62,48,48,71,47,47,47,47,35,22,45,31,54],"items_purged":["Defend_G","Parasite","Strike_G"],"gold":126,"score":253,"play_id":"bb3d14da-e70f-4c31-9eb8-3543e8023abf","is_prod":false,"is_daily":false,"is_ascension_mode":false,"campfire_upgraded":1,"path_taken":["M","$","M","M","M","E","R","M","T","R","?","?","$","M","R","BOSS","M","M","M","?","$","R","M","$","T","?","M","M","R","M","R","BOSS"],"build_version":"2018-02-15-PROD1","purchased_purges":3,"victory":false,"master_deck":["Defend_G","Defend_G","Defend_G","Defend_G","Strike_G","Strike_G","Strike_G","Strike_G","Survivor","Neutralize","Dash","Venomology+1","All Out Attack","Backstab","Noxious Fumes","Endless Agony","Bane","Bane+1","Poisoned Stab","All Out Attack+1"],"max_hp_per_floor":[77,77,77,77,77,77,77,77,77,77,77,77,74,74,74,74,74,74,74,74,79,79,79,79,79,79,79,79,79,79,79,79],"relics":["Ring of the Snake","Snake Skull","Girya","Velvet Choker","Tingsha"],"card_choices":[{"not_picked":["PiercingWail","Deadly Poison"],"picked":"Dash"},{"not_picked":["Acrobatics","Outmaneuver"],"picked":"Venomology"},{"not_picked":["Deflect","Slice"],"picked":"All Out Attack"},{"not_picked":["Deflect","Tools of the Trade"],"picked":"Backstab"},{"not_picked":["Terror","Riddle With Holes"],"picked":"Noxious Fumes"},{"not_picked":["Outmaneuver","Deflect"],"picked":"Endless Agony"},{"not_picked":["Eviscerate","Flying Knee"],"picked":"Bane"},{"not_picked":["Prepared","Finisher"],"picked":"Bane"},{"not_picked":["Skewer","Dagger Spray"],"picked":"Poisoned Stab"},{"not_picked":["PiercingWail","Slice"],"picked":"All Out Attack"}],"player_experience":72126,"potions_floor_usage":[5,6,6,8,14,16,16,16,20,24,24,28,31,31,33,33,33],"damage_taken":[{"damage":0,"enemies":"Cultist","floor":1,"turns":4},{"damage":3,"enemies":"Jaw Worm","floor":3,"turns":5},{"damage":0,"enemies":"2 Louse","floor":4,"turns":3},{"damage":0,"enemies":"Exordium Wildlife","floor":5,"turns":5},{"damage":14,"enemies":"Gremlin Nob","floor":6,"turns":5},{"damage":3,"enemies":"Large Slime","floor":8,"turns":4},{"damage":3,"enemies":"Red Slaver","floor":11,"turns":2},{"damage":0,"enemies":"2 Fungi Beasts","floor":14,"turns":1},{"damage":52,"enemies":"Hexaghost","floor":16,"turns":8},{"damage":5,"enemies":"Chosen","floor":18,"turns":4},{"damage":0,"enemies":"Spheric Guardian","floor":19,"turns":3},{"damage":16,"enemies":"Snake Plant","floor":20,"turns":4},{"damage":24,"enemies":"Cultist and Chosen","floor":24,"turns":6},{"damage":12,"enemies":"Centurion and Healer","floor":28,"turns":3},{"damage":13,"enemies":"Snake Plant","floor":29,"turns":3},{"damage":14,"enemies":"Sentry and Sphere","floor":31,"turns":4},{"damage":64,"enemies":"Collector","floor":33,"turns":6}],"event_choices":[{"event_name":"Mushrooms","player_choice":"Healed and dodged fight","floor":12,"damage_taken":0},{"event_name":"Forgotten Altar","player_choice":"Shed Blood","floor":21,"damage_taken":0},{"event_name":"Drug Dealer","player_choice":"Ignored","floor":27,"damage_taken":0}],"boss_relics":[{"not_picked":["Cursed Key","Snecko Eye"],"picked":"Velvet Choker"}],"potions_floor_spawned":[1,3,6,8,14,19,20,31],"seed_played":"2642879934748233812","killed_by":"Collector","ascension_level":0,"is_trial":false}