{"path_per_floor":["M","$","?","?","$","R","E","R","T","R","M","M","R","?","R","B",null,"M","M","$","$"],"character_chosen":"DEFECT","items_purchased":["Sweeping Beam","Apotheosis"],"gold_per_floor":[215,140,140,140,92,92,126,126,126,126,142,159,159,186,186,283,283,294,308,109,9,9],"floor_reached":22,"campfire_rested":0,"playtime":1005,"current_hp_per_floor":[61,61,61,66,66,66,45,45,45,45,45,45,45,44,44,29,67,63,61,61,61,0],"items_purged":["Strike_B","Strike_B"],"gold":9,"score":279,"play_id":"fdf42e74-5b46-4977-9a96-af1f54e1cca5","local_time":"20180430224650","is_prod":false,"is_daily":false,"chose_seed":false,"is_ascension_mode":true,"campfire_upgraded":5,"timestamp":1525146410,"path_taken":["M","$","?","?","$","R","E","R","T","R","?","?","R","?","R","BOSS","M","M","?","$","M"],"build_version":"2018-04-27v3","seed_source_timestamp":298584460705065,"purchased_purges":2,"victory":false,"master_deck":["Strike_B","Strike_B","Defend_B","Defend_B","Defend_B","Defend_B","Zap+1","Dualcast","AscendersBane","Sweeping Beam+1","Ball Lightning+1","Leap+1","Reinforced Body+1","White Noise","Apotheosis"],"max_hp_per_floor":[75,75,75,80,80,80,80,80,80,80,80,80,80,80,80,80,80,80,80,80,80,80],"relics":["Cracked Core","Toolbox","Centennial Puzzle","Odd Mushroom","Snecko Eye"],"card_choices":[{"not_picked":["Doom and Gloom","Heatsinks"],"picked":"Ball Lightning","floor":7},{"not_picked":["Cold Snap","Stack"],"picked":"Leap","floor":11},{"not_picked":["Rebound","Reprogram"],"picked":"Reinforced Body","floor":14},{"not_picked":["Sweeping Beam","Darkness"],"picked":"White Noise","floor":19}],"player_experience":128474,"potions_floor_usage":[7,7,14,16,16,22],"damage_taken":[{"damage":7,"enemies":"Jaw Worm","floor":1,"turns":4},{"damage":30,"enemies":"Gremlin Nob","floor":7,"turns":4},{"damage":0,"enemies":"Cultist","floor":11,"turns":3},{"damage":0,"enemies":"Small Slimes","floor":12,"turns":2},{"damage":1,"enemies":"The Mushroom Lair","floor":14,"turns":2},{"damage":15,"enemies":"The Guardian","floor":16,"turns":13},{"damage":4,"enemies":"Spheric Guardian","floor":18,"turns":4},{"damage":2,"enemies":"Shell Parasite","floor":19,"turns":5},{"damage":73,"enemies":"3 Cultists","floor":22,"turns":6}],"event_choices":[{"event_name":"The Lab","player_choice":"Got Potions","floor":3,"damage_taken":0},{"event_name":"Big Fish","player_choice":"Donut","floor":4,"damage_taken":0},{"event_name":"Mushrooms","player_choice":"Fought Mushrooms","floor":14,"damage_taken":0}],"boss_relics":[{"not_picked":["Philosopher\u0027s Stone","Tiny House"],"picked":"Snecko Eye"}],"potions_floor_spawned":[1,11,12,14,18],"seed_played":"-962676532417172501","killed_by":"3 Cultists","ascension_level":11,"is_trial":false}