{"path_per_floor":["M","?","M","$","?","M","R","M","T","R","E","M","R","M","R","B",null,"M","M","M","?"],"character_chosen":"THE_SILENT","items_purchased":[],"gold_per_floor":[111,111,121,46,46,63,63,74,74,74,99,112,112,132,132,237,237,255,270,281,206],"floor_reached":22,"campfire_rested":3,"playtime":1058,"current_hp_per_floor":[66,48,46,46,32,31,52,42,42,63,45,45,66,66,66,2,70,50,48,24,24],"items_purged":["Defend_G"],"gold":206,"score":188,"play_id":"82ed03a9-3618-44ac-b6bd-20a2dd799c50","is_prod":false,"is_daily":false,"is_ascension_mode":false,"campfire_upgraded":1,"path_taken":["M","?","M","$","?","M","R","M","T","R","E","M","R","M","R","BOSS","M","M","M","?","M"],"build_version":"2018-02-15-PROD1","purchased_purges":1,"victory":false,"master_deck":["Defend_G","Defend_G","Defend_G","Defend_G+1","Strike_G","Strike_G","Strike_G","Strike_G","Survivor+1","Neutralize+1","Poisoned Stab","Flying Knee","Dagger Spray+1","Flying Knee","Bane","Flying Knee","Venomology","Dodge and Roll+1","Poisoned Stab"],"max_hp_per_floor":[70,70,70,70,70,70,70,70,70,70,70,70,70,70,70,70,70,70,70,70,70],"relics":["Ring of the Snake","Dream Catcher","Pantograph","Sundial","White Beast Statue"],"card_choices":[{"not_picked":["Underhanded Strike","Prepared"],"picked":"Poisoned Stab"},{"not_picked":["Backflip","Acrobatics"],"picked":"Flying Knee"},{"not_picked":["Sucker Punch","Infinite Blades"],"picked":"Dagger Spray"},{"not_picked":["Bullet Time","Dagger Throw"],"picked":"Flying Knee"},{"not_picked":["Flying Knee","Sucker Punch"],"picked":"Bane"},{"not_picked":["Endless Agony","Eviscerate"],"picked":"Flying Knee"},{"not_picked":["A Thousand Cuts","Phantasmal Killer"],"picked":"Venomology"},{"not_picked":["PiercingWail","Acrobatics"],"picked":"Dodge and Roll"},{"not_picked":["Outmaneuver","Slice"],"picked":"Poisoned Stab"}],"player_experience":73607,"potions_floor_usage":[16,18,19,19,20,20,22,22],"damage_taken":[{"damage":4,"enemies":"Jaw Worm","floor":1,"turns":7},{"damage":2,"enemies":"Small Slimes","floor":3,"turns":4},{"damage":1,"enemies":"2 Louse","floor":6,"turns":2},{"damage":10,"enemies":"Exordium Thugs","floor":8,"turns":4},{"damage":18,"enemies":"Lagavulin","floor":11,"turns":6},{"damage":0,"enemies":"2 Fungi Beasts","floor":12,"turns":2},{"damage":0,"enemies":"Looter","floor":14,"turns":3},{"damage":68,"enemies":"The Guardian","floor":16,"turns":10},{"damage":20,"enemies":"Spheric Guardian","floor":18,"turns":4},{"damage":2,"enemies":"Chosen","floor":19,"turns":5},{"damage":24,"enemies":"Snake Plant","floor":20,"turns":4},{"damage":31,"enemies":"Snecko","floor":22,"turns":4}],"event_choices":[{"event_name":"Scrap Ooze","player_choice":"success","floor":2,"damage_taken":18},{"event_name":"Shining Light","player_choice":"Entered Light","floor":5,"damage_taken":0},{"event_name":"Beggar","player_choice":"Gave Gold","floor":21,"damage_taken":0}],"boss_relics":[{"not_picked":["Cursed Key","Philosopher\u0027s Stone"],"picked":"White Beast Statue"}],"potions_floor_spawned":[6,8,16,18,19,20],"seed_played":"-6311144962143133739","killed_by":"Snecko","ascension_level":0,"is_trial":false}