{"gold_per_floor":[115,131,131,156,36,36,54,68,148,148,118,118,136,136,136,235,235,235,235,235,235,235,235,235,235,235,235,235,235,235,235,235,235],"floor_reached":33,"playtime":1761,"items_purged":["Strike_B"],"score":475,"play_id":"a4738e7f-8d13-437f-87cf-2c4114726575","local_time":"20181209214410","is_ascension_mode":true,"campfire_choices":[{"data":"Zap","floor":6,"key":"SMITH"},{"data":"Dualcast","floor":10,"key":"SMITH"},{"data":"Seek","floor":12,"key":"SMITH"},{"data":"Thunder Strike","floor":15,"key":"SMITH"},{"data":"Electrodynamics","floor":24,"key":"SMITH"},{"data":"Turbo","floor":30,"key":"SMITH"},{"floor":32,"key":"REST"}],"neow_cost":"NONE","seed_source_timestamp":566792548936138,"circlet_count":0,"master_deck":["Strike_B","Strike_B","Strike_B","Defend_B","Defend_B","Defend_B","Zap+1","Dualcast+1","Thunder Strike+1","Ball Lightning","Undo","Conserve Battery","Seek+1","Ball Lightning","Electrodynamics+1","Ball Lightning","Conserve Battery","Turbo+1"],"relics":["Cracked Core","Nunchaku","Omamori","Mercury Hourglass","Ectoplasm","MutagenicStrength","Potion Belt","Ice Cream","Singing Bowl","DataDisk","Happy Flower"],"potions_floor_usage":[16,25,25,28,31,33],"damage_taken":[{"damage":9,"enemies":"Jaw Worm","floor":1,"turns":3},{"damage":1,"enemies":"Cultist","floor":2,"turns":3},{"damage":0,"enemies":"Small Slimes","floor":7,"turns":2},{"damage":1,"enemies":"Blue Slaver","floor":8,"turns":4},{"damage":2,"enemies":"Lots of Slimes","floor":13,"turns":2},{"damage":10,"enemies":"Slime Boss","floor":16,"turns":7},{"damage":1,"enemies":"Shell Parasite","floor":18,"turns":3},{"damage":7,"enemies":"Chosen","floor":19,"turns":2},{"damage":0,"enemies":"Snecko","floor":20,"turns":2},{"damage":0,"enemies":"Centurion and Healer","floor":21,"turns":3},{"damage":0,"enemies":"Gremlin Leader","floor":23,"turns":4},{"damage":15,"enemies":"Slavers","floor":25,"turns":3},{"damage":0,"enemies":"Gremlin Leader","floor":27,"turns":2},{"damage":0,"enemies":"3 Cultists","floor":29,"turns":1},{"damage":19,"enemies":"Slavers","floor":31,"turns":2},{"damage":67,"enemies":"Champ","floor":33,"turns":7}],"seed_played":"-953046958116231017","potions_obtained":[{"floor":2,"key":"PowerPotion"},{"floor":8,"key":"SpeedPotion"},{"floor":13,"key":"SkillPotion"},{"floor":18,"key":"Fire Potion"},{"floor":25,"key":"Dexterity Potion"},{"floor":27,"key":"FearPotion"}],"is_trial":false,"path_per_floor":["M","M","?","T","$","R","M","M","T","R","?","R","M","?","R","B",null,"M","M","M","M","?","E","R","E","T","E","?","M","R","E","R","B"],"character_chosen":"DEFECT","items_purchased":["Conserve Battery"],"campfire_rested":1,"item_purchase_floors":[5],"current_hp_per_floor":[59,58,46,46,46,46,46,45,45,45,45,45,43,43,43,33,65,64,57,57,57,57,57,57,42,42,44,35,35,35,18,43,0],"gold":235,"neow_bonus":"ONE_RANDOM_RARE_CARD","is_prod":false,"is_daily":false,"chose_seed":false,"campfire_upgraded":6,"win_rate":0,"timestamp":1544363050,"path_taken":["M","M","?","?","$","R","?","M","T","R","?","R","M","?","R","BOSS","M","?","M","M","?","E","R","E","T","E","?","M","R","E","R","BOSS"],"build_version":"2018-12-06","purchased_purges":1,"victory":false,"max_hp_per_floor":[75,75,75,75,75,75,75,75,75,75,75,75,75,75,75,75,75,75,75,75,75,75,75,75,75,75,77,82,82,82,84,84,84],"card_choices":[{"not_picked":["Hello World","Capacitor"],"picked":"Ball Lightning","floor":1},{"not_picked":["Barrage","Reprogram"],"picked":"Undo","floor":2},{"not_picked":["Stack","Rebound","Lockon"],"picked":"SKIP","floor":7},{"not_picked":["Lockon","Coolheaded"],"picked":"Seek","floor":8},{"not_picked":["Steam","Recycle","Melter"],"picked":"SKIP","floor":13},{"not_picked":["Fission","Meteor Strike"],"picked":"Electrodynamics","floor":16},{"not_picked":["Redo","Hologram","Go for the Eyes"],"picked":"SKIP","floor":18},{"not_picked":["Melter+1","Cold Snap"],"picked":"Ball Lightning","floor":19},{"not_picked":["Core Surge","Rebound+1"],"picked":"Conserve Battery","floor":20},{"not_picked":["Stack","Cold Snap","Hello World"],"picked":"SKIP","floor":21},{"not_picked":["Rebound","Static Discharge","Auto Shields+1"],"picked":"SKIP","floor":23},{"not_picked":["Core Surge","Lockon","BootSequence"],"picked":"SKIP","floor":25},{"not_picked":["Ball Lightning","Heatsinks","Scrape"],"picked":"Singing Bowl","floor":27},{"not_picked":["Auto Shields","Compile Driver"],"picked":"Turbo","floor":29},{"not_picked":["Machine Learning","Static Discharge","Blizzard"],"picked":"Singing Bowl","floor":31}],"player_experience":532745,"relics_obtained":[{"floor":4,"key":"Omamori"},{"floor":9,"key":"Mercury Hourglass"},{"floor":23,"key":"Potion Belt"},{"floor":25,"key":"Ice Cream"},{"floor":26,"key":"Singing Bowl"},{"floor":27,"key":"DataDisk"},{"floor":31,"key":"Happy Flower"}],"event_choices":[{"damage_healed":0,"gold_gain":0,"player_choice":"Success","damage_taken":12,"relics_obtained":["Nunchaku"],"max_hp_gain":0,"max_hp_loss":0,"event_name":"Scrap Ooze","floor":3,"gold_loss":0},{"damage_healed":0,"gold_gain":0,"player_choice":"Left Gold","damage_taken":0,"max_hp_gain":0,"max_hp_loss":0,"event_name":"World of Goop","floor":11,"gold_loss":30},{"damage_healed":0,"gold_gain":0,"cards_transformed":["Defend_B"],"player_choice":"Transformed","damage_taken":0,"max_hp_gain":0,"max_hp_loss":0,"event_name":"Transmorgrifier","floor":14,"gold_loss":0,"cards_obtained":["Ball Lightning"]},{"damage_healed":0,"gold_gain":0,"player_choice":"Inject Mutagens","damage_taken":0,"relics_obtained":["MutagenicStrength"],"max_hp_gain":0,"max_hp_loss":0,"event_name":"Drug Dealer","floor":22,"gold_loss":0},{"damage_healed":0,"gold_gain":0,"player_choice":"POTION ","damage_taken":14,"max_hp_gain":0,"max_hp_loss":0,"event_name":"Knowing Skull","floor":28,"potions_obtained":["Fruit Juice"],"gold_loss":0,"cards_obtained":[]}],"is_beta":false,"boss_relics":[{"not_picked":["Coffee Dripper","Empty Cage"],"picked":"Ectoplasm"}],"items_purged_floors":[5],"is_endless":false,"potions_floor_spawned":[2,8,13,18,21,25,27],"killed_by":"Champ","ascension_level":6}