{"gold_per_floor":[116,41,141,159,59,59,85,85,139,139,154,169,180,200,200,200],"floor_reached":16,"playtime":622,"items_purged":["Strike_R","Strike_R"],"score":163,"play_id":"d4c4806d-a598-4a34-a3a6-91625a03893b","local_time":"20181215135655","is_ascension_mode":true,"campfire_choices":[{"data":"Bash","floor":6,"key":"SMITH"},{"data":"Twin Strike","floor":8,"key":"SMITH"},{"floor":15,"key":"REST"}],"neow_cost":"NONE","seed_source_timestamp":243222923224641,"circlet_count":0,"master_deck":["AscendersBane","Strike_R","Strike_R","Strike_R","Defend_R","Defend_R","Defend_R","Defend_R","Bash+1","Panacea","Twin Strike+1","Twin Strike","Twin Strike"],"relics":["Burning Blood","Blood Vial","Anchor"],"potions_floor_usage":[14,16],"damage_taken":[{"damage":11,"enemies":"Cultist","floor":1,"turns":4},{"damage":3,"enemies":"Jaw Worm","floor":4,"turns":4},{"damage":45,"enemies":"3 Sentries","floor":7,"turns":11},{"damage":2,"enemies":"Small Slimes","floor":11,"turns":4},{"damage":12,"enemies":"3 Louse","floor":12,"turns":4},{"damage":4,"enemies":"Red Slaver","floor":13,"turns":3},{"damage":10,"enemies":"Lots of Slimes","floor":14,"turns":4},{"damage":87,"enemies":"Slime Boss","floor":16,"turns":10}],"seed_played":"-2662246523070936","potions_obtained":[{"floor":7,"key":"LiquidBronze"},{"floor":12,"key":"Poison Potion"},{"floor":14,"key":"FairyPotion"}],"is_trial":false,"path_per_floor":["M","$","?","M","$","R","E","R","T","?","M","M","M","M","R","B"],"character_chosen":"IRONCLAD","items_purchased":[],"campfire_rested":1,"item_purchase_floors":[],"current_hp_per_floor":[67,67,67,70,70,70,31,31,31,31,37,33,37,35,59,0],"gold":200,"neow_bonus":"RANDOM_COLORLESS","is_prod":false,"is_daily":false,"chose_seed":false,"campfire_upgraded":2,"win_rate":0,"timestamp":1544853415,"path_taken":["M","$","?","M","?","R","E","R","T","?","?","M","M","M","R","BOSS"],"build_version":"2018-12-13","purchased_purges":2,"victory":false,"max_hp_per_floor":[80,80,80,80,80,80,80,80,80,80,80,80,80,80,80,80],"card_choices":[{"not_picked":["Flex","Shockwave"],"picked":"Twin Strike","floor":1},{"not_picked":["Shrug It Off","Entrench","Battle Trance"],"picked":"SKIP","floor":4},{"not_picked":["Anger","Warcry","Uppercut"],"picked":"SKIP","floor":7},{"not_picked":["Shrug It Off","Combust","Inflame"],"picked":"SKIP","floor":11},{"not_picked":["Shrug It Off","Warcry"],"picked":"Twin Strike","floor":12},{"not_picked":["Anger","Sever Soul","Rage"],"picked":"SKIP","floor":13},{"not_picked":["Headbutt","Carnage"],"picked":"Twin Strike","floor":14}],"player_experience":573462,"relics_obtained":[{"floor":7,"key":"Blood Vial"},{"floor":9,"key":"Anchor"}],"event_choices":[{"damage_healed":0,"gold_gain":100,"player_choice":"Pray","damage_taken":0,"max_hp_gain":0,"max_hp_loss":0,"event_name":"Golden Shrine","floor":3,"gold_loss":0},{"damage_healed":0,"gold_gain":0,"player_choice":"0 cards matched","damage_taken":0,"max_hp_gain":0,"max_hp_loss":0,"event_name":"Match and Keep!","floor":10,"gold_loss":0,"cards_obtained":[]}],"is_beta":false,"boss_relics":[],"items_purged_floors":[2,5],"is_endless":false,"potions_floor_spawned":[7,12,14],"killed_by":"Slime Boss","ascension_level":12}