{"path_per_floor":["M","?","M","$","M","M","?","E","T","R","E","M","M","E","R","B",null],"character_chosen":"THE_SILENT","items_purchased":["Well Laid Plans"],"gold_per_floor":[216,216,236,122,141,151,151,182,208,208,269,286,299,328,328,428,428],"floor_reached":18,"campfire_rested":1,"playtime":1864,"current_hp_per_floor":[70,75,75,75,74,69,69,48,48,48,50,44,46,8,32,24,82],"items_purged":["Defend_G"],"gold":428,"score":207,"play_id":"08d075b9-47b2-4cc5-9cae-fd15e9336c30","is_prod":false,"is_daily":false,"is_ascension_mode":false,"campfire_upgraded":1,"path_taken":["M","?","M","$","?","M","?","E","T","R","E","M","M","E","R","BOSS","M"],"build_version":"2018-02-15-PROD1","purchased_purges":1,"victory":false,"master_deck":["Defend_G","Defend_G","Defend_G","Defend_G","Strike_G","Strike_G","Strike_G","Strike_G","Strike_G","Survivor","Neutralize","Backflip","Blur+1","Well Laid Plans","Footwork+1","Cloak And Dagger","Backflip","Venomology"],"max_hp_per_floor":[70,75,75,75,75,75,75,75,75,75,75,75,75,82,82,82,82],"relics":["Ring of the Snake","Gremlin Horn","Blood Vial","Tiny Chest","Strawberry","Sozu"],"card_choices":[{"not_picked":["Well Laid Plans","Poisoned Stab"],"picked":"Backflip"},{"not_picked":["Malaise","Acrobatics"],"picked":"Blur"},{"not_picked":["Escape Plan","PiercingWail"],"picked":"Footwork"},{"not_picked":["Leg Sweep","Dodge and Roll"],"picked":"Cloak And Dagger"},{"not_picked":["Slice","Skewer"],"picked":"Backflip"},{"not_picked":["Phantasmal Killer","Tools of the Trade"],"picked":"Venomology"}],"player_experience":123606,"potions_floor_usage":[8,8,14,16],"damage_taken":[{"damage":0,"enemies":"Small Slimes","floor":1,"turns":4},{"damage":0,"enemies":"Jaw Worm","floor":3,"turns":5},{"damage":1,"enemies":"Cultist","floor":5,"turns":4},{"damage":5,"enemies":"3 Louse","floor":6,"turns":5},{"damage":21,"enemies":"Lagavulin","floor":8,"turns":15},{"damage":0,"enemies":"3 Sentries","floor":11,"turns":11},{"damage":8,"enemies":"Gremlin Gang","floor":12,"turns":5},{"damage":0,"enemies":"Exordium Wildlife","floor":13,"turns":6},{"damage":47,"enemies":"Gremlin Nob","floor":14,"turns":7},{"damage":10,"enemies":"The Guardian","floor":16,"turns":26},{"damage":0,"enemies":"Shell Parasite","floor":18,"turns":1}],"event_choices":[{"event_name":"Big Fish","player_choice":"Donut","floor":2,"damage_taken":0},{"event_name":"Upgrade Shrine","player_choice":"Upgraded","floor":7,"damage_taken":0}],"boss_relics":[{"not_picked":["Astrolabe","Black Star"],"picked":"Sozu"}],"potions_floor_spawned":[1,5,6,12,16],"seed_played":"-3144854675205966925","killed_by":"Shell Parasite","ascension_level":0,"is_trial":false}