{"gold_per_floor":[117,117,42,52,52,82,82,144,144,170,187,80,112,35,35,109,109,129,140,30,48,48],"floor_reached":22,"playtime":694,"items_purged":["Strike_B"],"score":443,"play_id":"db33a3ca-4b7f-44b5-8883-4b0624d1d424","local_time":"20190614013439","is_ascension_mode":true,"campfire_choices":[{"data":"Dualcast","floor":7.0,"key":"SMITH"},{"floor":15,"key":"REST"}],"neow_cost":"NONE","seed_source_timestamp":78481685863009,"circlet_count":0,"master_deck":["AscendersBane","Strike_B","Strike_B","Defend_B","Defend_B","Zap","Dualcast+1","Streamline","Glacier+1","Buffer","Beam Cell+1","Loop","Blizzard+1","Echo Form","Chill","Gash+1"],"special_seed":0,"relics":["Cracked Core","NeowsBlessing","Kunai","Tiny Chest","Molten Egg 2","Smiling Mask","Potion Belt","Black Star"],"potions_floor_usage":[13,16,22,22],"damage_taken":[{"damage":0.0,"enemies":"2 Louse","floor":1.0,"turns":1.0},{"damage":0.0,"enemies":"Small Slimes","floor":4.0,"turns":1.0},{"damage":0.0,"enemies":"3 Sentries","floor":6.0,"turns":1.0},{"damage":25.0,"enemies":"Gremlin Nob","floor":8.0,"turns":4.0},{"damage":1.0,"enemies":"Cultist","floor":11.0,"turns":3.0},{"damage":10,"enemies":"Lagavulin","floor":13,"turns":5},{"damage":5,"enemies":"Slime Boss","floor":16,"turns":9},{"damage":29,"enemies":"Shell Parasite","floor":18,"turns":6},{"damage":26,"enemies":"3 Byrds","floor":19,"turns":5},{"damage":5,"enemies":"Centurion and Healer","floor":21,"turns":6},{"damage":7,"enemies":"Sentry and Sphere","floor":22,"turns":5}],"seed_played":"-3960376694480477139","potions_obtained":[{"floor":4.0,"key":"Fire Potion"},{"floor":11.0,"key":"AttackPotion"},{"floor":16,"key":"GamblersBrew"},{"floor":19,"key":"Energy Potion"},{"floor":21,"key":"PowerPotion"}],"is_trial":false,"path_per_floor":["M","?","?","M","?","E","R","E","T","T","M","$","E","$","R","B",null,"M","M","?","M","M"],"character_chosen":"DEFECT","items_purchased":["Beam Cell+1","Blizzard+1"],"campfire_rested":1,"item_purchase_floors":[12,14],"current_hp_per_floor":[64,64,64,64,64,64,64,39,39,39,38,38,28,28,49,44,64,35,9,9,4,0],"gold":48,"neow_bonus":"THREE_ENEMY_KILL","is_prod":false,"is_daily":false,"chose_seed":false,"campfire_upgraded":1,"win_rate":0,"timestamp":1560447279,"path_taken":["M","?","?","M","?","E","R","E","T","?","M","$","E","?","R","BOSS","M","M","?","M","M"],"build_version":"2019-01-23","purchased_purges":1,"victory":false,"max_hp_per_floor":[71,71,71,71,71,71,71,71,71,71,71,71,71,71,71,71,71,71,71,71,71,71],"card_choices":[{"not_picked":["Barrage","Sweeping Beam","Turbo"],"picked":"SKIP","floor":1.0},{"not_picked":["Hologram","Redo"],"picked":"Streamline","floor":4.0},{"not_picked":["Tempest","Redo"],"picked":"Glacier","floor":6.0},{"not_picked":["Undo","Turbo","Consume"],"picked":"SKIP","floor":8.0},{"not_picked":["Go for the Eyes+1","Turbo"],"picked":"Buffer","floor":11.0},{"not_picked":["Barrage+1","Stack"],"picked":"Loop","floor":13},{"not_picked":["Fission","Thunder Strike+1"],"picked":"Echo Form","floor":16},{"not_picked":["Darkness","Redo","Streamline+1"],"picked":"SKIP","floor":18},{"not_picked":["Reinforced Body+1","Barrage+1"],"picked":"Chill","floor":19},{"not_picked":["Turbo+1","Redo"],"picked":"Gash+1","floor":21}],"player_experience":673927,"relics_obtained":[{"floor":6.0,"key":"Kunai"},{"floor":8.0,"key":"Tiny Chest"},{"floor":9.0,"key":"Molten Egg 2"},{"floor":10.0,"key":"Smiling Mask"},{"floor":13,"key":"Potion Belt"}],"event_choices":[{"cards_removed":["Strike_B"],"damage_healed":0.0,"max_hp_gain":0.0,"max_hp_loss":0.0,"gold_gain":0.0,"event_name":"Living Wall","player_choice":"Forget","floor":2.0,"gold_loss":0.0,"damage_taken":0.0},{"cards_removed":["Defend_B"],"damage_healed":0.0,"max_hp_gain":0.0,"max_hp_loss":0.0,"gold_gain":0.0,"event_name":"The Cleric","player_choice":"Card Removal","floor":3.0,"gold_loss":75.0,"damage_taken":0.0},{"damage_healed":0.0,"max_hp_gain":0.0,"max_hp_loss":0.0,"gold_gain":0.0,"event_name":"Liars Game","player_choice":"Ignored","floor":5.0,"gold_loss":0.0,"damage_taken":0.0},{"cards_removed":["Defend_B"],"damage_healed":0,"gold_gain":0,"player_choice":"Upgrade and Remove","damage_taken":0,"max_hp_gain":0,"max_hp_loss":0,"event_name":"Designer","floor":20,"gold_loss":110,"cards_upgraded":["Glacier"]}],"is_beta":false,"boss_relics":[{"not_picked":["Busted Crown","Calling Bell"],"picked":"Black Star"}],"items_purged_floors":[12],"is_endless":false,"potions_floor_spawned":[4,11,16,19,21],"killed_by":"Sentry and Sphere","ascension_level":19}