{"gold_per_floor":[117,117,129,139,158,190,190,202,202,58,68,94,113,113,113,212,212,223,223,123,133,145,172,172,185,239,257,288,288,315,328,328,432,432,443,443,72,72],"floor_reached":38,"playtime":2141,"items_purged":["Strike_R","Strike_R","Strike_R+1"],"score":600,"play_id":"7f010f51-dd76-40b8-bc7c-12ef897db6ea","local_time":"20190614082441","is_ascension_mode":true,"campfire_choices":[{"data":"Armaments","floor":7.0,"key":"SMITH"},{"floor":15.0,"key":"REST"},{"data":"Evolve","floor":24,"key":"SMITH"},{"floor":32,"key":"REST"}],"neow_cost":"NONE","seed_source_timestamp":0,"circlet_count":0,"master_deck":["Defend_R","Defend_R","Defend_R","Defend_R","Bash+1","Body Slam+1","Armaments+1","Metallicize","Iron Wave","Feed","Evolve+1","Body Slam","Barricade","Warcry","Warcry","Double Tap","Armaments+1","Demon Form","Madness","Madness"],"special_seed":0,"relics":["Burning Blood","Bronze Scales","Whetstone","Lantern","Mark of Pain","Meat on the Bone","Tiny Chest","Centennial Puzzle","Dream Catcher","Sozu","Question Card"],"potions_floor_usage":[23,23,25,33,38],"damage_taken":[{"damage":3.0,"enemies":"Jaw Worm","floor":1.0,"turns":5.0},{"damage":1.0,"enemies":"Cultist","floor":3.0,"turns":4.0},{"damage":2.0,"enemies":"Small Slimes","floor":4.0,"turns":4.0},{"damage":7.0,"enemies":"Exordium Wildlife","floor":5.0,"turns":4.0},{"damage":20.0,"enemies":"Gremlin Nob","floor":6.0,"turns":4.0},{"damage":9.0,"enemies":"Lots of Slimes","floor":8.0,"turns":4.0},{"damage":0.0,"enemies":"2 Fungi Beasts","floor":11.0,"turns":4.0},{"damage":15.0,"enemies":"Lagavulin","floor":12.0,"turns":7.0},{"damage":12.0,"enemies":"Large Slime","floor":13.0,"turns":6.0},{"damage":25.0,"enemies":"The Guardian","floor":16.0,"turns":11.0},{"damage":15,"enemies":"2 Thieves","floor":18,"turns":4},{"damage":8,"enemies":"Chosen","floor":21,"turns":4},{"damage":9,"enemies":"Centurion and Healer","floor":22,"turns":8},{"damage":0,"enemies":"Gremlin Leader","floor":23,"turns":6},{"damage":48,"enemies":"3 Cultists","floor":25,"turns":6},{"damage":22,"enemies":"Shelled Parasite and Fungi","floor":27,"turns":4},{"damage":8,"enemies":"Book of Stabbing","floor":28,"turns":5},{"damage":45,"enemies":"Gremlin Leader","floor":30,"turns":9},{"damage":22,"enemies":"Chosen and Byrds","floor":31,"turns":6},{"damage":0,"enemies":"Automaton","floor":33,"turns":9},{"damage":21,"enemies":"3 Darklings","floor":35,"turns":6},{"damage":74,"enemies":"3 Shapes","floor":38,"turns":3}],"seed_played":"5471356599867071587","potions_obtained":[{"floor":3.0,"key":"Weak Potion"},{"floor":4.0,"key":"Poison Potion"},{"floor":6.0,"key":"Fire Potion"},{"floor":11.0,"key":"BloodPotion"},{"floor":13.0,"key":"SkillPotion"},{"floor":16.0,"key":"LiquidBronze"},{"floor":18,"key":"SteroidPotion"},{"floor":22,"key":"Weak Potion"},{"floor":23,"key":"Strength Potion"},{"floor":31,"key":"Dexterity Potion"},{"floor":33,"key":"PowerPotion"}],"is_trial":false,"path_per_floor":["M","?","M","M","M","E","R","M","T","$","M","E","M","?","R","B",null,"M","?","$","M","M","E","R","M","T","M","E","?","E","M","R","B",null,"M","?","$","M"],"character_chosen":"IRONCLAD","items_purchased":["Evolve","Question Card"],"campfire_rested":2,"item_purchase_floors":[10,37],"current_hp_per_floor":[80,80,80,80,79,65,65,62,62,62,71,70,64,64,83,64,83,77,77,77,75,72,78,78,51,51,50,63,63,36,32,60,66,95,80,68,68,0],"gold":72,"neow_bonus":"REMOVE_CARD","is_prod":false,"is_daily":false,"chose_seed":false,"campfire_upgraded":2,"win_rate":0,"timestamp":1560468281,"path_taken":["M","?","M","?","M","E","R","M","T","$","M","E","M","?","R","BOSS","M","?","$","M","M","E","R","M","T","?","E","?","E","M","R","BOSS","M","?","$","M"],"build_version":"2019-01-23","purchased_purges":3,"victory":false,"max_hp_per_floor":[80,80,80,80,80,80,80,80,80,80,83,83,83,83,83,83,83,86,86,86,86,86,86,86,89,89,92,95,95,95,95,95,95,95,95,95,95,95],"card_choices":[{"not_picked":["Heavy Blade","Sword Boomerang"],"picked":"Body Slam","floor":1.0},{"not_picked":["Corruption","Perfected Strike","Inflame"],"picked":"SKIP","floor":3.0},{"not_picked":["Clothesline","Anger"],"picked":"Armaments","floor":4.0},{"not_picked":["Heavy Blade","Thunderclap"],"picked":"Metallicize","floor":5.0},{"not_picked":["Thunderclap","Reckless Charge"],"picked":"Iron Wave","floor":6.0},{"not_picked":["Havoc","Headbutt"],"picked":"Feed","floor":8.0},{"not_picked":["Clash","Armaments","Iron Wave"],"picked":"SKIP","floor":11.0},{"not_picked":["Pommel Strike","Bludgeon","Feed"],"picked":"SKIP","floor":12.0},{"not_picked":["Twin Strike","Anger"],"picked":"Body Slam","floor":13.0},{"not_picked":["Reaper","Demon Form"],"picked":"Barricade","floor":16.0},{"not_picked":["Pommel Strike","Wild Strike"],"picked":"Warcry","floor":18},{"not_picked":["Headbutt","Armaments","Corruption"],"picked":"SKIP","floor":21},{"not_picked":["Dual Wield","Clash+1"],"picked":"Warcry","floor":22},{"not_picked":["True Grit","Headbutt","Havoc"],"picked":"SKIP","floor":23},{"not_picked":["Combust","Dropkick+1"],"picked":"Double Tap","floor":25},{"not_picked":["Thunderclap","Fire Breathing","Shrug It Off"],"picked":"SKIP","floor":27},{"not_picked":["Shrug It Off","Clash","Anger"],"picked":"SKIP","floor":28},{"not_picked":["Ghostly Armor","Inflame"],"picked":"Armaments+1","floor":30},{"not_picked":["Flex","Bloodletting","Thunderclap"],"picked":"SKIP","floor":31},{"not_picked":["Feed","Limit Break"],"picked":"Demon Form","floor":33},{"not_picked":["Blood for Blood+1","Flex","True Grit"],"picked":"SKIP","floor":35}],"player_experience":420716,"relics_obtained":[{"floor":6.0,"key":"Bronze Scales"},{"floor":9.0,"key":"Whetstone"},{"floor":12.0,"key":"Lantern"},{"floor":23,"key":"Meat on the Bone"},{"floor":26,"key":"Tiny Chest"},{"floor":28,"key":"Centennial Puzzle"},{"floor":30,"key":"Dream Catcher"}],"event_choices":[{"damage_healed":0.0,"max_hp_gain":0.0,"max_hp_loss":0.0,"gold_gain":0.0,"event_name":"Upgrade Shrine","player_choice":"Upgraded","floor":2.0,"gold_loss":0.0,"damage_taken":0.0,"cards_upgraded":["Body Slam"]},{"cards_removed":["Strike_R"],"damage_healed":0.0,"max_hp_gain":0.0,"max_hp_loss":0.0,"gold_gain":0.0,"event_name":"Living Wall","player_choice":"Forget","floor":14.0,"gold_loss":0.0,"damage_taken":0.0},{"damage_healed":0,"gold_gain":0,"player_choice":"0 cards matched","damage_taken":0,"max_hp_gain":0,"max_hp_loss":0,"event_name":"Match and Keep!","floor":19,"gold_loss":0,"cards_obtained":[]},{"damage_healed":0,"gold_gain":0,"player_choice":"Ignored","damage_taken":0,"max_hp_gain":0,"max_hp_loss":0,"event_name":"Ghosts","floor":29,"gold_loss":0},{"damage_healed":0,"gold_gain":0,"player_choice":"Embrace Madness","damage_taken":12,"max_hp_gain":0,"max_hp_loss":0,"event_name":"Winding Halls","floor":36,"gold_loss":0,"cards_obtained":["Madness","Madness"]}],"is_beta":false,"boss_relics":[{"not_picked":["White Beast Statue","Cursed Key"],"picked":"Mark of Pain"},{"not_picked":["Runic Dome","Coffee Dripper"],"picked":"Sozu"}],"items_purged_floors":[10,20,37],"is_endless":false,"potions_floor_spawned":[3,4,6,11,13,16,18,22,23,31,33],"killed_by":"3 Shapes","ascension_level":2}