{"gold_per_floor":[115,135,210,225,225,252,252,270,270,160,192,207,33,47,47,146,146,156,31,55,55,69,98,98,127,152,2,12,25,25],"floor_reached":30,"playtime":1535,"items_purged":["Strike_R","Defend_R","Strike_R","Defend_R"],"score":336,"play_id":"6b670c76-426e-4a74-afdf-626f31408686","local_time":"20190614105501","is_ascension_mode":true,"campfire_choices":[{"data":"Armaments","floor":15,"key":"SMITH"},{"data":"Evolve","floor":24,"key":"SMITH"}],"neow_cost":"NONE","seed_source_timestamp":10261197745480,"circlet_count":0,"master_deck":["Strike_R","Strike_R","Strike_R","Defend_R","Defend_R","Bash","Battle Trance","Iron Wave","Power Through","Armaments+1","Seeing Red","Evolve+1","Body Slam","Seeing Red","Power Through","Impervious","Injury","Normality"],"relics":["Burning Blood","PreservedInsect","Shuriken","Potion Belt","Pen Nib","Cursed Key","Bag of Preparation","Boot","Lantern","Blood Vial"],"potions_floor_usage":[6,8,16,16,25,25,29,29,30],"damage_taken":[{"damage":8,"enemies":"Jaw Worm","floor":1,"turns":4},{"damage":0,"enemies":"Small Slimes","floor":2,"turns":3},{"damage":6,"enemies":"Cultist","floor":4,"turns":4},{"damage":16,"enemies":"Lagavulin","floor":6,"turns":5},{"damage":5,"enemies":"Lots of Slimes","floor":8,"turns":7},{"damage":13,"enemies":"Gremlin Nob","floor":11,"turns":4},{"damage":4,"enemies":"2 Fungi Beasts","floor":12,"turns":4},{"damage":8,"enemies":"Exordium Wildlife","floor":14,"turns":6},{"damage":9,"enemies":"The Guardian","floor":16,"turns":14},{"damage":0,"enemies":"Chosen","floor":18,"turns":4},{"damage":5,"enemies":"Spheric Guardian","floor":22,"turns":5},{"damage":1,"enemies":"Slavers","floor":23,"turns":6},{"damage":26,"enemies":"Gremlin Leader","floor":25,"turns":5},{"damage":12,"enemies":"Snake Plant","floor":28,"turns":5},{"damage":43,"enemies":"Sentry and Sphere","floor":29,"turns":10},{"damage":26,"enemies":"3 Cultists","floor":30,"turns":5}],"seed_played":"-2140351402164544121","potions_obtained":[{"floor":1,"key":"EssenceOfSteel"},{"floor":4,"key":"Swift Potion"},{"floor":11,"key":"Dexterity Potion"},{"floor":12,"key":"Strength Potion"},{"floor":16,"key":"Block Potion"},{"floor":22,"key":"Fire Potion"},{"floor":25,"key":"BloodPotion"},{"floor":28,"key":"EssenceOfSteel"},{"floor":29,"key":"Weak Potion"}],"is_trial":false,"path_per_floor":["M","M","?","M","?","E","?","M","T","$","E","M","$","M","R","B",null,"M","$","T","?","M","E","R","E","T","$","M","M","M"],"character_chosen":"IRONCLAD","items_purchased":["Evolve","Power Through"],"campfire_rested":0,"item_purchase_floors":[10,13],"current_hp_per_floor":[78,80,69,69,66,56,80,80,80,80,73,75,75,73,73,70,80,80,80,80,80,80,80,80,60,60,60,56,29,5],"gold":25,"neow_bonus":"THREE_CARDS","is_prod":false,"is_daily":false,"chose_seed":false,"campfire_upgraded":2,"win_rate":0,"timestamp":1560477301,"path_taken":["M","M","?","M","?","E","?","?","T","$","E","M","?","M","R","BOSS","M","$","?","?","M","E","R","E","T","?","?","?","M"],"build_version":"2019-01-23","purchased_purges":4,"victory":false,"max_hp_per_floor":[80,80,80,80,80,80,80,80,80,80,80,80,80,80,80,80,80,80,80,80,80,80,80,80,80,80,80,80,80,80],"card_choices":[{"not_picked":["Intimidate","Blood for Blood"],"picked":"Battle Trance","floor":0},{"not_picked":["Dropkick","Uppercut"],"picked":"Iron Wave","floor":1},{"not_picked":["Thunderclap","Fire Breathing"],"picked":"Power Through","floor":2},{"not_picked":["Pummel","Combust","Perfected Strike"],"picked":"SKIP","floor":4},{"not_picked":["Shockwave","Limit Break"],"picked":"Armaments","floor":6},{"not_picked":["Clothesline","Warcry"],"picked":"Seeing Red","floor":8},{"not_picked":["Armaments","Corruption"],"picked":"Body Slam","floor":11},{"not_picked":["Feel No Pain","Blood for Blood"],"picked":"Seeing Red","floor":12},{"not_picked":["Rampage","Sword Boomerang","Infernal Blade"],"picked":"SKIP","floor":14},{"not_picked":["Limit Break","Berserk"],"picked":"Impervious","floor":16},{"not_picked":["Shrug It Off+1","Heavy Blade","Flame Barrier+1"],"picked":"SKIP","floor":18},{"not_picked":["True Grit+1","Flex","Clash"],"picked":"SKIP","floor":22},{"not_picked":["Whirlwind+1","Pummel","Flex+1"],"picked":"SKIP","floor":23},{"not_picked":["Havoc","True Grit","Exhume"],"picked":"SKIP","floor":25},{"not_picked":["Thunderclap","Disarm","Bloodletting+1"],"picked":"SKIP","floor":28},{"not_picked":["Pommel Strike","Seeing Red","Disarm"],"picked":"SKIP","floor":29}],"player_experience":424041,"relics_obtained":[{"floor":6,"key":"Shuriken"},{"floor":9,"key":"Potion Belt"},{"floor":11,"key":"Pen Nib"},{"floor":20,"key":"Bag of Preparation"},{"floor":23,"key":"Boot"},{"floor":25,"key":"Lantern"},{"floor":26,"key":"Blood Vial"}],"event_choices":[{"damage_healed":0,"gold_gain":75,"player_choice":"Gather Gold","damage_taken":11,"max_hp_gain":0,"max_hp_loss":0,"event_name":"World of Goop","floor":3,"gold_loss":0},{"damage_healed":0,"gold_gain":0,"player_choice":"Success","damage_taken":3,"relics_obtained":["PreservedInsect"],"max_hp_gain":0,"max_hp_loss":0,"event_name":"Scrap Ooze","floor":5,"gold_loss":0},{"damage_healed":26,"gold_gain":0,"player_choice":"Banana","damage_taken":0,"max_hp_gain":0,"max_hp_loss":0,"event_name":"Big Fish","floor":7,"gold_loss":0},{"damage_healed":0,"gold_gain":0,"player_choice":"Ignored","damage_taken":0,"max_hp_gain":0,"max_hp_loss":0,"event_name":"Vampires","floor":21,"gold_loss":0}],"is_beta":false,"boss_relics":[{"not_picked":["Orrery","Velvet Choker"],"picked":"Cursed Key"}],"items_purged_floors":[10,13,19,27],"is_endless":false,"potions_floor_spawned":[1,4,11,12,16,22,25,28,29],"killed_by":"3 Cultists","ascension_level":2}