{"gold_per_floor":[17,36,36,48,48,77,77,88,88,88,88,114,114,130,130,207,207,127,127,127,127,12,12],"floor_reached":23,"playtime":1089,"items_purged":[],"score":372,"play_id":"84a115c9-5321-4e8d-8c6e-0159b1234d1c","local_time":"20190601053351","is_ascension_mode":true,"campfire_choices":[{"data":"Bash","floor":7.0,"key":"SMITH"},{"floor":11.0,"key":"REST"},{"data":"Disarm","floor":13.0,"key":"SMITH"},{"floor":15.0,"key":"REST"}],"neow_cost":"NO_GOLD","seed_source_timestamp":1355737680490760,"circlet_count":0,"master_deck":["AscendersBane","Strike_R","Strike_R","Strike_R","Strike_R","Defend_R","Defend_R","Defend_R","Defend_R","Bash+1","Pummel","Battle Trance","Disarm+1","Heavy Blade","Anger","Carnage","Feed","Juggernaut+1","Corruption+1","Evolve+1","Spot Weakness","Metallicize+1"],"special_seed":0,"relics":["Burning Blood","Unceasing Top","Frozen Egg 2","Self Forming Clay","Blue Candle","Ectoplasm","Singing Bowl"],"potions_floor_usage":[23],"damage_taken":[{"damage":6.0,"enemies":"Cultist","floor":1.0,"turns":3.0},{"damage":9.0,"enemies":"Small Slimes","floor":2.0,"turns":4.0},{"damage":0.0,"enemies":"2 Louse","floor":4.0,"turns":3.0},{"damage":42.0,"enemies":"Gremlin Nob","floor":6.0,"turns":5.0},{"damage":10.0,"enemies":"Exordium Wildlife","floor":8.0,"turns":6.0},{"damage":33.0,"enemies":"Lagavulin","floor":12.0,"turns":6.0},{"damage":25.0,"enemies":"Exordium Thugs","floor":14.0,"turns":5.0},{"damage":27.0,"enemies":"The Guardian","floor":16.0,"turns":13.0},{"damage":23.0,"enemies":"2 Thieves","floor":18.0,"turns":4.0},{"damage":7,"enemies":"Chosen","floor":20,"turns":4},{"damage":25,"enemies":"Centurion and Healer","floor":21,"turns":7},{"damage":37,"enemies":"Gremlin Leader","floor":23,"turns":5}],"seed_played":"-8677608518644299347","potions_obtained":[{"floor":1.0,"key":"Fire Potion"},{"floor":6.0,"key":"Energy Potion"},{"floor":8.0,"key":"LiquidBronze"},{"floor":16.0,"key":"LiquidBronze"},{"floor":20,"key":"PowerPotion"}],"is_trial":false,"path_per_floor":["M","M","?","M","$","E","R","M","T","?","R","E","R","M","R","B",null,"M","?","M","M","$","E"],"character_chosen":"IRONCLAD","items_purchased":["Spot Weakness","Metallicize+1"],"campfire_rested":2,"item_purchase_floors":[22,22],"current_hp_per_floor":[68,65,65,71,71,35,35,31,31,31,53,26,26,7,29,11,61,47,47,48,32,32,0],"gold":12,"neow_bonus":"ONE_RARE_RELIC","is_prod":false,"is_daily":false,"chose_seed":false,"campfire_upgraded":2,"win_rate":0,"timestamp":1559338431,"path_taken":["M","?","?","M","$","E","R","M","T","?","R","E","R","M","R","BOSS","M","?","M","M","$","E"],"build_version":"2019-01-23","purchased_purges":0,"victory":false,"max_hp_per_floor":[75,75,75,75,75,75,75,75,75,75,75,75,75,75,75,78,78,81,81,83,86,86,86],"card_choices":[{"not_picked":["Headbutt","Havoc"],"picked":"Pummel","floor":1.0},{"not_picked":["Blood for Blood","Hemokinesis"],"picked":"Battle Trance","floor":2.0},{"not_picked":["Cleave","Clothesline"],"picked":"Disarm","floor":4.0},{"not_picked":["Flex","Second Wind"],"picked":"Heavy Blade","floor":6.0},{"not_picked":["Heavy Blade","Warcry"],"picked":"Anger","floor":8.0},{"not_picked":["Iron Wave","Perfected Strike"],"picked":"Carnage","floor":12.0},{"not_picked":["Pommel Strike","Clothesline"],"picked":"Feed","floor":14.0},{"not_picked":["Bludgeon","Brutality+1"],"picked":"Juggernaut+1","floor":16.0},{"not_picked":["Flex","Perfected Strike"],"picked":"Corruption+1","floor":18.0},{"not_picked":["Wild Strike","Headbutt","Sword Boomerang"],"picked":"Singing Bowl","floor":20},{"not_picked":["Sword Boomerang","Juggernaut+1"],"picked":"Evolve+1","floor":21}],"player_experience":616362,"relics_obtained":[{"floor":6.0,"key":"Frozen Egg 2"},{"floor":9.0,"key":"Self Forming Clay"},{"floor":12.0,"key":"Blue Candle"}],"event_choices":[{"damage_healed":0.0,"max_hp_gain":0.0,"max_hp_loss":0.0,"gold_gain":0.0,"event_name":"The Cleric","player_choice":"Leave","floor":3.0,"gold_loss":0.0,"damage_taken":0.0},{"cards_removed":["Strike_R"],"damage_healed":0.0,"max_hp_gain":0.0,"max_hp_loss":0.0,"gold_gain":0.0,"event_name":"Living Wall","player_choice":"Forget","floor":10.0,"gold_loss":0.0,"damage_taken":0.0},{"damage_healed":0.0,"max_hp_gain":0.0,"max_hp_loss":0.0,"gold_gain":0.0,"event_name":"WeMeetAgain","player_choice":"Gave Potion","floor":19.0,"gold_loss":0.0,"damage_taken":0.0,"relics_obtained":["Singing Bowl"]}],"is_beta":false,"boss_relics":[{"not_picked":["Empty Cage","Lizard Tail"],"picked":"Ectoplasm"}],"items_purged_floors":[],"is_endless":false,"potions_floor_spawned":[1,6,8,16,20],"killed_by":"Gremlin Leader","ascension_level":17}