{"gold_per_floor":[10,20,20,32,10,39,39,67,67,87,105,105,143,166,166,166],"floor_reached":16,"playtime":883,"items_purged":[],"score":177,"play_id":"2b0371f9-6786-448c-bf02-0eb49c7bceb5","local_time":"20190611083148","is_ascension_mode":true,"campfire_choices":[{"data":"Blade Dance","floor":7,"key":"SMITH"},{"floor":15,"key":"REST"}],"neow_cost":"NO_GOLD","seed_source_timestamp":29078545722919,"circlet_count":0,"master_deck":["Defend_G","Defend_G","Defend_G","Defend_G","Defend_G","Strike_G","Strike_G","Strike_G","Strike_G","Survivor","Neutralize","After Image","Poisoned Stab","Deadly Poison","Unload","Deflect","Slice","Blade Dance+1","Outmaneuver","Dagger Spray","Dodge and Roll","Dagger Spray","Choke","Escape Plan"],"relics":["Ring of the Snake","PreservedInsect","Prayer Wheel","Blue Candle","Golden Idol","Letter Opener"],"potions_floor_usage":[6,11,16],"damage_taken":[{"damage":0,"enemies":"2 Louse","floor":1,"turns":5},{"damage":2,"enemies":"Cultist","floor":2,"turns":5},{"damage":6,"enemies":"Jaw Worm","floor":4,"turns":4},{"damage":15,"enemies":"Gremlin Nob","floor":6,"turns":4},{"damage":9,"enemies":"3 Sentries","floor":8,"turns":8},{"damage":0,"enemies":"Exordium Thugs","floor":10,"turns":4},{"damage":1,"enemies":"Large Slime","floor":11,"turns":5},{"damage":26,"enemies":"Lagavulin","floor":13,"turns":7},{"damage":0,"enemies":"Red Slaver","floor":14,"turns":3},{"damage":23,"enemies":"Hexaghost","floor":16,"turns":9}],"seed_played":"-9180712178865158710","potions_obtained":[{"floor":4,"key":"Poison Potion"},{"floor":10,"key":"Block Potion"},{"floor":14,"key":"PowerPotion"}],"is_trial":false,"path_per_floor":["M","M","?","M","$","E","R","E","T","M","M","?","E","M","R","B"],"character_chosen":"THE_SILENT","items_purchased":["Slice"],"campfire_rested":1,"item_purchase_floors":[5],"current_hp_per_floor":[63,61,61,55,55,40,40,31,31,31,30,30,4,4,23,0],"gold":166,"neow_bonus":"THREE_RARE_CARDS","is_prod":false,"is_daily":false,"chose_seed":false,"campfire_upgraded":1,"win_rate":0,"timestamp":1560213108,"path_taken":["M","M","?","?","$","E","R","E","T","M","M","?","E","M","R","BOSS"],"build_version":"2019-01-23","purchased_purges":0,"victory":false,"max_hp_per_floor":[70,70,70,70,70,70,70,70,70,70,70,65,65,65,65,65],"card_choices":[{"not_picked":["Burst","Adrenaline"],"picked":"After Image","floor":0},{"not_picked":["Flechettes","Prepared"],"picked":"Poisoned Stab","floor":1},{"not_picked":["Distraction","Predator"],"picked":"Deadly Poison","floor":2},{"not_picked":["Backstab","PiercingWail"],"picked":"Deflect","floor":4},{"not_picked":["Dash","Phantasmal Killer"],"picked":"Blade Dance","floor":6},{"not_picked":["Acrobatics","Prepared","Concentrate"],"picked":"SKIP","floor":8},{"not_picked":["Riddle With Holes","Deadly Poison"],"picked":"Outmaneuver","floor":10},{"not_picked":["Quick Slash","Outmaneuver"],"picked":"Dagger Spray","floor":10},{"not_picked":["Tactician","PiercingWail"],"picked":"Dodge and Roll","floor":11},{"not_picked":["Endless Agony","Deflect","Eviscerate"],"picked":"SKIP","floor":11},{"not_picked":["Endless Agony","Deflect","Eviscerate"],"picked":"SKIP","floor":11},{"not_picked":["Phantasmal Killer","Predator"],"picked":"Dagger Spray","floor":13},{"not_picked":["Dagger Spray","Bane"],"picked":"Choke","floor":14},{"not_picked":["Noxious Fumes","Catalyst","Escape Plan"],"picked":"SKIP","floor":14},{"not_picked":["Noxious Fumes","Catalyst"],"picked":"Escape Plan","floor":14}],"player_experience":771900,"relics_obtained":[{"floor":6,"key":"PreservedInsect"},{"floor":8,"key":"Prayer Wheel"},{"floor":9,"key":"Blue Candle"},{"floor":13,"key":"Letter Opener"}],"event_choices":[{"damage_healed":0,"gold_gain":0,"cards_transformed":["Strike_G"],"player_choice":"Transformed","damage_taken":0,"max_hp_gain":0,"max_hp_loss":0,"event_name":"Transmorgrifier","floor":3,"gold_loss":0,"cards_obtained":["Unload"]},{"damage_healed":0,"gold_gain":0,"player_choice":"Lose Max HP","damage_taken":0,"relics_obtained":["Golden Idol"],"max_hp_gain":0,"max_hp_loss":5,"event_name":"Golden Idol","floor":12,"gold_loss":0}],"is_beta":false,"boss_relics":[],"items_purged_floors":[],"is_endless":false,"potions_floor_spawned":[4,10,14],"killed_by":"Hexaghost","ascension_level":9}