{"gold_per_floor":[111,111,129,229,243,243,276,276,276,305,305,316,140,172,172,273,273,291,320,320,20,38,38,72,72,72,102,122,122,122,154,154,254,254,264,264,291,303,330,342,372,409,421,433,557,33,47,47,47,47],"floor_reached":51,"playtime":9068,"items_purged":["Strike_B"],"score":1136,"play_id":"dec3024b-780e-4251-b05b-d5919dfc4d19","local_time":"20190603172204","is_ascension_mode":true,"campfire_choices":[{"data":"Zap","floor":6.0,"key":"SMITH"},{"data":"Conserve Battery","floor":8.0,"key":"SMITH"},{"data":"Echo Form","floor":11.0,"key":"SMITH"},{"data":"Hologram","floor":15.0,"key":"SMITH"},{"floor":23.0,"key":"REST"},{"floor":25.0,"key":"REST"},{"floor":32.0,"key":"REST"},{"floor":40.0,"key":"REST"},{"floor":44.0,"key":"REST"},{"floor":49,"key":"RECALL"}],"neow_cost":"NONE","seed_source_timestamp":0,"circlet_count":0,"master_deck":["AscendersBane","Strike_B+1","Defend_B","Defend_B","Zap+1","Dualcast","Hologram+1","Undo","Conserve Battery+1","Echo Form+1","Leap","Sweeping Beam","Electrodynamics","Gash+1","Defragment","Ball Lightning","Gash","All For One","Conserve Battery+1","Conserve Battery+1","Gash+1","Capacitor"],"special_seed":0,"relics":["Cracked Core","Singing Bowl","Meat on the Bone","Gremlin Horn","Lantern","Fusion Hammer","Red Mask","Kunai","Ornamental Fan","Bag of Preparation","Prayer Wheel","Orichalcum","Lizard Tail","MawBank","Omamori","Whetstone","Bird Faced Urn","Ice Cream","Shuriken"],"potions_floor_usage":[50,50],"damage_taken":[{"damage":0.0,"enemies":"Small Slimes","floor":1.0,"turns":4.0},{"damage":1.0,"enemies":"2 Louse","floor":3.0,"turns":4.0},{"damage":1.0,"enemies":"Cultist","floor":5.0,"turns":4.0},{"damage":18.0,"enemies":"Gremlin Nob","floor":7.0,"turns":4.0},{"damage":4.0,"enemies":"Lagavulin","floor":10.0,"turns":6.0},{"damage":8.0,"enemies":"Blue Slaver","floor":12.0,"turns":4.0},{"damage":12.0,"enemies":"3 Sentries","floor":14.0,"turns":6.0},{"damage":25.0,"enemies":"Hexaghost","floor":16.0,"turns":14.0},{"damage":3.0,"enemies":"Shell Parasite","floor":18.0,"turns":6.0},{"damage":64.0,"enemies":"Masked Bandits","floor":19.0,"turns":5.0},{"damage":0.0,"enemies":"2 Thieves","floor":22.0,"turns":3.0},{"damage":2.0,"enemies":"Gremlin Leader","floor":24.0,"turns":5.0},{"damage":14.0,"enemies":"Slavers","floor":27.0,"turns":4.0},{"damage":0.0,"enemies":"Snecko","floor":28.0,"turns":7.0},{"damage":0.0,"enemies":"Gremlin Leader","floor":31.0,"turns":5.0},{"damage":35.0,"enemies":"Automaton","floor":33.0,"turns":10.0},{"damage":0.0,"enemies":"3 Shapes","floor":35.0,"turns":1.0},{"damage":2.0,"enemies":"3 Darklings","floor":37.0,"turns":4.0},{"damage":7.0,"enemies":"Jaw Worm Horde","floor":39.0,"turns":3.0},{"damage":0.0,"enemies":"4 Shapes","floor":41.0,"turns":4.0},{"damage":20.0,"enemies":"Nemesis","floor":42.0,"turns":7.0},{"damage":0.0,"enemies":"Mind Bloom Boss Battle","floor":45.0,"turns":6.0},{"damage":0,"enemies":"Sphere and 2 Shapes","floor":47,"turns":3},{"damage":71,"enemies":"Time Eater","floor":50,"turns":9}],"seed_played":"4857526346310474127","potions_obtained":[{"floor":5.0,"key":"Poison Potion"},{"floor":10.0,"key":"GamblersBrew"},{"floor":12.0,"key":"Ancient Potion"},{"floor":14.0,"key":"AttackPotion"},{"floor":16.0,"key":"EssenceOfSteel"},{"floor":22.0,"key":"SkillPotion"},{"floor":27.0,"key":"LiquidBronze"},{"floor":31.0,"key":"Block Potion"},{"floor":39.0,"key":"Fire Potion"},{"floor":42.0,"key":"GamblersBrew"},{"floor":45,"key":"FearPotion"}],"is_trial":false,"path_per_floor":["M","?","M","?","M","R","E","R","T","E","R","M","$","E","R","B",null,"M","?","?","$","M","R","E","R","T","E","M","?","?","E","R","B",null,"M","?","M","?","M","R","M","E","T","R","?","$","M","?","R","B",null],"character_chosen":"DEFECT","items_purchased":["PowerPotion","Sweeping Beam","Kunai","Fire Potion","Ice Cream","Shuriken"],"campfire_rested":5,"item_purchase_floors":[13,13,21,21,46,46],"current_hp_per_floor":[68,61,60,60,59,59,41,41,41,49,49,43,43,45,45,32,67,66,16,16,16,28,52,50,74,74,62,64,64,64,66,89,54,80,84,84,86,86,79,97,101,83,83,103,105,105,107,107,107,56],"gold":47,"neow_bonus":"REMOVE_CARD","is_prod":false,"is_daily":false,"chose_seed":false,"campfire_upgraded":4,"win_rate":0,"timestamp":1559596924,"path_taken":["M","?","M","?","M","R","E","R","T","E","R","?","$","E","R","BOSS","M","?","?","$","?","R","E","R","T","E","M","?","?","E","R","BOSS","M","?","?","?","?","R","M","E","T","R","?","$","M","?","R","BOSS"],"build_version":"2019-01-23","purchased_purges":1,"victory":true,"max_hp_per_floor":[75,75,75,75,75,75,75,75,75,75,75,77,77,79,79,79,79,81,83,83,83,83,83,83,83,83,85,87,87,87,89,89,89,89,93,93,97,97,97,97,101,103,103,103,105,105,107,107,107,107],"card_choices":[{"not_picked":["Compile Driver","Rebound"],"picked":"Hologram","floor":1.0},{"not_picked":["Reprogram","Cold Snap"],"picked":"Undo","floor":3.0},{"not_picked":["Beam Cell","Streamline"],"picked":"Conserve Battery","floor":5.0},{"not_picked":["Chill","Streamline"],"picked":"Echo Form","floor":7.0},{"not_picked":["Auto Shields","Beam Cell"],"picked":"Leap","floor":10.0},{"not_picked":["FTL","Cold Snap","Tempest"],"picked":"Singing Bowl","floor":12.0},{"not_picked":["Undo","Leap","Beam Cell"],"picked":"Singing Bowl","floor":14.0},{"not_picked":["Amplify","Reboot"],"picked":"Electrodynamics","floor":16.0},{"not_picked":["Static Discharge","Chaos","Cold Snap"],"picked":"Singing Bowl","floor":18.0},{"not_picked":["Barrage","Glacier+1","Beam Cell+1"],"picked":"Singing Bowl","floor":19.0},{"not_picked":["Lockon","Hologram"],"picked":"Gash+1","floor":22.0},{"not_picked":["Sweeping Beam+1","Auto Shields"],"picked":"Defragment","floor":24.0},{"not_picked":["Barrage","Coolheaded","Skim"],"picked":"Singing Bowl","floor":27.0},{"not_picked":["Redo+1","Darkness"],"picked":"Ball Lightning","floor":28.0},{"not_picked":["Chill+1","Fusion+1","Rebound"],"picked":"Singing Bowl","floor":28.0},{"not_picked":["White Noise","Rebound","Cold Snap"],"picked":"Singing Bowl","floor":31.0},{"not_picked":["Meteor Strike","Rainbow"],"picked":"All For One","floor":33.0},{"not_picked":["Beam Cell+1","Go for the Eyes+1","Chaos"],"picked":"Singing Bowl","floor":35.0},{"not_picked":["Melter","Stack","Hologram+1"],"picked":"Singing Bowl","floor":35.0},{"not_picked":["Undo+1","Seek","Consume"],"picked":"Singing Bowl","floor":37.0},{"not_picked":["Undo+1","Compile Driver+1","Stack+1"],"picked":"Singing Bowl","floor":37.0},{"not_picked":["Lockon","Hologram+1"],"picked":"Conserve Battery+1","floor":39.0},{"not_picked":["Leap","Go for the Eyes+1"],"picked":"Gash+1","floor":39.0},{"not_picked":["Genetic Algorithm","Darkness","Steam Power+1"],"picked":"Singing Bowl","floor":41.0},{"not_picked":["Static Discharge+1","Tempest","Compile Driver"],"picked":"Singing Bowl","floor":41.0},{"not_picked":["Scrape","Double Energy","Beam Cell"],"picked":"Singing Bowl","floor":42.0},{"not_picked":["Force Field+1","Hologram+1","Streamline"],"picked":"Singing Bowl","floor":45},{"not_picked":["Hologram","Melter"],"picked":"Capacitor","floor":47},{"not_picked":["Reprogram+1","Heatsinks","Scrape+1"],"picked":"Singing Bowl","floor":47}],"player_experience":700408,"relics_obtained":[{"floor":7.0,"key":"Singing Bowl"},{"floor":9.0,"key":"Meat on the Bone"},{"floor":10.0,"key":"Gremlin Horn"},{"floor":14.0,"key":"Lantern"},{"floor":19.0,"key":"Red Mask"},{"floor":24.0,"key":"Ornamental Fan"},{"floor":26.0,"key":"Bag of Preparation"},{"floor":27.0,"key":"Prayer Wheel"},{"floor":31.0,"key":"Orichalcum"},{"floor":36.0,"key":"MawBank"},{"floor":42.0,"key":"Omamori"},{"floor":43.0,"key":"Whetstone"},{"floor":45,"key":"Bird Faced Urn"}],"event_choices":[{"cards_removed":["Defend_B"],"damage_healed":0.0,"max_hp_gain":0.0,"max_hp_loss":0.0,"gold_gain":0.0,"event_name":"Golden Wing","player_choice":"Card Removal","floor":2.0,"gold_loss":0.0,"damage_taken":7.0},{"damage_healed":0.0,"max_hp_gain":0.0,"max_hp_loss":0.0,"gold_gain":100.0,"event_name":"Golden Shrine","player_choice":"Pray","floor":4.0,"gold_loss":0.0,"damage_taken":0.0},{"damage_healed":0.0,"max_hp_gain":0.0,"max_hp_loss":0.0,"gold_gain":0.0,"event_name":"Masked Bandits","player_choice":"Fought Bandits","floor":19.0,"gold_loss":0.0,"damage_taken":0.0},{"cards_removed":["Defend_B"],"damage_healed":0.0,"max_hp_gain":0.0,"max_hp_loss":0.0,"gold_gain":0.0,"event_name":"Bonfire Elementals","player_choice":"Offered Basic","floor":20.0,"gold_loss":0.0,"damage_taken":0.0},{"damage_healed":0.0,"max_hp_gain":0.0,"max_hp_loss":0.0,"gold_gain":0.0,"event_name":"Beggar","player_choice":"Ignored","floor":29.0,"gold_loss":0.0,"damage_taken":0.0},{"damage_healed":0.0,"max_hp_gain":0.0,"max_hp_loss":0.0,"gold_gain":0.0,"event_name":"The Library","player_choice":"Read","floor":30.0,"gold_loss":0.0,"damage_taken":0.0,"cards_obtained":["Gash"]},{"damage_healed":0.0,"max_hp_gain":0.0,"max_hp_loss":0.0,"gold_gain":0.0,"event_name":"Wheel of Change","player_choice":"Relic","floor":36.0,"gold_loss":0.0,"damage_taken":0.0},{"damage_healed":0.0,"max_hp_gain":0.0,"max_hp_loss":0.0,"gold_gain":0.0,"event_name":"Duplicator","player_choice":"Copied","floor":38.0,"gold_loss":0.0,"damage_taken":0.0,"cards_obtained":["Conserve Battery"]},{"damage_healed":0.0,"max_hp_gain":0.0,"max_hp_loss":0.0,"gold_gain":0.0,"event_name":"MindBloom","player_choice":"Fight","floor":45.0,"gold_loss":0.0,"damage_taken":0.0},{"cards_removed":["Strike_B"],"damage_healed":0,"gold_gain":0,"player_choice":"Removed Attack","damage_taken":0,"max_hp_gain":0,"max_hp_loss":0,"event_name":"Falling","floor":48,"gold_loss":0}],"is_beta":false,"boss_relics":[{"not_picked":["Orrery","Tiny House"],"picked":"Fusion Hammer"},{"not_picked":["Cursed Key","Coffee Dripper"],"picked":"Lizard Tail"}],"items_purged_floors":[13],"is_endless":false,"potions_floor_spawned":[5,10,12,14,16,22,27,31,39,42,45],"ascension_level":10}