{"gold_per_floor":[109,10,26,39,57,83,83,104,183,183,183,193,193,220,220,318,318,332,350,369,113,127,127,155,155,207,249,281,87,122,133,133,237,237,248,301,301,151,163,163,178,178,178,76,95,111,111,126,126,126],"floor_reached":51,"playtime":7650,"items_purged":["Defend_R","Strike_R","Strike_R","Strike_R","Defend_R"],"score":752,"play_id":"439142ad-370c-4654-8785-dd57d0a1bdb6","local_time":"20180720120737","is_ascension_mode":true,"campfire_choices":[{"data":"Armaments","floor":7,"key":"SMITH"},{"data":"Uppercut","floor":10,"key":"SMITH"},{"data":"Pommel Strike","floor":13,"key":"SMITH"},{"data":"Pommel Strike","floor":15,"key":"SMITH"},{"data":"Shrug It Off","floor":23,"key":"SMITH"},{"data":"Pommel Strike","floor":25,"key":"SMITH"},{"data":"Seeing Red","floor":32,"key":"SMITH"},{"data":"Seeing Red","floor":40,"key":"SMITH"},{"data":"Double Tap","floor":42,"key":"SMITH"},{"data":"Intimidate","floor":47,"key":"SMITH"},{"data":"Inflame","floor":49,"key":"SMITH"}],"neow_cost":"TEN_PERCENT_HP_LOSS","seed_source_timestamp":45038415690271,"circlet_count":0,"master_deck":["Strike_R","Defend_R+1","Bash","Pommel Strike+1","Shrug It Off+1","Headbutt","Armaments+1","Headbutt","Uppercut+1","Pommel Strike+1","Intimidate+1","Impervious+1","Pommel Strike+1","Clash","Feed","Ghostly Armor","Metallicize+1","Seeing Red+1","Inflame+1","Double Tap+1","Seeing Red+1","Intimidate+1","Clash","Clash+1","Headbutt+1"],"relics":["Burning Blood","Ginger","Odd Mushroom","Self Forming Clay","Bag of Preparation","Potion Belt","Coffee Dripper","Ice Cream","MawBank","War Paint","Red Skull","Sozu","Magic Flower","Smiling Mask"],"potions_floor_usage":[6,16,16,30,50,50,50,50,50],"damage_taken":[{"damage":1,"enemies":"Cultist","floor":1,"turns":3},{"damage":5,"enemies":"Small Slimes","floor":3,"turns":4},{"damage":6,"enemies":"Jaw Worm","floor":4,"turns":2},{"damage":3,"enemies":"Red Slaver","floor":5,"turns":5},{"damage":3,"enemies":"Gremlin Nob","floor":6,"turns":3},{"damage":10,"floor":8,"turns":5},{"damage":0,"enemies":"3 Louse","floor":12,"turns":2},{"damage":16,"enemies":"3 Sentries","floor":14,"turns":5},{"damage":30,"enemies":"The Guardian","floor":16,"turns":12},{"damage":0,"enemies":"Shell Parasite","floor":18,"turns":5},{"damage":0,"enemies":"Spheric Guardian","floor":19,"turns":4},{"damage":7,"enemies":"Centurion and Healer","floor":20,"turns":5},{"damage":10,"enemies":"Snake Plant","floor":22,"turns":3},{"damage":9,"enemies":"Book of Stabbing","floor":24,"turns":6},{"damage":8,"enemies":"Gremlin Leader","floor":27,"turns":7},{"damage":2,"enemies":"Snecko","floor":28,"turns":4},{"damage":1,"enemies":"Book of Stabbing","floor":30,"turns":5},{"damage":8,"enemies":"3 Cultists","floor":31,"turns":7},{"damage":62,"enemies":"Collector","floor":33,"turns":10},{"damage":4,"enemies":"Orb Walker","floor":35,"turns":3},{"damage":50,"floor":36,"turns":6},{"damage":0,"enemies":"Flame Bruiser 1 Orb","floor":39,"turns":5},{"damage":6,"enemies":"Sphere and 2 Shapes","floor":41,"turns":5},{"damage":0,"enemies":"Flame Bruiser 2 Orb","floor":45,"turns":4},{"damage":5,"enemies":"4 Shapes","floor":46,"turns":5},{"damage":6,"enemies":"Maw","floor":48,"turns":5},{"damage":56,"enemies":"Awakened One","floor":50,"turns":10}],"seed_played":"591572891947681530","potions_obtained":[{"floor":1,"key":"Fire Potion"},{"floor":3,"key":"Weak Potion"},{"floor":5,"key":"Fire Potion"},{"floor":8,"key":"SteroidPotion"},{"floor":14,"key":"Fruit Juice"},{"floor":18,"key":"LiquidBronze"},{"floor":19,"key":"Fire Potion"},{"floor":22,"key":"SkillPotion"},{"floor":27,"key":"Fire Potion"},{"floor":33,"key":"SteroidPotion"}],"is_trial":false,"path_per_floor":["M","$","M","M","M","E","R","?","T","R","?","M","R","E","R","B",null,"M","M","M","$","M","R","E","R","T","E","M","$","E","M","R","B",null,"M","?","?","$","M","R","M","R","T","$","M","M","R","M","R","B"],"character_chosen":"IRONCLAD","items_purchased":["Shrug It Off","Feed","Inflame","Clash"],"campfire_rested":0,"item_purchase_floors":[2,21,29,44],"current_hp_per_floor":[72,72,72,72,72,72,72,68,68,68,61,67,67,57,57,38,77,77,77,76,76,76,76,76,76,76,78,82,82,91,93,93,37,96,96,52,52,52,66,66,69,69,69,69,84,93,93,102,102,55],"gold":126,"neow_bonus":"REMOVE_TWO","is_prod":false,"is_daily":false,"chose_seed":false,"campfire_upgraded":11,"win_rate":0,"timestamp":1532059657,"path_taken":["M","$","M","?","M","E","R","?","T","R","?","M","R","E","R","BOSS","M","M","M","$","M","R","E","R","T","E","M","$","E","M","R","BOSS","M","?","?","$","M","R","M","R","T","$","M","M","R","M","R","BOSS"],"build_version":"2018-07-19","purchased_purges":5,"victory":true,"max_hp_per_floor":[72,72,72,72,72,72,72,72,72,72,72,72,72,72,72,77,77,77,77,77,77,81,81,84,84,84,88,88,88,92,96,96,96,96,96,96,96,96,99,99,99,99,99,99,103,106,106,110,110,110],"card_choices":[{"not_picked":["Whirlwind","Heavy Blade"],"picked":"Pommel Strike","floor":1},{"not_picked":["Fire Breathing","Combust"],"picked":"Headbutt","floor":3},{"not_picked":["Flex","Shrug It Off"],"picked":"Armaments","floor":4},{"not_picked":["Wild Strike","Sword Boomerang"],"picked":"Headbutt","floor":5},{"not_picked":["Clash","Clothesline"],"picked":"Uppercut","floor":6},{"not_picked":["Thunderclap","Shockwave"],"picked":"Pommel Strike","floor":8},{"not_picked":["Carnage","Wild Strike"],"picked":"Intimidate","floor":12},{"not_picked":["Searing Blow","Twin Strike","True Grit"],"picked":"SKIP","floor":14},{"not_picked":["Bludgeon","Fiend Fire"],"picked":"Impervious","floor":16},{"not_picked":["Carnage","Clash"],"picked":"Pommel Strike","floor":18},{"not_picked":["Entrench","Twin Strike"],"picked":"Clash","floor":19},{"not_picked":["Armaments","Burning Pact","Rupture"],"picked":"SKIP","floor":20},{"not_picked":["True Grit","Clothesline"],"picked":"Ghostly Armor","floor":22},{"not_picked":["Clash","Twin Strike","Reckless Charge+1"],"picked":"SKIP","floor":24},{"not_picked":["Power Through","Warcry"],"picked":"Metallicize+1","floor":27},{"not_picked":["Pummel+1","Second Wind"],"picked":"Seeing Red","floor":28},{"not_picked":["Clothesline","Entrench","Brutality"],"picked":"SKIP","floor":30},{"not_picked":["Feel No Pain","Armaments","Warcry"],"picked":"SKIP","floor":31},{"not_picked":["Demon Form","Impervious"],"picked":"Double Tap","floor":33},{"not_picked":["Heavy Blade+1","Perfected Strike","Clash"],"picked":"SKIP","floor":35},{"not_picked":["Power Through","Twin Strike"],"picked":"Seeing Red","floor":36},{"not_picked":["Combust","Blood for Blood"],"picked":"Intimidate+1","floor":39},{"not_picked":["Ghostly Armor","Second Wind+1","Warcry+1"],"picked":"SKIP","floor":41},{"not_picked":["True Grit","Heavy Blade+1"],"picked":"Clash+1","floor":45},{"not_picked":["True Grit+1","Heavy Blade","Thunderclap"],"picked":"SKIP","floor":46},{"not_picked":["Twin Strike","Clothesline+1"],"picked":"Headbutt+1","floor":48}],"player_experience":159867,"relics_obtained":[{"floor":6,"key":"Ginger"},{"floor":8,"key":"Odd Mushroom"},{"floor":9,"key":"Self Forming Clay"},{"floor":14,"key":"Potion Belt"},{"floor":24,"key":"Ice Cream"},{"floor":26,"key":"MawBank"},{"floor":27,"key":"War Paint"},{"floor":30,"key":"Red Skull"},{"floor":36,"key":"Magic Flower"},{"floor":43,"key":"Smiling Mask"}],"event_choices":[{"event_name":"Mushrooms","player_choice":"Fought Mushrooms","floor":8,"damage_taken":0},{"event_name":"Scrap Ooze","player_choice":"success","floor":11,"damage_taken":7},{"event_name":"Mysterious Sphere","player_choice":"Fight","floor":36,"damage_taken":0},{"event_name":"Tomb of Lord Red Mask","player_choice":"Ignored","floor":37,"damage_taken":0}],"is_beta":false,"boss_relics":[{"not_picked":["Snecko Eye","Tiny House"],"picked":"Coffee Dripper"},{"not_picked":["Philosopher\u0027s Stone","Empty Cage"],"picked":"Sozu"}],"items_purged_floors":[2,21,29,38,44],"is_endless":false,"potions_floor_spawned":[1,3,5,8,14,18,19,22,27,28,33,35,41,45],"ascension_level":1}