{"path_per_floor":["M","?","M","?","$","R","E","R","T","R","M","R","M","M","R","B",null,"M","?","?","$","$","R","?","R","T","R","M","R","$","M","R"],"character_chosen":"THE_SILENT","items_purchased":["Noxious Fumes"],"gold_per_floor":[14,14,28,28,28,28,61,61,85,85,99,99,115,131,131,227,227,247,247,247,100,0,0,0,0,25,25,36,36,36,55,55],"floor_reached":33,"campfire_rested":2,"playtime":1308,"current_hp_per_floor":[63,63,62,67,67,67,30,52,52,52,52,52,42,39,39,31,64,38,38,38,38,38,60,60,60,60,60,60,60,60,49,49],"items_purged":["Strike_G","Strike_G"],"gold":55,"score":313,"play_id":"7175150b-446e-4d23-ba9e-94a62b15893a","is_prod":false,"is_daily":false,"is_ascension_mode":true,"campfire_upgraded":8,"path_taken":["M","?","?","?","$","R","E","R","T","R","M","R","M","?","R","BOSS","M","?","?","?","$","R","?","R","T","R","M","R","$","?","R","BOSS"],"build_version":"2018-02-22-PROD1","purchased_purges":2,"victory":false,"master_deck":["Defend_G","Defend_G","Defend_G+1","Strike_G","Survivor+1","Neutralize+1","Dagger Spray+1","Blur+1","Deadly Poison+1","Quick Slash+1","Noxious Fumes+1","Backflip+1"],"max_hp_per_floor":[70,70,70,75,75,75,75,75,75,75,75,75,75,75,75,75,75,75,75,75,75,75,75,75,75,75,75,75,75,75,75,75],"relics":["Ring of the Snake","Omamori","Sozu","Nloth\u0027s Gift","Regal Pillow"],"card_choices":[{"not_picked":["Outmaneuver","Prepared"],"picked":"Dagger Spray"},{"not_picked":["Terror","Setup"],"picked":"Blur"},{"not_picked":["Sucker Punch","Underhanded Strike"],"picked":"Deadly Poison"},{"not_picked":["PiercingWail","Bane"],"picked":"Quick Slash"},{"not_picked":["Underhanded Strike","Glass Knife"],"picked":"Backflip"}],"player_experience":166743,"potions_floor_usage":[7,7,16],"damage_taken":[{"damage":0,"enemies":"Jaw Worm","floor":1,"turns":6},{"damage":1,"enemies":"2 Louse","floor":3,"turns":3},{"damage":49,"enemies":"Lagavulin","floor":7,"turns":11},{"damage":0,"enemies":"Cultist","floor":11,"turns":3},{"damage":10,"enemies":"Exordium Wildlife","floor":13,"turns":5},{"damage":3,"enemies":"2 Fungi Beasts","floor":14,"turns":3},{"damage":23,"enemies":"The Guardian","floor":16,"turns":11},{"damage":26,"enemies":"Spheric Guardian","floor":18,"turns":6},{"damage":0,"enemies":"3 Byrds","floor":28,"turns":4},{"damage":11,"enemies":"Centurion and Healer","floor":31,"turns":6},{"damage":64,"enemies":"Champ","floor":33,"turns":13}],"event_choices":[{"event_name":"Living Wall","player_choice":"Forget","floor":2,"damage_taken":0},{"event_name":"Big Fish","player_choice":"Donut","floor":4,"damage_taken":0},{"event_name":"N\u0027loth","player_choice":"Traded a Prayer Wheel","floor":19,"damage_taken":0},{"event_name":"Purifier","player_choice":"One Purge","floor":20,"damage_taken":0},{"event_name":"Vampires","player_choice":"Ignored","floor":24,"damage_taken":0}],"boss_relics":[{"not_picked":["Runic Pyramid","Black Star"],"picked":"Sozu"}],"potions_floor_spawned":[1,3,14],"seed_played":"4647273048259135233","killed_by":"Champ","ascension_level":6,"is_trial":false}