{"gold_per_floor":[111,36,47,47,63,63,75,85,108,108,141,141,141,159,159,257,257,274,174,174,273,290,304,323,347,416,416,434,434,309,329,329,329],"floor_reached":33,"playtime":848,"items_purged":["Strike_R","Strike_R","Strike_R"],"score":249,"play_id":"38080ea4-ee6e-4f21-87a0-cd26d31e2d05","local_time":"20180816125531","is_ascension_mode":false,"campfire_choices":[{"data":"Uppercut","floor":6,"key":"SMITH"},{"data":"Cleave","floor":12,"key":"SMITH"},{"data":"Immolate","floor":15,"key":"SMITH"},{"data":"Offering","floor":27,"key":"SMITH"},{"floor":32,"key":"REST"}],"neow_cost":"","seed_source_timestamp":17834518243244,"circlet_count":0,"master_deck":["Strike_R","Strike_R+1","Defend_R","Defend_R+1","Defend_R","Defend_R","Bash","Uppercut+1","Cleave+1","Cleave","Cleave","Immolate+1","Offering+1","Clash+1","Pommel Strike+1"],"relics":["Burning Blood","Oddly Smooth Stone","Art of War","Bag of Preparation","Orichalcum","Lizard Tail","Pen Nib","Darkstone Periapt"],"potions_floor_usage":[11,16,33,33,33],"damage_taken":[{"damage":1,"enemies":"Cultist","floor":1,"turns":4},{"damage":0,"enemies":"Small Slimes","floor":3,"turns":3},{"damage":3,"enemies":"Jaw Worm","floor":5,"turns":4},{"damage":0,"enemies":"2 Fungi Beasts","floor":7,"turns":2},{"damage":7,"enemies":"Looter","floor":8,"turns":3},{"damage":22,"enemies":"Lagavulin","floor":11,"turns":5},{"damage":3,"enemies":"Blue Slaver","floor":14,"turns":3},{"damage":29,"enemies":"The Guardian","floor":16,"turns":9},{"damage":10,"enemies":"Spheric Guardian","floor":18,"turns":3},{"damage":14,"enemies":"2 Thieves","floor":22,"turns":2},{"damage":15,"enemies":"Snake Plant","floor":23,"turns":2},{"damage":13,"enemies":"Chosen and Byrds","floor":24,"turns":5},{"damage":8,"enemies":"Centurion and Healer","floor":28,"turns":5},{"damage":15,"enemies":"Snake Plant","floor":31,"turns":2},{"damage":116,"enemies":"Automaton","floor":33,"turns":12}],"seed_played":"9043749728515124712","potions_obtained":[{"floor":7,"key":"FearPotion"},{"floor":11,"key":"Poison Potion"},{"floor":16,"key":"Ancient Potion"},{"floor":24,"key":"Fire Potion"},{"floor":28,"key":"SteroidPotion"}],"is_trial":false,"path_per_floor":["M","$","M","?","M","R","M","M","T","?","E","R","T","M","R","B",null,"M","$","?","?","M","M","M","T","T","R","M","?","$","M","R"],"character_chosen":"IRONCLAD","items_purchased":[],"campfire_rested":1,"item_purchase_floors":[],"current_hp_per_floor":[80,80,80,64,67,67,73,72,72,65,49,49,49,52,52,29,80,76,76,76,76,68,59,52,52,52,52,50,35,35,26,51,0],"gold":329,"neow_bonus":"","is_prod":false,"is_daily":false,"chose_seed":false,"campfire_upgraded":4,"win_rate":0,"timestamp":1534395331,"path_taken":["M","$","M","?","M","R","M","M","T","?","E","R","?","?","R","BOSS","M","$","?","?","?","M","M","?","T","R","M","?","?","M","R","BOSS"],"build_version":"2018-08-09","purchased_purges":3,"victory":false,"max_hp_per_floor":[80,80,80,80,80,80,80,80,80,80,80,80,80,80,80,80,80,80,80,80,80,80,80,80,80,80,80,80,85,85,85,85,85],"card_choices":[{"not_picked":["Flex","Thunderclap"],"picked":"Uppercut","floor":1},{"not_picked":["Second Wind","Ghostly Armor"],"picked":"Cleave","floor":3},{"not_picked":["Pommel Strike","Anger"],"picked":"Cleave","floor":5},{"not_picked":["Evolve","Iron Wave","Sword Boomerang"],"picked":"SKIP","floor":7},{"not_picked":["Clash","Iron Wave","Perfected Strike"],"picked":"SKIP","floor":8},{"not_picked":["Corruption","Rupture"],"picked":"Cleave","floor":11},{"not_picked":["Havoc","Clothesline"],"picked":"Immolate","floor":14},{"not_picked":["Demon Form","Berserk"],"picked":"Offering","floor":16},{"not_picked":["Hemokinesis","Sword Boomerang","Infernal Blade"],"picked":"SKIP","floor":18},{"not_picked":["Havoc","Body Slam+1","Spot Weakness"],"picked":"SKIP","floor":22},{"not_picked":["Uppercut","Thunderclap"],"picked":"Clash+1","floor":23},{"not_picked":["Sword Boomerang","Wild Strike","Pummel"],"picked":"SKIP","floor":24},{"not_picked":["Reckless Charge+1","Disarm+1"],"picked":"Pommel Strike+1","floor":28},{"not_picked":["Pommel Strike","Entrench","Blood for Blood"],"picked":"SKIP","floor":31}],"player_experience":471801,"relics_obtained":[{"floor":9,"key":"Oddly Smooth Stone"},{"floor":11,"key":"Bag of Preparation"},{"floor":13,"key":"Orichalcum"},{"floor":25,"key":"Pen Nib"},{"floor":26,"key":"Darkstone Periapt"}],"event_choices":[{"event_name":"Shining Light","player_choice":"Entered Light","floor":4,"damage_taken":0},{"event_name":"Scrap Ooze","player_choice":"success","floor":10,"damage_taken":7},{"event_name":"Drug Dealer","player_choice":"Ignored","floor":20,"damage_taken":0},{"event_name":"Nest","player_choice":"Stole From Cult","floor":21,"damage_taken":0},{"event_name":"Forgotten Altar","player_choice":"Shed Blood","floor":29,"damage_taken":0}],"is_beta":false,"boss_relics":[{"not_picked":["Cursed Key","Runic Cube"],"picked":"Lizard Tail"}],"items_purged_floors":[2,19,30],"is_endless":false,"potions_floor_spawned":[7,11,16,24,28],"killed_by":"Automaton","ascension_level":0}