{"gold_per_floor":[111,111,186,201,217,17,17,27,27,27,44,78,78,78,78,173,173,186,202,214,139,150,150,150,150],"floor_reached":25,"playtime":1997,"items_purged":[],"score":203,"play_id":"37a464e6-abbd-46f2-8e4c-e6f6a02015d1","local_time":"20190122194512","is_ascension_mode":false,"campfire_choices":[{"data":"Echo Form","floor":7,"key":"SMITH"},{"data":"Redo","floor":10,"key":"SMITH"},{"data":"Turbo","floor":13,"key":"SMITH"},{"floor":15,"key":"REST"},{"data":"Defragment","floor":23,"key":"SMITH"}],"neow_cost":"NONE","seed_source_timestamp":86261349226500,"circlet_count":0,"master_deck":["Strike_B","Strike_B","Defend_B","Defend_B","Defend_B","Defend_B","Zap+1","Dualcast","Redo+1","Stack","Hello World","Echo Form+1","Turbo+1","Gash","Electrodynamics","Turbo","All For One","Gash","Defragment+1","Gash","Skim","Go for the Eyes","Ball Lightning","Beam Cell","Loop","Steam"],"relics":["Cracked Core","FossilizedHelix","Emotion Chip","Orrery","MutagenicStrength"],"potions_floor_usage":[16,18,20,25,25],"damage_taken":[{"damage":1,"enemies":"Jaw Worm","floor":1,"turns":3},{"damage":5,"enemies":"Small Slimes","floor":4,"turns":3},{"damage":7,"enemies":"2 Louse","floor":5,"turns":3},{"damage":0,"enemies":"Large Slime","floor":8,"turns":4},{"damage":10,"enemies":"Looter","floor":11,"turns":3},{"damage":18,"enemies":"3 Sentries","floor":12,"turns":4},{"damage":3,"enemies":"The Guardian","floor":16,"turns":11},{"damage":19,"enemies":"2 Thieves","floor":18,"turns":5},{"damage":10,"enemies":"Spheric Guardian","floor":19,"turns":4},{"damage":23,"enemies":"Centurion and Healer","floor":20,"turns":4},{"damage":9,"enemies":"Cultist and Chosen","floor":22,"turns":4},{"damage":15,"enemies":"3 Cultists","floor":25,"turns":3}],"seed_played":"-1234160569348868424","potions_obtained":[{"floor":11,"key":"SkillPotion"},{"floor":12,"key":"Block Potion"},{"floor":16,"key":"Dexterity Potion"},{"floor":18,"key":"Dexterity Potion"},{"floor":19,"key":"Poison Potion"},{"floor":22,"key":"GamblersBrew"}],"is_trial":false,"path_per_floor":["M","?","?","M","M","$","R","M","T","R","M","E","R","?","R","B",null,"M","M","M","?","M","R","?","M"],"character_chosen":"DEFECT","items_purchased":["Echo Form","Turbo"],"campfire_rested":1,"item_purchase_floors":[6,6],"current_hp_per_floor":[74,67,56,51,44,44,44,44,44,44,34,16,16,16,38,35,75,56,46,23,23,14,14,14,0],"gold":150,"neow_bonus":"UPGRADE_CARD","is_prod":false,"is_daily":false,"chose_seed":false,"campfire_upgraded":4,"win_rate":0,"timestamp":1548182712,"path_taken":["M","?","?","M","M","?","R","M","T","R","?","E","R","?","R","BOSS","M","M","M","?","M","R","?","M"],"build_version":"2019-01-17v2","purchased_purges":0,"victory":false,"max_hp_per_floor":[75,75,75,75,75,75,75,75,75,75,75,75,75,75,75,75,75,75,75,75,75,75,75,75,75],"card_choices":[{"not_picked":["Stack","Ball Lightning"],"picked":"Redo","floor":1},{"not_picked":["Static Discharge","Redo"],"picked":"Stack","floor":4},{"not_picked":["Aggregate","Genetic Algorithm"],"picked":"Hello World","floor":5},{"not_picked":["Coolheaded","Go for the Eyes"],"picked":"Gash","floor":8},{"not_picked":["Darkness","Hologram"],"picked":"Electrodynamics","floor":11},{"not_picked":["Hello World","Genetic Algorithm"],"picked":"Turbo","floor":12},{"not_picked":["Echo Form","Biased Cognition"],"picked":"All For One","floor":16},{"not_picked":["Redo","Cold Snap"],"picked":"Gash","floor":17},{"not_picked":["Conserve Battery","Blizzard"],"picked":"Defragment","floor":17},{"not_picked":["Compile Driver","Rebound"],"picked":"Gash","floor":17},{"not_picked":["Hologram","Sweeping Beam"],"picked":"Skim","floor":17},{"not_picked":["Glacier","Steam"],"picked":"Go for the Eyes","floor":17},{"not_picked":["Storm","Chaos+1"],"picked":"Ball Lightning","floor":18},{"not_picked":["Auto Shields","Tempest"],"picked":"Beam Cell","floor":19},{"not_picked":["Beam Cell","Reprogram"],"picked":"Loop","floor":20},{"not_picked":["Fusion","Tempest"],"picked":"Steam","floor":22}],"player_experience":64355,"relics_obtained":[{"floor":9,"key":"FossilizedHelix"},{"floor":12,"key":"Emotion Chip"}],"event_choices":[{"cards_removed":["Strike_B"],"damage_healed":0,"gold_gain":0,"player_choice":"Card Removal","damage_taken":7,"max_hp_gain":0,"max_hp_loss":0,"event_name":"Golden Wing","floor":2,"gold_loss":0},{"damage_healed":0,"gold_gain":75,"player_choice":"Gather Gold","damage_taken":11,"max_hp_gain":0,"max_hp_loss":0,"event_name":"World of Goop","floor":3,"gold_loss":0},{"damage_healed":0,"gold_gain":0,"player_choice":"Searched \u00270\u0027 times","damage_taken":0,"max_hp_gain":0,"max_hp_loss":0,"event_name":"Dead Adventurer","floor":14,"gold_loss":0},{"cards_removed":["Strike_B"],"damage_healed":0,"gold_gain":0,"player_choice":"Gave Gold","damage_taken":0,"max_hp_gain":0,"max_hp_loss":0,"event_name":"Beggar","floor":21,"gold_loss":75},{"damage_healed":0,"gold_gain":0,"player_choice":"Inject Mutagens","damage_taken":0,"relics_obtained":["MutagenicStrength"],"max_hp_gain":0,"max_hp_loss":0,"event_name":"Drug Dealer","floor":24,"gold_loss":0}],"is_beta":false,"boss_relics":[{"not_picked":["White Beast Statue","Philosopher\u0027s Stone"],"picked":"Orrery"}],"items_purged_floors":[],"is_endless":false,"potions_floor_spawned":[11,12,16,18,19,22],"killed_by":"3 Cultists","ascension_level":0}