{"gold_per_floor":[111,121,121,121,134,164,164,193,193,193,212,212,230,243,243,317,317,317,317,317,317,87,87,1,1,1,1,1,1,1,1,1,1,1,1,1,0,0,0,0,0],"floor_reached":41,"playtime":1310,"items_purged":[],"score":864,"play_id":"e96b245c-e091-4fd1-9863-8043d4db2aa0","local_time":"20190614011926","is_ascension_mode":true,"campfire_choices":[{"floor":7.0,"key":"REST"},{"data":"Dualcast","floor":10.0,"key":"SMITH"},{"data":"Genetic Algorithm","floor":12.0,"key":"SMITH"},{"data":"Defragment","floor":15.0,"key":"SMITH"},{"floor":23.0,"key":"REST"},{"floor":27.0,"key":"REST"},{"floor":32,"key":"REST"},{"floor":40,"key":"REST"}],"neow_cost":"NONE","seed_source_timestamp":76944356873650,"circlet_count":0,"master_deck":["AscendersBane","Strike_B","Strike_B","Defend_B","Defend_B","Defend_B","Zap+1","Dualcast+1","Ball Lightning","Ball Lightning","Double Energy+1","Genetic Algorithm+1","Defragment+1","Cold Snap","Creative AI","Consume+1","Force Field+1","Capacitor","Capacitor+1","FTL","Seek","Biased Cognition","Recycle"],"special_seed":0,"relics":["Cracked Core","NeowsBlessing","PreservedInsect","Meat on the Bone","Orichalcum","Ectoplasm","ClockworkSouvenir","Anchor","The Courier","War Paint","Nuclear Battery","Red Mask"],"potions_floor_usage":[29,29,31,33,41],"damage_taken":[{"damage":0.0,"enemies":"2 Louse","floor":1.0,"turns":1.0},{"damage":0.0,"enemies":"Small Slimes","floor":2.0,"turns":1.0},{"damage":0.0,"enemies":"Cultist","floor":5.0,"turns":1.0},{"damage":40.0,"enemies":"3 Sentries","floor":6.0,"turns":5.0},{"damage":11.0,"enemies":"Gremlin Nob","floor":8.0,"turns":3.0},{"damage":5.0,"enemies":"Gremlin Gang","floor":11.0,"turns":4.0},{"damage":7.0,"enemies":"Blue Slaver","floor":13.0,"turns":2.0},{"damage":0.0,"enemies":"Exordium Thugs","floor":14.0,"turns":3.0},{"damage":17.0,"enemies":"Hexaghost","floor":16.0,"turns":9.0},{"damage":29.0,"enemies":"Shell Parasite","floor":18.0,"turns":5.0},{"damage":35.0,"enemies":"3 Byrds","floor":19.0,"turns":4.0},{"damage":15.0,"enemies":"Centurion and Healer","floor":21.0,"turns":7.0},{"damage":20.0,"enemies":"Gremlin Leader","floor":25.0,"turns":6.0},{"damage":27.0,"enemies":"Snake Plant","floor":28.0,"turns":4.0},{"damage":4,"enemies":"Slavers","floor":29,"turns":4},{"damage":11,"enemies":"Snecko","floor":30,"turns":5},{"damage":0,"enemies":"Centurion and Healer","floor":31,"turns":5},{"damage":1,"enemies":"Collector","floor":33,"turns":6},{"damage":50,"enemies":"3 Darklings","floor":35,"turns":4},{"damage":16,"enemies":"Orb Walker","floor":39,"turns":4},{"damage":45,"enemies":"Reptomancer","floor":41,"turns":3}],"seed_played":"-7570642814665251705","potions_obtained":[{"floor":6.0,"key":"Ancient Potion"},{"floor":8.0,"key":"SkillPotion"},{"floor":13.0,"key":"Swift Potion"},{"floor":16.0,"key":"FocusPotion"},{"floor":30,"key":"SkillPotion"},{"floor":31,"key":"Explosive Potion"},{"floor":39,"key":"SkillPotion"}],"is_trial":false,"path_per_floor":["M","M","?","?","M","E","R","E","T","R","M","R","M","M","R","B",null,"M","M","?","M","$","R","$","E","T","R","M","E","M","M","R","B",null,"M","$","?","?","M","R","E"],"character_chosen":"DEFECT","items_purchased":["ClockworkSouvenir","Capacitor"],"campfire_rested":5,"item_purchase_floors":[22,24],"current_hp_per_floor":[64,64,64,64,64,24,45,34,34,34,41,41,46,46,46,41,64,47,24,24,21,21,42,42,34,34,55,40,36,37,37,58,57,68,30,30,30,20,16,37,0],"gold":0,"neow_bonus":"THREE_ENEMY_KILL","is_prod":false,"is_daily":false,"chose_seed":false,"campfire_upgraded":3,"win_rate":0,"timestamp":1560446366,"path_taken":["M","M","?","?","?","E","R","E","T","R","M","R","?","M","R","BOSS","M","M","?","M","$","R","?","E","T","R","M","E","?","M","R","BOSS","M","$","?","?","?","R","E"],"build_version":"2019-01-23","purchased_purges":0,"victory":false,"max_hp_per_floor":[71,71,71,71,71,71,71,71,71,71,71,71,71,71,71,71,71,71,71,71,71,71,71,71,71,71,71,71,71,71,71,71,71,71,71,71,71,71,71,71,71],"card_choices":[{"not_picked":["Beam Cell","Hologram"],"picked":"Ball Lightning","floor":1.0},{"not_picked":["Turbo","Leap"],"picked":"Ball Lightning","floor":2.0},{"not_picked":["Leap","Redo"],"picked":"Double Energy","floor":5.0},{"not_picked":["Go for the Eyes","Fusion","Steam"],"picked":"SKIP","floor":6.0},{"not_picked":["Aggregate","Machine Learning"],"picked":"Genetic Algorithm","floor":8.0},{"not_picked":["Streamline","Leap","Rebound"],"picked":"SKIP","floor":11.0},{"not_picked":["Streamline","Glacier"],"picked":"Defragment","floor":13.0},{"not_picked":["Hologram","Ball Lightning"],"picked":"Cold Snap","floor":14.0},{"not_picked":["Multi-Cast","Seek"],"picked":"Creative AI","floor":16.0},{"not_picked":["Redo","Rebound"],"picked":"Consume+1","floor":18.0},{"not_picked":["Auto Shields","Steam","Sweeping Beam"],"picked":"SKIP","floor":19.0},{"not_picked":["BootSequence","Reinforced Body"],"picked":"Force Field+1","floor":21.0},{"not_picked":["Sweeping Beam","Rebound"],"picked":"Capacitor+1","floor":25.0},{"not_picked":["Skim","Hologram"],"picked":"FTL","floor":28.0},{"not_picked":["BootSequence","Compile Driver+1"],"picked":"Seek","floor":29},{"not_picked":["Go for the Eyes","Genetic Algorithm","Consume"],"picked":"SKIP","floor":30},{"not_picked":["Stack","Leap","Darkness"],"picked":"SKIP","floor":31},{"not_picked":["Meteor Strike","Rainbow"],"picked":"Biased Cognition","floor":33},{"not_picked":["Redo","Conserve Battery","Compile Driver"],"picked":"SKIP","floor":35},{"not_picked":["Turbo","Streamline+1"],"picked":"Recycle","floor":39}],"player_experience":672453,"relics_obtained":[{"floor":6.0,"key":"PreservedInsect"},{"floor":8.0,"key":"Meat on the Bone"},{"floor":9.0,"key":"Orichalcum"},{"floor":25.0,"key":"Anchor"},{"floor":26.0,"key":"The Courier"},{"floor":29,"key":"War Paint"}],"event_choices":[{"cards_removed":["Strike_B"],"damage_healed":0.0,"max_hp_gain":0.0,"max_hp_loss":0.0,"gold_gain":0.0,"event_name":"Living Wall","player_choice":"Forget","floor":3.0,"gold_loss":0.0,"damage_taken":0.0},{"cards_removed":["Defend_B"],"damage_healed":0.0,"max_hp_gain":0.0,"max_hp_loss":0.0,"gold_gain":0.0,"event_name":"Bonfire Elementals","player_choice":"Offered Basic","floor":4.0,"gold_loss":0.0,"damage_taken":0.0},{"cards_removed":["Strike_B"],"damage_healed":0.0,"max_hp_gain":0.0,"max_hp_loss":0.0,"gold_gain":0.0,"event_name":"Purifier","player_choice":"Purged","floor":20.0,"gold_loss":0.0,"damage_taken":0.0},{"damage_healed":0,"gold_gain":0,"player_choice":"Paid","damage_taken":0,"relics_obtained":["Red Mask"],"max_hp_gain":0,"max_hp_loss":0,"event_name":"Tomb of Lord Red Mask","floor":37,"gold_loss":1},{"damage_healed":0,"gold_gain":0,"player_choice":"Damaged","damage_taken":10,"max_hp_gain":0,"max_hp_loss":0,"event_name":"Wheel of Change","floor":38,"gold_loss":0}],"is_beta":false,"boss_relics":[{"not_picked":["FrozenCore","Coffee Dripper"],"picked":"Ectoplasm"},{"not_picked":["Sozu","Fusion Hammer"],"picked":"Nuclear Battery"}],"items_purged_floors":[],"is_endless":false,"potions_floor_spawned":[6,8,13,16,19,25,30,31,39],"killed_by":"Reptomancer","ascension_level":19}