{"gold_per_floor":[119,119,135,135,150,190,190,14,14,35,59,59,170,191,191,312,312,333,349,424,324,339,382,382,416,466,499,499,522,543,586,586,712,712,725,725,725,745,763,763,797,797,797,836,854,892,42,42,42,42],"floor_reached":51,"playtime":4452,"items_purged":["Strike_G","Defend_G","Injury"],"score":1010,"play_id":"0fca5d26-9b0d-4606-947b-6af718e6c1bb","local_time":"20190530025052","is_ascension_mode":true,"campfire_choices":[{"data":"Catalyst","floor":7,"key":"SMITH"},{"data":"Backflip","floor":12,"key":"SMITH"},{"data":"Deadly Poison","floor":15,"key":"SMITH"},{"data":"Corpse Explosion","floor":24,"key":"SMITH"},{"data":"Prepared","floor":32,"key":"SMITH"},{"data":"Crippling Poison","floor":40,"key":"SMITH"},{"data":"Bouncing Flask","floor":42,"key":"SMITH"},{"data":"Deadly Poison","floor":49,"key":"SMITH"}],"neow_cost":"NONE","seed_source_timestamp":266395229288599,"circlet_count":0,"master_deck":["Defend_G","Defend_G","Strike_G","Strike_G","Strike_G","Survivor","Neutralize","Poisoned Stab+1","Catalyst+1","Backflip+1","Poisoned Stab+1","Prepared+1","Prepared","Backstab+1","Deadly Poison+1","Bane+1","Corpse Explosion+1","Dash+1","Noxious Fumes+1","Adrenaline+1","Doppelganger","Bane+1","Noxious Fumes+1","Noxious Fumes+1","Wraith Form v2+1","Deadly Poison+1","Noxious Fumes+1","Flying Knee+1","Underhanded Strike+1","Prepared","Outmaneuver+1","Bandage Up","Magnetism+1","Panache+1","Crippling Poison+1","Bouncing Flask+1","Poisoned Stab+1","All Out Attack+1","Well Laid Plans+1","Predator+1","Metamorphosis+1"],"relics":["Ring of the Snake","NeowsBlessing","Golden Idol","Molten Egg 2","Paper Crane","Tiny Chest","Astrolabe","Bag of Preparation","Lantern","Happy Flower","Frozen Egg 2","Vajra","Orrery","Peace Pipe","Gambling Chip","Ancient Tea Set","Toxic Egg 2","Pen Nib","Sling","Boot","Meat on the Bone"],"potions_floor_usage":[41,44,50],"damage_taken":[{"damage":0,"enemies":"Jaw Worm","floor":1,"turns":1},{"damage":0,"enemies":"Cultist","floor":3,"turns":1},{"damage":0,"enemies":"2 Louse","floor":5,"turns":1},{"damage":29,"enemies":"Lagavulin","floor":6,"turns":7},{"damage":5,"enemies":"Large Slime","floor":10,"turns":5},{"damage":0,"enemies":"2 Fungi Beasts","floor":11,"turns":3},{"damage":9,"enemies":"Lagavulin Event","floor":13,"turns":4},{"damage":6,"enemies":"Exordium Thugs","floor":14,"turns":3},{"damage":91,"enemies":"Slime Boss","floor":16,"turns":12},{"damage":10,"enemies":"Spheric Guardian","floor":18,"turns":3},{"damage":1,"enemies":"Shell Parasite","floor":19,"turns":3},{"damage":31,"enemies":"Centurion and Healer","floor":22,"turns":3},{"damage":33,"enemies":"Gremlin Leader","floor":23,"turns":4},{"damage":0,"enemies":"Slavers","floor":25,"turns":1},{"damage":0,"enemies":"Book of Stabbing","floor":27,"turns":2},{"damage":8,"enemies":"Snake Plant","floor":29,"turns":2},{"damage":0,"enemies":"Snecko","floor":30,"turns":2},{"damage":0,"enemies":"Gremlin Leader","floor":31,"turns":2},{"damage":27,"enemies":"Champ","floor":33,"turns":5},{"damage":0,"enemies":"3 Darklings","floor":35,"turns":2},{"damage":32,"enemies":"3 Shapes","floor":38,"turns":3},{"damage":8,"enemies":"Jaw Worm Horde","floor":39,"turns":2},{"damage":0,"enemies":"Reptomancer","floor":41,"turns":3},{"damage":13,"enemies":"Giant Head","floor":44,"turns":4},{"damage":3,"enemies":"4 Shapes","floor":45,"turns":2},{"damage":27,"enemies":"Reptomancer","floor":46,"turns":3},{"damage":85,"enemies":"Awakened One","floor":50,"turns":9}],"seed_played":"4511165502809507509","potions_obtained":[{"floor":10,"key":"LiquidBronze"},{"floor":11,"key":"SteroidPotion"},{"floor":23,"key":"Ancient Potion"},{"floor":27,"key":"Poison Potion"},{"floor":46,"key":"FearPotion"}],"is_trial":false,"path_per_floor":["M","?","M","?","M","E","R","$","T","M","M","R","?","M","R","B",null,"M","M","?","$","M","E","R","E","T","E","?","M","M","E","R","B",null,"M","?","T","M","M","R","E","R","T","E","M","E","$","T","R","B",null],"character_chosen":"THE_SILENT","items_purchased":["Poison Potion","Prepared","Pen Nib","Metamorphosis+1","Sling","Boot","SkillPotion"],"campfire_rested":0,"item_purchase_floors":[8,8,47,47,47,47,47],"current_hp_per_floor":[70,70,70,70,70,41,41,41,41,36,36,36,27,21,21,35,70,60,59,52,52,21,23,23,23,23,23,23,15,15,15,15,38,70,70,60,60,32,28,28,32,32,32,23,24,172,172,172,172,26],"gold":42,"neow_bonus":"THREE_ENEMY_KILL","is_prod":false,"is_daily":false,"chose_seed":false,"campfire_upgraded":8,"win_rate":0,"timestamp":1559177452,"path_taken":["M","?","?","?","M","E","R","$","T","M","M","R","?","M","R","BOSS","M","M","?","?","M","E","R","E","T","E","?","M","M","E","R","BOSS","M","?","?","M","M","R","E","R","T","E","M","E","?","?","R","BOSS"],"build_version":"2019-01-23","purchased_purges":3,"victory":true,"max_hp_per_floor":[70,70,70,70,70,70,70,70,70,70,70,70,70,70,70,70,70,70,70,70,70,70,70,70,70,70,70,70,70,70,70,70,70,70,70,70,70,70,70,70,70,70,70,70,70,70,70,70,70,70],"card_choices":[{"not_picked":["Sucker Punch","Slice"],"picked":"Poisoned Stab","floor":1},{"not_picked":["Blur","Prepared"],"picked":"Catalyst","floor":3},{"not_picked":["Caltrops","Heel Hook"],"picked":"Backflip","floor":5},{"not_picked":["After Image","Underhanded Strike"],"picked":"Poisoned Stab","floor":6},{"not_picked":["Sucker Punch+1","Terror"],"picked":"Prepared","floor":10},{"not_picked":["Slice+1","Blade Dance"],"picked":"Backstab+1","floor":11},{"not_picked":["Underhanded Strike+1","Flechettes+1"],"picked":"Deadly Poison","floor":13},{"not_picked":["Sucker Punch+1","Slice+1"],"picked":"Bane+1","floor":14},{"not_picked":["A Thousand Cuts","Phantasmal Killer"],"picked":"Corpse Explosion","floor":16},{"not_picked":["Dagger Throw+1","Calculated Gamble","Slice+1"],"picked":"SKIP","floor":18},{"not_picked":["Skewer+1","Acrobatics","Dagger Throw+1"],"picked":"SKIP","floor":19},{"not_picked":["Eviscerate+1","Choke+1","Predator+1"],"picked":"SKIP","floor":22},{"not_picked":["Dash+1","Quick Slash+1"],"picked":"Doppelganger","floor":23},{"not_picked":["Eviscerate+1","Prepared"],"picked":"Bane+1","floor":25},{"not_picked":["Slice+1","Eviscerate+1","Prepared"],"picked":"SKIP","floor":27},{"not_picked":["Flying Knee+1","Slice+1","Night Terror"],"picked":"SKIP","floor":29},{"not_picked":["Slice+1","Endless Agony+1"],"picked":"Noxious Fumes+1","floor":30},{"not_picked":["Masterful Stab+1","Finisher+1","Dagger Spray+1"],"picked":"SKIP","floor":31},{"not_picked":["Venomology","Malaise"],"picked":"Wraith Form v2+1","floor":33},{"not_picked":["Backflip","Sucker Punch+1"],"picked":"Deadly Poison","floor":34},{"not_picked":["PiercingWail","Dodge and Roll"],"picked":"Noxious Fumes+1","floor":34},{"not_picked":["Underhanded Strike+1","PiercingWail+1"],"picked":"Flying Knee+1","floor":34},{"not_picked":["Footwork+1","Blade Dance+1"],"picked":"Underhanded Strike+1","floor":34},{"not_picked":["PiercingWail","Accuracy+1"],"picked":"Prepared","floor":34},{"not_picked":["Infinite Blades+1","Sucker Punch+1"],"picked":"Outmaneuver+1","floor":35},{"not_picked":["Good Instincts","Blind"],"picked":"Bandage Up","floor":36},{"not_picked":["Mind Blast+1","Bandage Up"],"picked":"Magnetism+1","floor":36},{"not_picked":["Good Instincts","Flash of Steel+1"],"picked":"Panache+1","floor":36},{"not_picked":["Prepared+1","Deflect+1"],"picked":"Crippling Poison","floor":38},{"not_picked":["Dodge and Roll","Outmaneuver"],"picked":"Bouncing Flask","floor":39},{"not_picked":["Dagger Spray+1","PiercingWail"],"picked":"Poisoned Stab+1","floor":41},{"not_picked":["Prepared+1","Terror"],"picked":"All Out Attack+1","floor":44},{"not_picked":["Acrobatics","Cloak And Dagger+1"],"picked":"Well Laid Plans+1","floor":45},{"not_picked":["Flechettes+1","Backflip+1"],"picked":"Predator+1","floor":46}],"player_experience":158692,"relics_obtained":[{"floor":6,"key":"Molten Egg 2"},{"floor":9,"key":"Paper Crane"},{"floor":13,"key":"Tiny Chest"},{"floor":23,"key":"Bag of Preparation"},{"floor":25,"key":"Lantern"},{"floor":26,"key":"Happy Flower"},{"floor":27,"key":"Frozen Egg 2"},{"floor":31,"key":"Vajra"},{"floor":41,"key":"Peace Pipe"},{"floor":43,"key":"Gambling Chip"},{"floor":44,"key":"Ancient Tea Set"},{"floor":46,"key":"Toxic Egg 2"},{"floor":48,"key":"Meat on the Bone"}],"event_choices":[{"damage_healed":0,"gold_gain":0,"player_choice":"Upgraded","damage_taken":0,"max_hp_gain":0,"max_hp_loss":0,"event_name":"Upgrade Shrine","floor":2,"gold_loss":0,"cards_upgraded":["Poisoned Stab"]},{"damage_healed":0,"gold_gain":0,"player_choice":"Take Wound","damage_taken":0,"relics_obtained":["Golden Idol"],"max_hp_gain":0,"max_hp_loss":0,"event_name":"Golden Idol","floor":4,"gold_loss":0,"cards_obtained":["Injury"]},{"damage_healed":0,"gold_gain":0,"player_choice":"Searched \u00272\u0027 times","damage_taken":0,"max_hp_gain":0,"max_hp_loss":0,"event_name":"Dead Adventurer","floor":13,"gold_loss":0},{"damage_healed":0,"gold_gain":75,"player_choice":"Touch","damage_taken":7,"max_hp_gain":0,"max_hp_loss":0,"event_name":"FaceTrader","floor":20,"gold_loss":0},{"damage_healed":0,"gold_gain":0,"player_choice":"Read","damage_taken":0,"max_hp_gain":0,"max_hp_loss":0,"event_name":"The Library","floor":28,"gold_loss":0,"cards_obtained":["Noxious Fumes"]},{"damage_healed":0,"gold_gain":0,"player_choice":"Memory 3","damage_taken":10,"max_hp_gain":0,"max_hp_loss":0,"event_name":"SensoryStone","floor":36,"gold_loss":0}],"is_beta":false,"boss_relics":[{"not_picked":["Fusion Hammer","Runic Dome"],"picked":"Astrolabe"},{"not_picked":["Busted Crown","Snecko Eye"],"picked":"Orrery"}],"items_purged_floors":[8,21,47],"is_endless":false,"potions_floor_spawned":[10,11,13,14,22,23,27,29,31,33,35,39,46],"ascension_level":1}