{"path_per_floor":["M","?","M","M","$","E","R","M","T","R","M","?","R","M","R","B",null,"M","M","$","M","$"],"character_chosen":"DEFECT","items_purchased":["Chill","Bronze Scales","Reinforced Body","Juzu Bracelet","Meat on the Bone","Stack"],"gold_per_floor":[366,366,381,399,180,206,206,218,242,242,256,356,356,366,366,461,461,472,483,297,316,30,30],"floor_reached":23,"campfire_rested":1,"playtime":830,"current_hp_per_floor":[66,66,65,55,55,37,37,33,33,33,27,27,27,25,45,32,59,57,45,45,13,13,0],"items_purged":[],"gold":30,"score":299,"play_id":"c686429f-88c3-4e76-a926-9fcd2a23a8b8","local_time":"20180501163046","is_prod":false,"is_daily":false,"chose_seed":false,"is_ascension_mode":true,"campfire_upgraded":3,"timestamp":1525210246,"path_taken":["M","?","M","M","$","E","R","?","T","R","M","?","R","M","R","BOSS","M","M","$","M","$","E"],"build_version":"2018-04-30","seed_source_timestamp":362609372139511,"purchased_purges":0,"victory":false,"master_deck":["Strike_B","Strike_B","Strike_B","Strike_B","Defend_B","Defend_B","Defend_B","Defend_B","Zap+1","Dualcast","AscendersBane","Barrage+1","Barrage+1","Sweeping Beam","Chill","Recycle","Cold Snap","Go for the Eyes","Sweeping Beam","Rainbow","Ball Lightning","Glacier","Reinforced Body","Cold Snap","Stack"],"max_hp_per_floor":[68,68,68,68,68,68,68,68,68,68,68,68,68,68,68,68,68,68,68,68,68,68,68],"relics":["Cracked Core","Bronze Scales","Bag of Marbles","DataDisk","Sozu","Juzu Bracelet","Meat on the Bone"],"card_choices":[{"not_picked":["Coolheaded","Skim"],"picked":"Barrage","floor":1},{"not_picked":["Turbo","Impulse"],"picked":"Barrage","floor":3},{"not_picked":["Stack","Coolheaded"],"picked":"Sweeping Beam","floor":4},{"not_picked":["Reprogram","Impulse"],"picked":"Recycle","floor":6},{"not_picked":["Impulse","Doom and Gloom"],"picked":"Cold Snap","floor":8},{"not_picked":["Meteor Strike","Coolheaded"],"picked":"Go for the Eyes","floor":11},{"not_picked":["Force Field","Barrage"],"picked":"Sweeping Beam","floor":14},{"not_picked":["Hyperbeam","Fission"],"picked":"Rainbow","floor":16},{"not_picked":["Go for the Eyes","Coolheaded"],"picked":"Ball Lightning","floor":18},{"not_picked":["Double Energy","Axe Kick"],"picked":"Glacier","floor":19},{"not_picked":["Streamline","Axe Kick"],"picked":"Cold Snap","floor":21}],"player_experience":137083,"potions_floor_usage":[6,16,21],"damage_taken":[{"damage":2,"enemies":"2 Louse","floor":1,"turns":4},{"damage":1,"enemies":"Cultist","floor":3,"turns":4},{"damage":10,"enemies":"Small Slimes","floor":4,"turns":3},{"damage":18,"enemies":"3 Sentries","floor":6,"turns":6},{"damage":4,"enemies":"Looter","floor":8,"turns":2},{"damage":6,"enemies":"Exordium Thugs","floor":11,"turns":2},{"damage":2,"enemies":"Gremlin Gang","floor":14,"turns":3},{"damage":13,"enemies":"Hexaghost","floor":16,"turns":9},{"damage":2,"enemies":"Shell Parasite","floor":18,"turns":4},{"damage":12,"enemies":"Chosen","floor":19,"turns":2},{"damage":32,"enemies":"Slaver and Parasite","floor":21,"turns":6},{"damage":21,"enemies":"Gremlin Leader","floor":23,"turns":2}],"event_choices":[{"event_name":"The Lab","player_choice":"Got Potions","floor":2,"damage_taken":0},{"event_name":"Golden Shrine","player_choice":"Pray","floor":12,"damage_taken":0}],"boss_relics":[{"not_picked":["Pandora\u0027s Box","Runic Dome"],"picked":"Sozu"}],"potions_floor_spawned":[1,3,4,18,21],"seed_played":"5041085981705969982","killed_by":"Gremlin Leader","ascension_level":11,"is_trial":false}