{"gold_per_floor":[19,19,37,37,53,53,81,106,106,121,134,134,168,179,179,280,280,295,312,312,262,291,291,291,291,291,291,291,305,305],"floor_reached":30,"playtime":1394,"items_purged":["Strike_R"],"score":310,"play_id":"4930aa49-92ac-4686-901a-c7e97b6b51c4","local_time":"20180810175014","is_ascension_mode":true,"campfire_choices":[{"data":"Bash","floor":6,"key":"SMITH"},{"data":"Immolate","floor":12,"key":"SMITH"},{"floor":15,"key":"REST"},{"data":"Searing Blow","floor":23,"key":"SMITH"},{"data":"Searing Blow+1","floor":25,"key":"SMITH"},{"data":"Searing Blow+2","floor":27,"key":"SMITH"}],"neow_cost":"NO_GOLD","seed_source_timestamp":381832417122098,"circlet_count":0,"master_deck":["Strike_R","Strike_R+1","Strike_R+1","Strike_R","Defend_R","Defend_R","Defend_R","Defend_R","Bash+1","Searing Blow+3","Metallicize","Immolate+1","Pommel Strike"],"relics":["Burning Blood","Champion Belt","StoneCalendar","Odd Mushroom","Smiling Mask","Art of War","Busted Crown","Red Mask","Molten Egg 2","Juzu Bracelet"],"potions_floor_usage":[7,14,16,16,24,24,30],"damage_taken":[{"damage":7,"enemies":"Jaw Worm","floor":1,"turns":3},{"damage":0,"enemies":"Small Slimes","floor":3,"turns":3},{"damage":4,"enemies":"Cultist","floor":5,"turns":3},{"damage":23,"enemies":"Lagavulin","floor":7,"turns":6},{"damage":37,"floor":8,"turns":5},{"damage":0,"enemies":"Large Slime","floor":10,"turns":4},{"damage":4,"enemies":"3 Louse","floor":11,"turns":2},{"damage":22,"enemies":"Gremlin Nob","floor":13,"turns":4},{"damage":3,"enemies":"Lots of Slimes","floor":14,"turns":2},{"damage":39,"enemies":"Hexaghost","floor":16,"turns":10},{"damage":40,"enemies":"Shell Parasite","floor":18,"turns":6},{"damage":4,"enemies":"Chosen","floor":19,"turns":3},{"damage":0,"floor":22,"turns":2},{"damage":29,"enemies":"Gremlin Leader","floor":24,"turns":5},{"damage":23,"enemies":"Snake Plant","floor":29,"turns":3},{"damage":16,"enemies":"Slavers","floor":30,"turns":1}],"seed_played":"7141569133017575647","potions_obtained":[{"floor":1,"key":"EssenceOfSteel"},{"floor":8,"key":"SpeedPotion"},{"floor":10,"key":"Energy Potion"},{"floor":14,"key":"Swift Potion"},{"floor":18,"key":"SneckoOil"},{"floor":20,"key":"Explosive Potion"},{"floor":20,"key":"SmokeBomb"},{"floor":20,"key":"FearPotion"},{"floor":29,"key":"FearPotion"}],"is_trial":false,"path_per_floor":["M","?","M","$","M","R","E","?","T","M","M","R","E","M","R","B",null,"M","M","?","$","?","R","E","R","T","R","T","M"],"character_chosen":"IRONCLAD","items_purchased":[],"campfire_rested":1,"item_purchase_floors":[],"current_hp_per_floor":[79,63,69,69,71,71,54,23,23,29,31,31,15,18,42,9,80,46,48,48,48,54,54,31,31,31,31,31,14,0],"gold":305,"neow_bonus":"ONE_RARE_RELIC","is_prod":false,"is_daily":false,"chose_seed":false,"campfire_upgraded":5,"win_rate":0,"timestamp":1533894614,"path_taken":["M","?","M","$","M","R","E","?","T","M","M","R","E","M","R","BOSS","M","M","?","$","?","R","E","R","T","R","?","M","E"],"build_version":"2018-08-09","purchased_purges":1,"victory":false,"max_hp_per_floor":[80,80,80,80,80,80,80,80,80,80,80,80,80,80,80,80,80,80,80,80,80,80,80,80,80,80,80,80,80,80],"card_choices":[{"not_picked":["Wild Strike","Feel No Pain"],"picked":"Searing Blow","floor":1},{"not_picked":["Sentinel","Twin Strike","Headbutt"],"picked":"SKIP","floor":3},{"not_picked":["Intimidate","Twin Strike","Headbutt"],"picked":"SKIP","floor":5},{"not_picked":["Rage","Intimidate","Burning Pact"],"picked":"SKIP","floor":7},{"not_picked":["Heavy Blade","Anger"],"picked":"Metallicize","floor":8},{"not_picked":["Warcry","Sword Boomerang"],"picked":"Immolate","floor":10},{"not_picked":["Heavy Blade","Cleave","Warcry"],"picked":"SKIP","floor":11},{"not_picked":["Flex","Shockwave","Perfected Strike"],"picked":"SKIP","floor":13},{"not_picked":["Dual Wield","Bludgeon","Hemokinesis"],"picked":"SKIP","floor":14},{"not_picked":["Pummel"],"picked":"SKIP","floor":18},{"not_picked":[],"picked":"Pommel Strike","floor":19},{"not_picked":["Twin Strike+1"],"picked":"SKIP","floor":29}],"player_experience":334843,"relics_obtained":[{"floor":7,"key":"StoneCalendar"},{"floor":8,"key":"Odd Mushroom"},{"floor":9,"key":"Smiling Mask"},{"floor":13,"key":"Art of War"},{"floor":22,"key":"Red Mask"},{"floor":26,"key":"Molten Egg 2"},{"floor":28,"key":"Juzu Bracelet"}],"event_choices":[{"event_name":"Shining Light","player_choice":"Entered Light","floor":2,"damage_taken":0},{"event_name":"Mushrooms","player_choice":"Fought Mushrooms","floor":8,"damage_taken":0},{"event_name":"The Lab","player_choice":"Got Potions","floor":20,"damage_taken":0},{"event_name":"Masked Bandits","player_choice":"Fought Bandits","floor":22,"damage_taken":0}],"is_beta":false,"boss_relics":[{"not_picked":["Astrolabe","Philosopher\u0027s Stone"],"picked":"Busted Crown"}],"items_purged_floors":[21],"is_endless":false,"potions_floor_spawned":[1,8,10,14,18,29],"killed_by":"Slavers","ascension_level":4}