{"gold_per_floor":[114,129,129,54,68,88,119,135,204,219,29,49,49,66,66,66],"floor_reached":16,"playtime":684,"items_purged":["Corruption","Strike_R"],"score":191,"play_id":"914b2d58-4db6-4325-a1a2-1349b9d426ca","local_time":"20190103094140","is_ascension_mode":true,"campfire_choices":[{"data":"Whirlwind","floor":13,"key":"SMITH"},{"data":"Defend_R","floor":15,"key":"SMITH"}],"neow_cost":"NONE","seed_source_timestamp":333475792333644,"circlet_count":0,"master_deck":["AscendersBane","Strike_R","Strike_R","Strike_R","Defend_R+1","Defend_R","Defend_R","Defend_R","Bash+1","Whirlwind+1","Dropkick","Sword Boomerang","Twin Strike","Bandage Up"],"relics":["Burning Blood","Orichalcum","Matryoshka"],"potions_floor_usage":[2,12,14],"damage_taken":[{"damage":9,"enemies":"Jaw Worm","floor":1,"turns":3},{"damage":6,"enemies":"Cultist","floor":2,"turns":3},{"damage":15,"enemies":"2 Louse","floor":5,"turns":2},{"damage":16,"enemies":"Looter","floor":6,"turns":4},{"damage":24,"enemies":"Gremlin Nob","floor":7,"turns":4},{"damage":1,"enemies":"2 Fungi Beasts","floor":8,"turns":3},{"damage":0,"enemies":"Lots of Slimes","floor":10,"turns":1},{"damage":25,"enemies":"Exordium Wildlife","floor":12,"turns":5},{"damage":2,"enemies":"Large Slime","floor":14,"turns":4},{"damage":60,"enemies":"Hexaghost","floor":16,"turns":11}],"seed_played":"3944369115709731584","potions_obtained":[{"floor":1,"key":"SteroidPotion"},{"floor":2,"key":"FairyPotion"},{"floor":8,"key":"Fire Potion"},{"floor":12,"key":"Regen Potion"}],"is_trial":false,"path_per_floor":["M","M","?","$","M","M","E","M","T","M","$","M","R","M","R","B"],"character_chosen":"IRONCLAD","items_purchased":["Bandage Up"],"campfire_rested":0,"item_purchase_floors":[11],"current_hp_per_floor":[65,65,65,65,56,46,28,33,33,39,39,24,24,44,44,0],"gold":66,"neow_bonus":"UPGRADE_CARD","is_prod":false,"is_daily":false,"chose_seed":false,"campfire_upgraded":2,"win_rate":0,"timestamp":1546479700,"path_taken":["M","M","?","$","M","M","E","M","T","?","?","?","R","M","R","BOSS"],"build_version":"2018-12-20","purchased_purges":2,"victory":false,"max_hp_per_floor":[75,75,75,75,75,75,75,75,75,75,75,75,75,75,75,75],"card_choices":[{"not_picked":["Corruption","Sever Soul"],"picked":"Whirlwind","floor":1},{"not_picked":["Warcry","Clothesline"],"picked":"Dropkick","floor":2},{"not_picked":["Whirlwind","Searing Blow","Clash"],"picked":"SKIP","floor":5},{"not_picked":["Anger","Clothesline"],"picked":"Sword Boomerang","floor":6},{"not_picked":["Headbutt","Rupture"],"picked":"Twin Strike","floor":7},{"not_picked":["Fire Breathing","Feel No Pain","Twin Strike"],"picked":"SKIP","floor":8},{"not_picked":["Body Slam","Cleave","Barricade"],"picked":"SKIP","floor":10},{"not_picked":["Anger","Armaments","Havoc"],"picked":"SKIP","floor":12},{"not_picked":["Cleave","Armaments","Entrench"],"picked":"SKIP","floor":14}],"player_experience":648518,"relics_obtained":[{"floor":7,"key":"Orichalcum"},{"floor":9,"key":"Matryoshka"}],"event_choices":[{"damage_healed":0,"gold_gain":0,"cards_transformed":["Strike_R"],"player_choice":"Transformed","damage_taken":0,"max_hp_gain":0,"max_hp_loss":0,"event_name":"Transmorgrifier","floor":3,"gold_loss":0,"cards_obtained":["Corruption"]}],"is_beta":false,"boss_relics":[],"items_purged_floors":[4,11],"is_endless":false,"potions_floor_spawned":[1,2,8,10,12],"killed_by":"Hexaghost","ascension_level":16}