{"gold_per_floor":[119,119,119,45,55,55,68,68,119,10,44,44,60,91,91,189,189,206,8,8,20,51,63],"floor_reached":23,"playtime":1585,"items_purged":[],"score":207,"play_id":"f09dd4ca-7e62-4a16-99df-9e85d87a97a4","local_time":"20190122060041","is_ascension_mode":true,"campfire_choices":[{"data":"Defragment","floor":6,"key":"SMITH"},{"data":"All For One","floor":8,"key":"SMITH"},{"data":"Self Repair","floor":12,"key":"SMITH"},{"data":"Loop","floor":15,"key":"SMITH"}],"neow_cost":"NONE","seed_source_timestamp":37201162591200,"circlet_count":0,"master_deck":["Strike_B","Strike_B","Strike_B","Defend_B","Defend_B+1","Defend_B","Defend_B","Zap+1","Dualcast+1","Skim","Defragment+1","Chill","All For One+1","Regret","Genetic Algorithm","Self Repair+1","Leap","Hologram","Loop+1","Multi-Cast","FTL","Shame","FTL"],"relics":["Cursed Key","WingedGreaves","War Paint","Cables","Pantograph","Inserter","Medical Kit","MawBank"],"potions_floor_usage":[22,23],"damage_taken":[{"damage":2,"enemies":"2 Louse","floor":1,"turns":2},{"damage":0,"enemies":"Cultist","floor":5,"turns":4},{"damage":4,"enemies":"Jaw Worm","floor":7,"turns":4},{"damage":10,"enemies":"3 Sentries","floor":11,"turns":8},{"damage":7,"enemies":"Large Slime","floor":13,"turns":5},{"damage":7,"enemies":"Lagavulin","floor":14,"turns":5},{"damage":38,"enemies":"Hexaghost","floor":16,"turns":9},{"damage":8,"enemies":"Spheric Guardian","floor":18,"turns":4},{"damage":31,"enemies":"Chosen","floor":22,"turns":7},{"damage":54,"enemies":"Slavers","floor":23,"turns":4}],"seed_played":"-4446608761190839237","potions_obtained":[{"floor":1,"key":"EssenceOfSteel"},{"floor":14,"key":"Swift Potion"},{"floor":16,"key":"Ancient Potion"},{"floor":18,"key":"FearPotion"}],"is_trial":false,"path_per_floor":["M","?","?","$","M","R","M","R","T","$","E","R","M","E","R","B",null,"M","$","?","?","M","E"],"character_chosen":"DEFECT","items_purchased":["Defragment","Genetic Algorithm","Self Repair","Medical Kit"],"campfire_rested":0,"item_purchase_floors":[4,10,10,19],"current_hp_per_floor":[73,61,61,61,61,61,57,57,57,57,54,54,57,60,60,47,75,75,75,75,75,54,0],"gold":63,"neow_bonus":"BOSS_RELIC","is_prod":false,"is_daily":false,"chose_seed":false,"campfire_upgraded":4,"win_rate":0,"timestamp":1548133241,"path_taken":["M","?","?","$","M","R","?","R","T","?","E","R","M","E","R","BOSS","M","$","?","?","M","E"],"build_version":"2019-01-17v2","purchased_purges":0,"victory":false,"max_hp_per_floor":[75,75,75,75,75,75,75,75,75,75,75,75,75,75,75,75,75,75,75,75,75,75,75],"card_choices":[{"not_picked":["Scrape","Recycle"],"picked":"Skim","floor":1},{"not_picked":["Barrage","Conserve Battery"],"picked":"Chill","floor":5},{"not_picked":["Compile Driver","Rebound"],"picked":"All For One","floor":7},{"not_picked":["Capacitor","Rebound"],"picked":"Leap","floor":11},{"not_picked":["Chaos","Darkness"],"picked":"Hologram","floor":13},{"not_picked":["Sunder","Chaos"],"picked":"Loop","floor":14},{"not_picked":["Thunder Strike","Echo Form"],"picked":"Multi-Cast","floor":16},{"not_picked":["Coolheaded","Rebound"],"picked":"FTL","floor":18},{"not_picked":["Cold Snap+1","Undo"],"picked":"FTL","floor":22}],"player_experience":50523,"relics_obtained":[{"floor":9,"key":"War Paint"},{"floor":11,"key":"Cables"},{"floor":14,"key":"Pantograph"}],"event_choices":[{"damage_healed":0,"gold_gain":0,"player_choice":"Success","damage_taken":12,"relics_obtained":["WingedGreaves"],"max_hp_gain":0,"max_hp_loss":0,"event_name":"Scrap Ooze","floor":2,"gold_loss":0},{"damage_healed":0,"gold_gain":0,"player_choice":"Forge","damage_taken":0,"max_hp_gain":0,"max_hp_loss":0,"event_name":"Accursed Blacksmith","floor":3,"gold_loss":0,"cards_upgraded":["Zap"]},{"damage_healed":0,"gold_gain":0,"player_choice":"Stole Relic","damage_taken":0,"relics_obtained":["MawBank"],"max_hp_gain":0,"max_hp_loss":0,"event_name":"Addict","floor":20,"gold_loss":0,"cards_obtained":["Shame"]},{"cards_removed":["Strike_B"],"damage_healed":0,"gold_gain":0,"player_choice":"Purged","damage_taken":0,"max_hp_gain":0,"max_hp_loss":0,"event_name":"Purifier","floor":21,"gold_loss":0}],"is_beta":false,"boss_relics":[{"not_picked":["Lizard Tail","Coffee Dripper"],"picked":"Inserter"}],"items_purged_floors":[],"is_endless":false,"potions_floor_spawned":[1,14,16,18],"killed_by":"Slavers","ascension_level":1}