{"gold_per_floor":[144,189,189,166,211,301,346,391,391,436,526,526,526,571,571,871,871,916,916,916,916,362,362,407,452,452,452,542,542,632,677,677,977,977,1022,1072,1117,537,582,582,672,672,697,747,797,842,887,932,932,932],"floor_reached":50,"playtime":7498,"items_purged":["Sadistic Nature","Regret"],"score":799,"play_id":"4a444dfc-cc9e-46a6-a216-2a7a2e372a3f","local_time":"20180717201042","daily_mods":["Allstar","Midas","Night Terrors"],"is_ascension_mode":false,"campfire_choices":[{"floor":12,"key":"REST"},{"floor":15,"key":"DIG"},{"floor":23,"key":"DIG"},{"floor":29,"key":"DIG"},{"floor":32,"key":"DIG"},{"floor":40,"key":"REST"},{"floor":42,"key":"DIG"},{"floor":49,"key":"DIG"}],"neow_cost":"","seed_source_timestamp":155851936066914,"circlet_count":0,"master_deck":["Defend_G","Defend_G","Defend_G","Defend_G","Strike_G","Strike_G","Strike_G","Strike_G","Strike_G","Survivor","Neutralize","Secret Technique","Secret Technique+1","Panacea","Panache","Prepared","Dagger Throw","Flying Knee","Prepared","Dagger Spray","Blur","Infinite Blades","Masterful Stab","Adrenaline+1","Parasite","Clumsy","Prepared","RitualDagger","Mind Blast","Master of Strategy","Backstab","Flying Knee+1","Deadly Poison+1","Finisher+1","Slice","Die Die Die","Distraction+1","Slice","Backstab","Finisher","Underhanded Strike","Slice","Sucker Punch+1","Malaise","Outmaneuver"],"special_seed":17729,"relics":["Ring of the Snake","Mercury Hourglass","Question Card","Bronze Scales","Shovel","Ninja Scroll","Calling Bell","Lantern","Gremlin Horn","Gambling Chip","Bag of Marbles","Blood Vial","War Paint","Vajra","Pen Nib","SsserpentHead","Strawberry","Darkstone Periapt","Ancient Tea Set","Empty Cage","Pantograph","Centennial Puzzle","Boot","Bottled Lightning","Omamori","Ornamental Fan"],"potions_floor_usage":[],"damage_taken":[{"damage":1,"enemies":"Jaw Worm","floor":1,"turns":6},{"damage":0,"enemies":"2 Louse","floor":2,"turns":4},{"damage":0,"enemies":"Cultist","floor":5,"turns":4},{"damage":28,"enemies":"3 Sentries","floor":6,"turns":9},{"damage":0,"enemies":"Gremlin Gang","floor":7,"turns":1},{"damage":3,"enemies":"Blue Slaver","floor":8,"turns":3},{"damage":0,"enemies":"Large Slime","floor":10,"turns":4},{"damage":20,"enemies":"Gremlin Nob","floor":11,"turns":4},{"damage":6,"enemies":"3 Louse","floor":14,"turns":2},{"damage":44,"enemies":"The Guardian","floor":16,"turns":8},{"damage":1,"enemies":"Chosen","floor":18,"turns":3},{"damage":0,"enemies":"Spheric Guardian","floor":24,"turns":1},{"damage":0,"enemies":"Snecko","floor":25,"turns":1},{"damage":0,"enemies":"Gremlin Leader","floor":28,"turns":2},{"damage":7,"enemies":"Book of Stabbing","floor":30,"turns":2},{"damage":0,"enemies":"Chosen and Byrds","floor":31,"turns":2},{"damage":14,"enemies":"Collector","floor":33,"turns":3},{"damage":7,"enemies":"3 Shapes","floor":35,"turns":3},{"damage":28,"floor":36,"turns":4},{"damage":0,"enemies":"Flame Bruiser 1 Orb","floor":37,"turns":1},{"damage":24,"enemies":"Transient","floor":39,"turns":5},{"damage":18,"enemies":"Nemesis","floor":41,"turns":2},{"damage":0,"enemies":"Spire Growth","floor":46,"turns":1},{"damage":3,"enemies":"Sphere and 2 Shapes","floor":47,"turns":1},{"damage":7,"enemies":"Maw","floor":48,"turns":5},{"damage":72,"enemies":"Time Eater","floor":50,"turns":6}],"seed_played":"-6709258171721631228","potions_obtained":[{"floor":7,"key":"SpeedPotion"},{"floor":8,"key":"AttackPotion"},{"floor":10,"key":"SkillPotion"},{"floor":11,"key":"Explosive Potion"},{"floor":41,"key":"EssenceOfSteel"}],"is_trial":false,"path_per_floor":["M","M","?","?","M","E","M","M","T","M","E","R","T","M","R","B",null,"M","?","?","T","$","R","M","M","T","?","E","R","E","M","R","B",null,"M","?","M","$","M","R","E","R","T","?","?","M","M","M","R"],"character_chosen":"THE_SILENT","items_purchased":["Blood Vial","Master of Strategy","War Paint","Pantograph","Centennial Puzzle","Finisher"],"campfire_rested":2,"item_purchase_floors":[22,22,22,38,38,38],"current_hp_per_floor":[69,69,74,74,74,46,46,43,43,43,23,70,70,64,64,20,70,69,63,49,49,49,49,51,53,53,53,62,62,57,59,59,47,77,70,44,46,46,24,72,54,54,54,54,72,72,69,64,64,0],"gold":932,"neow_bonus":"","is_prod":false,"is_daily":true,"chose_seed":false,"campfire_upgraded":0,"win_rate":0.0,"timestamp":1531829442,"path_taken":["M","M","?","?","?","E","M","?","T","M","E","R","?","M","R","BOSS","M","?","?","?","$","R","M","M","T","?","E","R","E","M","R","BOSS","M","?","M","$","M","R","E","R","T","?","?","M","M","M","R","BOSS"],"build_version":"2018-07-12","purchased_purges":2,"victory":false,"max_hp_per_floor":[70,70,75,75,75,75,75,75,75,75,75,70,70,70,70,70,70,70,70,70,70,70,70,70,70,70,70,77,77,77,77,77,77,77,77,77,77,77,77,72,72,72,72,72,72,72,72,72,72,72],"card_choices":[{"not_picked":["Acrobatics","Dash"],"picked":"Prepared","floor":1},{"not_picked":["Sucker Punch","Bane"],"picked":"Dagger Throw","floor":2},{"not_picked":["Reflex","Malaise"],"picked":"Flying Knee","floor":5},{"not_picked":["Storm of Steel","Slice"],"picked":"Prepared","floor":6},{"not_picked":["Prepared","Malaise"],"picked":"Dagger Spray","floor":7},{"not_picked":["Heel Hook","Quick Slash"],"picked":"Blur","floor":8},{"not_picked":["All Out Attack","Riddle With Holes","Acrobatics"],"picked":"Infinite Blades","floor":10},{"not_picked":["Malaise","Predator","Noxious Fumes"],"picked":"Masterful Stab","floor":11},{"not_picked":["Dodge and Roll","PiercingWail","Endless Agony"],"picked":"Masterful Stab","floor":14},{"not_picked":["Burst","Envenom","Unload"],"picked":"Adrenaline","floor":16},{"not_picked":["Expertise","Masterful Stab","Acrobatics"],"picked":"Prepared","floor":18},{"not_picked":["Prepared","Setup","Distraction"],"picked":"Backstab","floor":24},{"not_picked":["Flechettes","Backflip","Escape Plan+1"],"picked":"Flying Knee+1","floor":25},{"not_picked":["Endless Agony","Predator+1","Storm of Steel"],"picked":"Deadly Poison+1","floor":28},{"not_picked":["Acrobatics","Crippling Poison","Flying Knee"],"picked":"Finisher","floor":30},{"not_picked":["Dagger Throw","Quick Slash+1","Deadly Poison+1"],"picked":"Slice","floor":31},{"not_picked":["Bullet Time","Burst","Phantasmal Killer"],"picked":"Die Die Die","floor":33},{"not_picked":["Flechettes+1","Outmaneuver","Bane+1"],"picked":"Distraction+1","floor":35},{"not_picked":["Masterful Stab","Dagger Spray","Bane+1"],"picked":"Slice","floor":36},{"not_picked":["Poisoned Stab+1","Outmaneuver+1","Underhanded Strike"],"picked":"Backstab","floor":37},{"not_picked":["Accuracy+1","Reflex","Cloak And Dagger"],"picked":"Underhanded Strike","floor":39},{"not_picked":["Tools of the Trade","Quick Slash+1","Bullet Time"],"picked":"Slice","floor":41},{"not_picked":["Flying Knee+1","Deadly Poison","Deflect+1"],"picked":"Sucker Punch+1","floor":46},{"not_picked":["Flying Knee+1","Outmaneuver","Setup"],"picked":"Malaise","floor":47},{"not_picked":["Blade Dance+1","Backstab","Accuracy"],"picked":"Outmaneuver","floor":48}],"player_experience":3288,"relics_obtained":[{"floor":6,"key":"Mercury Hourglass"},{"floor":9,"key":"Question Card"},{"floor":11,"key":"Bronze Scales"},{"floor":13,"key":"Shovel"},{"floor":15,"key":"Ninja Scroll"},{"floor":17,"key":"Lantern"},{"floor":17,"key":"Gremlin Horn"},{"floor":17,"key":"Gambling Chip"},{"floor":21,"key":"Bag of Marbles"},{"floor":23,"key":"Vajra"},{"floor":26,"key":"Pen Nib"},{"floor":28,"key":"Strawberry"},{"floor":29,"key":"Darkstone Periapt"},{"floor":30,"key":"Ancient Tea Set"},{"floor":41,"key":"Boot"},{"floor":42,"key":"Bottled Lightning"},{"floor":43,"key":"Omamori"},{"floor":49,"key":"Ornamental Fan"}],"event_choices":[{"event_name":"Big Fish","player_choice":"Donut","floor":3,"damage_taken":0},{"event_name":"World of Goop","player_choice":"Left","floor":4,"damage_taken":0},{"event_name":"Nest","player_choice":"Joined the Cult","floor":19,"damage_taken":0},{"event_name":"Knowing Skull","player_choice":"CARD ","floor":20,"damage_taken":0},{"event_name":"FaceTrader","player_choice":"Trade","floor":27,"damage_taken":0},{"event_name":"MindBloom","player_choice":"Fight","floor":36,"damage_taken":0},{"event_name":"Upgrade Shrine","player_choice":"Upgraded","floor":44,"damage_taken":0},{"event_name":"Winding Halls","player_choice":"Writhe","floor":45,"damage_taken":0}],"boss_relics":[{"not_picked":["Eternal Feather","Orrery"],"picked":"Calling Bell"},{"not_picked":["Cursed Key","Runic Dome"],"picked":"Empty Cage"}],"items_purged_floors":[22,38],"is_endless":false,"potions_floor_spawned":[7,8,10,11,24,25,31,36,39,41,46],"killed_by":"Time Eater","ascension_level":0}