{"gold_per_floor":[116,78,93,93,105,130,147,147,147,166,193,193,224,240,240,341,341,353,242,242,157,157,157,188,203,228,228,257,257,269,284,284,388,388,403,421,438,457,472,472],"floor_reached":40,"playtime":3224,"items_purged":["Strike_B"],"score":500,"play_id":"c9a8cc90-d944-4fd4-ab36-384d297c03d3","local_time":"20190516174355","is_ascension_mode":false,"campfire_choices":[{"data":"Lockon","floor":8.0,"key":"SMITH"},{"data":"Defragment","floor":12.0,"key":"SMITH"},{"data":"Zap","floor":15.0,"key":"SMITH"},{"data":"1","floor":23.0,"key":"LIFT"},{"data":"2","floor":27.0,"key":"LIFT"},{"data":"3","floor":29.0,"key":"LIFT"},{"data":"Defragment","floor":32.0,"key":"SMITH"}],"neow_cost":"TEN_PERCENT_HP_LOSS","seed_source_timestamp":0,"circlet_count":0,"master_deck":["Defend_B","Defend_B","Defend_B","Defend_B","Zap+1","Dualcast","Self Repair","Genetic Algorithm","Iron Wave","Lockon+1","Leap","Conserve Battery","Ball Lightning","FTL","Defragment+1","Leap","Echo Form","Stack+1","Defragment+1","White Noise","Zap","Coolheaded","Leap+1","Coolheaded+1","Go for the Eyes+1","Stack+1","Stack","Rainbow","Rip and Tear+1","Electrodynamics","Hologram+1","Barrage+1","Stack+1","Stack+1","Stack+1"],"special_seed":0,"relics":["Cracked Core","Prayer Wheel","Gremlin Horn","Bottled Tornado","Ginger","Sozu","Girya","Nunchaku","Dream Catcher","Ornamental Fan","Inserter"],"potions_floor_usage":[],"damage_taken":[{"damage":0.0,"enemies":"2 Louse","floor":1.0,"turns":3.0},{"damage":0.0,"enemies":"Cultist","floor":3.0,"turns":4.0},{"damage":0.0,"enemies":"Jaw Worm","floor":5.0,"turns":5.0},{"damage":36.0,"enemies":"Lagavulin","floor":6.0,"turns":7.0},{"damage":0.0,"enemies":"Large Slime","floor":7.0,"turns":6.0},{"damage":2.0,"enemies":"2 Fungi Beasts","floor":10.0,"turns":4.0},{"damage":10.0,"enemies":"3 Sentries","floor":11.0,"turns":5.0},{"damage":4.0,"enemies":"Gremlin Nob","floor":13.0,"turns":4.0},{"damage":8.0,"enemies":"Gremlin Gang","floor":14.0,"turns":4.0},{"damage":15.0,"enemies":"The Guardian","floor":16.0,"turns":11.0},{"damage":1.0,"enemies":"3 Byrds","floor":18.0,"turns":4.0},{"damage":20.0,"enemies":"Book of Stabbing","floor":24.0,"turns":5.0},{"damage":6.0,"enemies":"Spheric Guardian","floor":25.0,"turns":4.0},{"damage":23.0,"enemies":"Slavers","floor":28.0,"turns":5.0},{"damage":1.0,"enemies":"Chosen and Byrds","floor":30.0,"turns":4.0},{"damage":12.0,"enemies":"Snake Plant","floor":31.0,"turns":3.0},{"damage":28.0,"enemies":"Automaton","floor":33.0,"turns":14.0},{"damage":17.0,"enemies":"3 Shapes","floor":35.0,"turns":5.0},{"damage":3.0,"enemies":"3 Darklings","floor":36.0,"turns":6.0},{"damage":8,"enemies":"Maw","floor":37,"turns":7},{"damage":7,"enemies":"Transient","floor":38,"turns":5},{"damage":11,"enemies":"3 Darklings","floor":39,"turns":6},{"damage":58,"enemies":"Reptomancer","floor":40,"turns":5}],"seed_played":"6508898860556892971","potions_obtained":[{"floor":1.0,"key":"FocusPotion"},{"floor":3.0,"key":"Fire Potion"},{"floor":11.0,"key":"EssenceOfSteel"},{"floor":16.0,"key":"Weak Potion"}],"is_trial":false,"path_per_floor":["M","$","M","?","M","E","M","R","T","M","E","R","E","M","R","B",null,"M","$","?","?","?","R","E","M","T","R","E","R","M","M","R","B",null,"M","M","M","M","M","E"],"character_chosen":"DEFECT","items_purchased":["Genetic Algorithm","Defragment"],"campfire_rested":0,"item_purchase_floors":[2,19],"current_hp_per_floor":[68,68,68,68,68,39,46,46,46,51,48,48,51,50,50,42,68,68,68,68,68,68,68,55,56,56,56,47,47,46,34,34,13,68,58,62,61,61,57,0],"gold":472,"neow_bonus":"REMOVE_TWO","is_prod":false,"is_daily":false,"chose_seed":false,"campfire_upgraded":4,"win_rate":0,"timestamp":1558043035,"path_taken":["M","$","M","?","?","E","M","R","T","M","E","R","E","M","R","BOSS","M","$","?","?","?","R","E","M","T","R","E","R","M","M","R","BOSS","M","M","M","M","?","E"],"build_version":"2019-01-23","purchased_purges":1,"victory":false,"max_hp_per_floor":[68,68,68,68,68,68,68,68,68,68,68,68,68,68,68,68,68,68,68,68,68,68,68,68,68,68,68,68,68,68,68,68,68,68,68,68,68,68,68,68],"card_choices":[{"not_picked":["Capacitor","Stack"],"picked":"Self Repair","floor":1.0},{"not_picked":["Streamline","Turbo","Heatsinks"],"picked":"SKIP","floor":3.0},{"not_picked":["Static Discharge","Hologram"],"picked":"Lockon","floor":5.0},{"not_picked":["Chill","Ball Lightning"],"picked":"Leap","floor":6.0},{"not_picked":["Loop","Chaos"],"picked":"Conserve Battery","floor":7.0},{"not_picked":["Leap","Hologram"],"picked":"Ball Lightning","floor":7.0},{"not_picked":["Redo","Genetic Algorithm"],"picked":"FTL","floor":10.0},{"not_picked":["Fusion","Cold Snap"],"picked":"Defragment","floor":10.0},{"not_picked":["Skim","Scrape","Steam"],"picked":"SKIP","floor":11.0},{"not_picked":["Thunder Strike","Go for the Eyes"],"picked":"Leap","floor":13.0},{"not_picked":["Leap","Rebound","Steam Power"],"picked":"SKIP","floor":14.0},{"not_picked":["Leap","Beam Cell","Steam"],"picked":"SKIP","floor":14.0},{"not_picked":["Rainbow","Buffer"],"picked":"Echo Form","floor":16.0},{"not_picked":["Steam Power+1","Leap"],"picked":"Stack+1","floor":18.0},{"not_picked":["Scrape","Beam Cell","Genetic Algorithm+1"],"picked":"SKIP","floor":18.0},{"not_picked":["Streamline","Blizzard"],"picked":"Coolheaded","floor":24.0},{"not_picked":["Auto Shields","Loop"],"picked":"Leap+1","floor":25.0},{"not_picked":["Storm","Compile Driver","Cold Snap"],"picked":"SKIP","floor":25.0},{"not_picked":["Conserve Battery","Undo","Steam Power+1"],"picked":"SKIP","floor":28.0},{"not_picked":["Gash","Sunder"],"picked":"Coolheaded+1","floor":30.0},{"not_picked":["Turbo+1","Scrape"],"picked":"Go for the Eyes+1","floor":30.0},{"not_picked":["BootSequence+1","Gash"],"picked":"Stack+1","floor":31.0},{"not_picked":["Leap+1","Auto Shields"],"picked":"Stack","floor":31.0},{"not_picked":["Multi-Cast","Thunder Strike"],"picked":"Rainbow","floor":33.0},{"not_picked":["Conserve Battery","Rebound+1"],"picked":"Rip and Tear+1","floor":35.0},{"not_picked":["Turbo+1","Streamline+1","Redo"],"picked":"SKIP","floor":35.0},{"not_picked":["Go for the Eyes","Stack"],"picked":"Electrodynamics","floor":36},{"not_picked":["Conserve Battery","Steam+1"],"picked":"Hologram+1","floor":36},{"not_picked":["Hologram+1","Conserve Battery+1"],"picked":"Barrage+1","floor":37},{"not_picked":["Steam","Double Energy","Coolheaded"],"picked":"SKIP","floor":37},{"not_picked":["Double Energy","Sunder+1"],"picked":"Stack+1","floor":38},{"not_picked":["Conserve Battery+1","Leap+1"],"picked":"Stack+1","floor":38},{"not_picked":["Rebound","Force Field"],"picked":"Stack+1","floor":39},{"not_picked":["Buffer","Leap+1","Sweeping Beam"],"picked":"SKIP","floor":39}],"player_experience":590136,"relics_obtained":[{"floor":6.0,"key":"Prayer Wheel"},{"floor":9.0,"key":"Gremlin Horn"},{"floor":11.0,"key":"Bottled Tornado"},{"floor":13.0,"key":"Ginger"},{"floor":24.0,"key":"Nunchaku"},{"floor":26.0,"key":"Dream Catcher"},{"floor":28.0,"key":"Ornamental Fan"}],"event_choices":[{"cards_removed":["Strike_B"],"damage_healed":0.0,"max_hp_gain":0.0,"max_hp_loss":0.0,"gold_gain":0.0,"event_name":"NoteForYourself","player_choice":"Took Card","floor":4.0,"gold_loss":0.0,"damage_taken":0.0,"cards_obtained":["Iron Wave"]},{"damage_healed":0.0,"max_hp_gain":0.0,"max_hp_loss":0.0,"gold_gain":0.0,"event_name":"The Library","player_choice":"Read","floor":20.0,"gold_loss":0.0,"damage_taken":0.0,"cards_obtained":["White Noise"]},{"damage_healed":0.0,"max_hp_gain":0.0,"max_hp_loss":0.0,"gold_gain":0.0,"event_name":"Addict","player_choice":"Obtained Relic","floor":21.0,"gold_loss":85.0,"damage_taken":0.0,"relics_obtained":["Girya"]},{"damage_healed":0.0,"max_hp_gain":0.0,"max_hp_loss":0.0,"gold_gain":0.0,"event_name":"Match and Keep!","player_choice":"1 cards matched","floor":22.0,"gold_loss":0.0,"damage_taken":0.0,"cards_obtained":["Zap"]}],"is_beta":false,"boss_relics":[{"not_picked":["Cursed Key","Ectoplasm"],"picked":"Sozu"},{"not_picked":["Nuclear Battery","Empty Cage"],"picked":"Inserter"}],"items_purged_floors":[19],"is_endless":false,"potions_floor_spawned":[1,3,11,16,18,24,25,31,33,36,38,39],"killed_by":"Reptomancer","ascension_level":0}