{"path_per_floor":["M","?","?","M","$","E","R","M","T","R","?","M","?","M","R","B",null,"M","M","M","M","M"],"character_chosen":"DEFECT","items_purchased":[],"gold_per_floor":[14,14,14,27,27,57,57,75,75,75,101,116,116,130,130,231,231,248,264,284,298,315,315],"floor_reached":23,"campfire_rested":1,"playtime":1306,"current_hp_per_floor":[61,61,61,60,60,27,49,46,46,46,43,30,27,26,26,15,60,60,55,45,41,12,0],"items_purged":[],"gold":315,"score":302,"play_id":"d0e88465-2d40-4260-b100-7fbfadc61445","local_time":"20180501224354","is_prod":false,"is_daily":false,"chose_seed":false,"is_ascension_mode":true,"campfire_upgraded":2,"timestamp":1525232634,"path_taken":["M","?","?","M","$","E","R","M","T","R","?","M","?","M","R","BOSS","M","?","?","?","M","E"],"build_version":"2018-05-01","seed_source_timestamp":384524279753719,"purchased_purges":0,"victory":false,"master_deck":["Strike_B","Strike_B","Strike_B","Strike_B","Defend_B","Defend_B","Defend_B","Zap+1","Dualcast","AscendersBane","Sweeping Beam","Ball Lightning+1","Sweeping Beam","Go for the Eyes","Stack","Leap","Echo Form+1","Barrage+1","Stack","Ball Lightning+1","Skim","Cold Snap"],"max_hp_per_floor":[75,75,75,75,75,75,75,75,75,75,75,75,75,75,75,75,75,75,75,75,75,75,75],"relics":["Cracked Core","Ginger","Thread and Needle","Frozen Egg 2","Odd Mushroom","Ancient Tea Set","Runic Dome"],"card_choices":[{"not_picked":["Beam Cell","Doom and Gloom"],"picked":"Sweeping Beam","floor":4},{"not_picked":["Seek","Beam Cell"],"picked":"Ball Lightning","floor":6},{"not_picked":["Turbo","Impulse"],"picked":"Sweeping Beam","floor":8},{"not_picked":["Streamline","Beam Cell"],"picked":"Go for the Eyes","floor":11},{"not_picked":["Axe Kick","Cold Snap"],"picked":"Stack","floor":12},{"not_picked":["Turbo","Skim"],"picked":"Leap","floor":14},{"not_picked":["Amplify","Prime"],"picked":"Echo Form","floor":16},{"not_picked":["Heatsinks","Lockon"],"picked":"Barrage","floor":18},{"not_picked":["Barrage","Double Energy"],"picked":"Stack","floor":19},{"not_picked":["Capacitor","Consume"],"picked":"Ball Lightning","floor":20},{"not_picked":["Coolheaded","Blizzard"],"picked":"Skim","floor":21},{"not_picked":["Skim","Streamline"],"picked":"Cold Snap","floor":22}],"player_experience":140047,"potions_floor_usage":[11,16,16,21],"damage_taken":[{"damage":7,"enemies":"Jaw Worm","floor":1,"turns":3},{"damage":1,"enemies":"Cultist","floor":4,"turns":4},{"damage":33,"enemies":"3 Sentries","floor":6,"turns":6},{"damage":3,"enemies":"2 Louse","floor":8,"turns":3},{"damage":3,"enemies":"The Mushroom Lair","floor":11,"turns":3},{"damage":13,"enemies":"Exordium Thugs","floor":12,"turns":4},{"damage":1,"enemies":"2 Fungi Beasts","floor":14,"turns":3},{"damage":23,"enemies":"Hexaghost","floor":16,"turns":11},{"damage":0,"enemies":"Shell Parasite","floor":18,"turns":5},{"damage":5,"enemies":"3 Byrds","floor":19,"turns":4},{"damage":10,"enemies":"Centurion and Healer","floor":20,"turns":7},{"damage":4,"enemies":"Snake Plant","floor":21,"turns":3},{"damage":29,"enemies":"Cultist and Chosen","floor":22,"turns":5},{"damage":16,"enemies":"Gremlin Leader","floor":23,"turns":6}],"event_choices":[{"event_name":"Bonfire Elementals","player_choice":"BASIC","floor":2,"damage_taken":0},{"event_name":"The Cleric","player_choice":"Leave","floor":3,"damage_taken":0},{"event_name":"Mushrooms","player_choice":"Fought Mushrooms","floor":11,"damage_taken":0},{"event_name":"Scrap Ooze","player_choice":"success","floor":13,"damage_taken":3}],"boss_relics":[{"not_picked":["White Beast Statue","Ectoplasm"],"picked":"Runic Dome"}],"potions_floor_spawned":[8,12,14,18],"seed_played":"-5385523656958792144","killed_by":"Gremlin Leader","ascension_level":11,"is_trial":false}