{"gold_per_floor":[112,112,124,124,81,81,109,109,109,109,124,124],"floor_reached":12,"playtime":336,"items_purged":[],"score":148,"play_id":"cb2cfd7a-2f73-4670-9cf2-4152c4f53376","local_time":"20190611064234","is_ascension_mode":true,"campfire_choices":[{"data":"Redo","floor":6,"key":"SMITH"},{"floor":8,"key":"REST"},{"data":"Zap","floor":10,"key":"SMITH"}],"neow_cost":"NONE","seed_source_timestamp":807991985494805,"circlet_count":0,"master_deck":["AscendersBane","Strike_B","Strike_B","Strike_B","Defend_B","Defend_B","Defend_B","Defend_B","Zap+1","Dualcast","Ball Lightning","Redo+1","Darkness","Melter","Capacitor"],"special_seed":0,"relics":["Cracked Core","Happy Flower","Mummified Hand"],"potions_floor_usage":[7],"damage_taken":[{"damage":3.0,"enemies":"2 Louse","floor":1.0,"turns":3.0},{"damage":0.0,"enemies":"Cultist","floor":3.0,"turns":2.0},{"damage":50,"enemies":"3 Sentries","floor":7,"turns":6},{"damage":7,"enemies":"Small Slimes","floor":11,"turns":3},{"damage":35,"enemies":"Lagavulin","floor":12,"turns":5}],"seed_played":"7132072746635043310","potions_obtained":[{"floor":1.0,"key":"SkillPotion"}],"is_trial":false,"path_per_floor":["M","?","M","?","$","R","E","R","T","R","M","E"],"character_chosen":"DEFECT","items_purchased":["Melter"],"campfire_rested":1,"item_purchase_floors":[5],"current_hp_per_floor":[68,68,68,68,68,68,18,41,41,41,34,0],"gold":124,"neow_bonus":"TEN_PERCENT_HP_BONUS","is_prod":false,"is_daily":false,"chose_seed":false,"campfire_upgraded":2,"win_rate":0,"timestamp":1560206554,"path_taken":["M","?","?","?","$","R","E","R","T","R","M","E"],"build_version":"2019-01-23","purchased_purges":0,"victory":false,"max_hp_per_floor":[78,78,78,78,78,78,78,78,78,78,78,78],"card_choices":[{"not_picked":["Consume","Conserve Battery"],"picked":"Ball Lightning","floor":1.0},{"not_picked":["Redo","Stack"],"picked":"Darkness","floor":3.0},{"not_picked":["Barrage","Double Energy","Tempest"],"picked":"SKIP","floor":7},{"not_picked":["Lockon","Steam"],"picked":"Capacitor","floor":11}],"player_experience":665280,"relics_obtained":[{"floor":7,"key":"Happy Flower"},{"floor":9,"key":"Mummified Hand"}],"event_choices":[{"damage_healed":0.0,"max_hp_gain":0.0,"max_hp_loss":0.0,"gold_gain":0.0,"cards_transformed":["Strike_B"],"event_name":"Transmorgrifier","player_choice":"Transformed","floor":2.0,"gold_loss":0.0,"damage_taken":0.0,"cards_obtained":["Redo"]},{"damage_healed":0,"gold_gain":0,"player_choice":"Fled","damage_taken":0,"max_hp_gain":0,"max_hp_loss":0,"event_name":"Scrap Ooze","floor":4,"gold_loss":0}],"is_beta":false,"boss_relics":[],"items_purged_floors":[],"is_endless":false,"potions_floor_spawned":[1],"killed_by":"Lagavulin","ascension_level":19}