{"gold_per_floor":[115,125,125,135,210,210,239,239,263,289,306,306,322,322,322,322],"floor_reached":16,"playtime":466,"items_purged":[],"score":160,"play_id":"24e02c6e-f432-4cb7-8d79-f6852ff53a60","local_time":"20181215133213","is_ascension_mode":true,"campfire_choices":[{"data":"Flame Barrier","floor":6,"key":"SMITH"},{"data":"Rampage","floor":8,"key":"SMITH"},{"data":"Bash","floor":12,"key":"SMITH"},{"floor":15,"key":"REST"}],"neow_cost":"NONE","seed_source_timestamp":241897725553389,"circlet_count":0,"master_deck":["AscendersBane","Strike_R","Strike_R","Strike_R","Strike_R","Defend_R","Defend_R","Defend_R","Defend_R","Bash+1","Flame Barrier+1","Rampage+1","Clash","Cleave"],"relics":["Burning Blood","NeowsBlessing","Odd Mushroom","Omamori","Torii","Happy Flower"],"potions_floor_usage":[11,13,16],"damage_taken":[{"damage":0,"enemies":"Jaw Worm","floor":1,"turns":1},{"damage":0,"enemies":"Cultist","floor":2,"turns":1},{"damage":0,"enemies":"2 Louse","floor":4,"turns":1},{"damage":30,"enemies":"The Mushroom Lair","floor":7,"turns":5},{"damage":20,"enemies":"Lagavulin","floor":10,"turns":7},{"damage":18,"enemies":"Large Slime","floor":11,"turns":6},{"damage":14,"enemies":"Exordium Wildlife","floor":13,"turns":5},{"damage":35,"enemies":"The Guardian","floor":16,"turns":10}],"seed_played":"5409250789510453421","potions_obtained":[{"floor":1,"key":"SpeedPotion"},{"floor":2,"key":"SkillPotion"},{"floor":7,"key":"Fire Potion"},{"floor":13,"key":"Block Potion"}],"is_trial":false,"path_per_floor":["M","M","?","M","?","R","?","R","T","E","M","R","M","?","R","B"],"character_chosen":"IRONCLAD","items_purchased":[],"campfire_rested":1,"item_purchase_floors":[],"current_hp_per_floor":[78,80,80,80,69,69,45,45,45,31,19,19,11,11,35,0],"gold":322,"neow_bonus":"THREE_ENEMY_KILL","is_prod":false,"is_daily":false,"chose_seed":false,"campfire_upgraded":3,"win_rate":0,"timestamp":1544851933,"path_taken":["M","M","?","?","?","R","?","R","T","E","M","R","M","?","R","BOSS"],"build_version":"2018-12-13","purchased_purges":0,"victory":false,"max_hp_per_floor":[80,80,80,80,80,80,80,80,80,80,80,80,80,80,80,80],"card_choices":[{"not_picked":["Iron Wave","Evolve"],"picked":"Flame Barrier","floor":1},{"not_picked":["Spot Weakness","Second Wind","Inflame"],"picked":"SKIP","floor":2},{"not_picked":["Corruption","Pommel Strike"],"picked":"Rampage","floor":4},{"not_picked":["Flex","Armaments"],"picked":"Clash","floor":7},{"not_picked":["Sentinel","Pummel"],"picked":"Cleave","floor":10},{"not_picked":["Carnage","Wild Strike","Warcry"],"picked":"SKIP","floor":11},{"not_picked":["Second Wind","Shockwave","Rupture"],"picked":"SKIP","floor":13}],"player_experience":572161,"relics_obtained":[{"floor":7,"key":"Odd Mushroom"},{"floor":9,"key":"Omamori"},{"floor":10,"key":"Torii"}],"event_choices":[{"cards_removed":["Strike_R"],"damage_healed":0,"gold_gain":0,"player_choice":"Offered Basic","damage_taken":0,"max_hp_gain":0,"max_hp_loss":0,"event_name":"Bonfire Elementals","floor":3,"gold_loss":0},{"damage_healed":0,"gold_gain":75,"player_choice":"Gather Gold","damage_taken":11,"max_hp_gain":0,"max_hp_loss":0,"event_name":"World of Goop","floor":5,"gold_loss":0},{"damage_healed":0,"gold_gain":0,"player_choice":"Fought Mushrooms","damage_taken":0,"max_hp_gain":0,"max_hp_loss":0,"event_name":"Mushrooms","floor":7,"gold_loss":0},{"damage_healed":0,"gold_gain":0,"player_choice":"Searched \u00271\u0027 times","damage_taken":0,"relics_obtained":["Happy Flower"],"max_hp_gain":0,"max_hp_loss":0,"event_name":"Dead Adventurer","floor":14,"gold_loss":0}],"is_beta":false,"boss_relics":[],"items_purged_floors":[],"is_endless":false,"potions_floor_spawned":[1,2,7,13],"killed_by":"The Guardian","ascension_level":12}