{"path_per_floor":["M","?","M","M","$","E","R","E","T","M","M","R","?","M","R"],"character_chosen":"DEFECT","items_purchased":["FTL","Rip and Tear"],"gold_per_floor":[118,118,138,149,33,63,63,90,161,177,193,193,193,212,212,212],"floor_reached":16,"campfire_rested":2,"playtime":658,"current_hp_per_floor":[60,60,50,49,49,34,55,38,38,16,16,37,37,37,37,0],"items_purged":[],"gold":212,"score":190,"play_id":"05daeef9-151f-456e-bbc3-081f2647d9a9","local_time":"20180509182710","is_prod":false,"is_daily":false,"chose_seed":false,"is_ascension_mode":true,"campfire_upgraded":1,"timestamp":1525908430,"path_taken":["M","?","M","M","$","E","R","E","T","M","?","R","?","M","R","BOSS"],"build_version":"2018-05-08","seed_source_timestamp":74368518662116,"purchased_purges":0,"victory":false,"master_deck":["Strike_B","Strike_B","Strike_B","Defend_B","Defend_B","Defend_B","Defend_B","Zap","Dualcast","AscendersBane","Defragment+1","Hello World","FTL","Ball Lightning","FTL","Rip and Tear","Genetic Algorithm+1","Darkness+1","Leap+1","Cold Snap"],"max_hp_per_floor":[71,71,71,71,71,71,71,71,71,71,71,71,71,71,71,71],"relics":["Cracked Core","Calipers","Oddly Smooth Stone","Toxic Egg 2"],"card_choices":[{"not_picked":["Beam Cell","Doom and Gloom"],"picked":"Defragment","floor":1},{"not_picked":["Turbo","Streamline"],"picked":"FTL","floor":3},{"not_picked":["Genetic Algorithm","FTL"],"picked":"Ball Lightning","floor":4},{"not_picked":["Chaos","Steam"],"picked":"Genetic Algorithm","floor":8},{"not_picked":["Go for the Eyes","Hologram"],"picked":"Darkness","floor":10},{"not_picked":["Coolheaded","Streamline"],"picked":"Leap","floor":11},{"not_picked":["Capacitor","Reboot"],"picked":"Cold Snap","floor":14}],"player_experience":223497,"potions_floor_usage":[6,8,10,16,16],"damage_taken":[{"damage":4,"enemies":"Jaw Worm","floor":1,"turns":3},{"damage":10,"enemies":"Small Slimes","floor":3,"turns":4},{"damage":1,"enemies":"Cultist","floor":4,"turns":3},{"damage":15,"enemies":"Gremlin Nob","floor":6,"turns":4},{"damage":17,"enemies":"Lagavulin","floor":8,"turns":5},{"damage":22,"enemies":"Exordium Thugs","floor":10,"turns":4},{"damage":0,"enemies":"Looter","floor":11,"turns":2},{"damage":0,"enemies":"2 Fungi Beasts","floor":14,"turns":3},{"damage":47,"enemies":"Slime Boss","floor":16,"turns":7}],"event_choices":[{"event_name":"Living Wall","player_choice":"Change","floor":2,"damage_taken":0},{"event_name":"Upgrade Shrine","player_choice":"Upgraded","floor":13,"damage_taken":0}],"boss_relics":[],"potions_floor_spawned":[1,4,8,10,11],"seed_played":"1366059231031689555","killed_by":"Slime Boss","ascension_level":14,"is_trial":false}