{"path_per_floor":["M","$","M","M","?","R","M","?","T","E","R","M","M","E","R","B",null,"M","M","$"],"character_chosen":"DEFECT","items_purchased":["Cold Snap","Oddly Smooth Stone"],"gold_per_floor":[118,66,86,105,105,105,123,123,177,202,202,222,232,262,262,339,339,328,348,123,123],"floor_reached":21,"campfire_rested":2,"playtime":1296,"current_hp_per_floor":[68,68,60,54,39,67,57,57,57,41,47,26,19,4,47,17,61,28,20,20,0],"items_purged":["Strike_B"],"gold":123,"score":315,"play_id":"adaafab0-a141-419a-b853-98ca6fb758bb","local_time":"20180506220509","is_prod":false,"is_daily":false,"chose_seed":false,"is_ascension_mode":true,"campfire_upgraded":1,"timestamp":1525662309,"path_taken":["M","?","M","M","?","R","M","?","T","E","R","?","M","E","R","BOSS","M","M","$","M"],"build_version":"2018-05-03","seed_source_timestamp":814131482750651,"purchased_purges":1,"victory":false,"master_deck":["Strike_B+1","Strike_B","Strike_B","Defend_B+1","Defend_B","Defend_B","Defend_B","Zap+1","Dualcast","AscendersBane","Beam Cell","Cold Snap","Auto Shields","Barrage","Ball Lightning","Reinforced Body","Sweeping Beam","Rebound","Echo Form","Rebound+1"],"max_hp_per_floor":[75,75,75,75,75,75,75,75,75,75,75,75,75,75,75,75,75,75,75,75,75],"relics":["Eternal Feather","Lantern","Regal Pillow","Letter Opener","Velvet Choker","Oddly Smooth Stone"],"card_choices":[{"not_picked":["Capacitor","Turbo"],"picked":"Beam Cell","floor":1},{"not_picked":["Gash","Turbo"],"picked":"Auto Shields","floor":3},{"not_picked":["Reprogram","Turbo"],"picked":"Barrage","floor":4},{"not_picked":["Rebound","Hello World"],"picked":"Ball Lightning","floor":7},{"not_picked":["Recycle","Beam Cell"],"picked":"Sweeping Beam","floor":12},{"not_picked":["Streamline","Stack"],"picked":"Rebound","floor":14},{"not_picked":["Machine Learning","Hyperbeam"],"picked":"Echo Form","floor":16},{"not_picked":["Coolheaded","Hologram"],"picked":"Rebound","floor":18}],"player_experience":181210,"potions_floor_usage":[10,12,16,21,21],"damage_taken":[{"damage":0,"enemies":"Cultist","floor":1,"turns":4},{"damage":8,"enemies":"Small Slimes","floor":3,"turns":5},{"damage":6,"enemies":"2 Louse","floor":4,"turns":4},{"damage":10,"enemies":"Large Slime","floor":7,"turns":6},{"damage":16,"enemies":"Gremlin Nob","floor":10,"turns":5},{"damage":21,"enemies":"Gremlin Gang","floor":12,"turns":5},{"damage":7,"enemies":"2 Fungi Beasts","floor":13,"turns":3},{"damage":15,"enemies":"3 Sentries","floor":14,"turns":6},{"damage":30,"enemies":"Slime Boss","floor":16,"turns":11},{"damage":33,"enemies":"2 Thieves","floor":18,"turns":4},{"damage":8,"enemies":"Shell Parasite","floor":19,"turns":6},{"damage":20,"enemies":"Snake Plant","floor":21,"turns":3}],"event_choices":[{"event_name":"Shining Light","player_choice":"Entered Light","floor":5,"damage_taken":0},{"event_name":"Match and Keep!","player_choice":"1 cards matched","floor":8,"damage_taken":0}],"boss_relics":[{"not_picked":["Black Star","Runic Dome"],"picked":"Velvet Choker"}],"potions_floor_spawned":[4,7,10,16,19],"seed_played":"-4054700596710711306","killed_by":"Snake Plant","ascension_level":13,"is_trial":false}