{"gold_per_floor":[363,363,12,12,29,29,61,74,101,101,112,112,112,123,123,222,222,238,238,44,57,74,74,86,114,138,138,157,57,156,156,156,258,258,274,274,76,176,176,176,210,228,252,252,102,102,148,160,160,160],"floor_reached":51,"playtime":3167,"items_purged":["Strike_B","Defend_B","Writhe","Defend_B"],"score":1049,"play_id":"664617ac-bfca-42ea-9c63-efaf7a850f63","local_time":"20190614084205","is_ascension_mode":true,"campfire_choices":[{"data":"Panache","floor":6.0,"key":"SMITH"},{"data":"Self Repair","floor":10.0,"key":"SMITH"},{"data":"White Noise","floor":12.0,"key":"SMITH"},{"data":"Turbo","floor":15.0,"key":"SMITH"},{"data":"Apotheosis","floor":23.0,"key":"SMITH"},{"data":"Lockon","floor":27.0,"key":"SMITH"},{"data":"Echo Form","floor":32.0,"key":"SMITH"},{"data":"Creative AI","floor":40.0,"key":"SMITH"},{"data":"Zap","floor":44.0,"key":"SMITH"},{"data":"Electrodynamics","floor":46.0,"key":"SMITH"},{"floor":49.0,"key":"REST"}],"neow_cost":"CURSE","seed_source_timestamp":308826399417200,"circlet_count":0,"master_deck":["AscendersBane","Strike_B","Zap+1","Dualcast+1","Panache+1","White Noise+1","Self Repair+1","Turbo+1","Tempest","White Noise+1","Lockon+1","Echo Form+1","Undo+1","Auto Shields+1","Scrape+1","Hologram+1","Apotheosis+1","Conserve Battery+1","Double Energy+1","Glacier","Creative AI+1","Electrodynamics+1"],"special_seed":0,"relics":["Cracked Core","Singing Bowl","Strawberry","Orichalcum","Astrolabe","War Paint","Vajra","Sozu","StoneCalendar","Kunai","Bronze Scales","Bird Faced Urn"],"potions_floor_usage":[],"damage_taken":[{"damage":5.0,"enemies":"Small Slimes","floor":1.0,"turns":4.0},{"damage":5.0,"enemies":"Cultist","floor":5.0,"turns":3.0},{"damage":42.0,"enemies":"Lagavulin","floor":7.0,"turns":7.0},{"damage":11.0,"enemies":"Jaw Worm","floor":8.0,"turns":3.0},{"damage":10.0,"enemies":"2 Fungi Beasts","floor":11.0,"turns":3.0},{"damage":1.0,"enemies":"Exordium Thugs","floor":14.0,"turns":3.0},{"damage":33.0,"enemies":"The Guardian","floor":16.0,"turns":10.0},{"damage":7.0,"enemies":"Chosen","floor":18.0,"turns":4.0},{"damage":0.0,"enemies":"Shell Parasite","floor":21.0,"turns":3.0},{"damage":12.0,"enemies":"3 Cultists","floor":22.0,"turns":4.0},{"damage":0.0,"enemies":"Snecko","floor":24.0,"turns":4.0},{"damage":26.0,"enemies":"Gremlin Leader","floor":25.0,"turns":7.0},{"damage":26.0,"enemies":"Centurion and Healer","floor":28.0,"turns":3.0},{"damage":37.0,"enemies":"Automaton","floor":33.0,"turns":11.0},{"damage":44.0,"enemies":"3 Darklings","floor":35.0,"turns":6.0},{"damage":27.0,"enemies":"Mind Bloom Boss Battle","floor":38.0,"turns":6.0},{"damage":0.0,"enemies":"Giant Head","floor":41.0,"turns":7.0},{"damage":53.0,"enemies":"3 Shapes","floor":42.0,"turns":4.0},{"damage":40.0,"enemies":"2 Orb Walkers","floor":47.0,"turns":3.0},{"damage":15.0,"enemies":"Jaw Worm Horde","floor":48.0,"turns":3.0},{"damage":58,"enemies":"Donu and Deca","floor":50,"turns":5}],"seed_played":"-4025608143586448846","potions_obtained":[{"floor":8.0,"key":"EntropicBrew"},{"floor":11.0,"key":"Explosive Potion"},{"floor":16.0,"key":"Fire Potion"},{"floor":18.0,"key":"Energy Potion"},{"floor":22.0,"key":"SpeedPotion"},{"floor":33.0,"key":"FairyPotion"}],"is_trial":false,"path_per_floor":["M","?","$","T","M","R","E","M","T","R","M","R","?","M","R","B",null,"M","?","$","M","M","R","M","E","T","R","M","$","?","?","R","B",null,"M","?","$","?","?","R","E","M","T","R","$","R","?","M","R","B",null],"character_chosen":"DEFECT","items_purchased":["Panache","White Noise","Apotheosis","Electrodynamics"],"campfire_rested":1,"item_purchase_floors":[3,3,20,37],"current_hp_per_floor":[63,63,63,63,58,58,30,26,26,26,26,26,26,35,35,12,65,68,68,68,70,68,68,78,64,64,64,48,48,48,48,48,21,70,38,60,60,45,79,79,81,40,40,40,40,40,20,25,51,39],"gold":160,"neow_bonus":"TWO_FIFTY_GOLD","is_prod":false,"is_daily":false,"chose_seed":false,"campfire_upgraded":10,"win_rate":0,"timestamp":1560494525,"path_taken":["M","?","$","?","M","R","E","M","T","R","M","R","?","M","R","BOSS","M","?","$","M","M","R","M","E","T","R","?","$","?","?","R","BOSS","M","?","$","?","?","R","E","M","T","R","?","R","?","M","R","BOSS"],"build_version":"2019-01-23","purchased_purges":4,"victory":true,"max_hp_per_floor":[75,75,75,75,75,75,82,82,82,82,82,82,82,82,82,82,82,82,82,82,84,84,84,84,86,86,86,86,86,86,86,86,86,86,88,88,88,90,79,79,81,83,83,83,83,83,85,87,87,87],"card_choices":[{"not_picked":["Streamline","Aggregate","Blizzard"],"picked":"SKIP","floor":1.0},{"not_picked":["Heatsinks","Glacier"],"picked":"Self Repair","floor":5.0},{"not_picked":["Static Discharge","Beam Cell"],"picked":"Turbo","floor":7.0},{"not_picked":["Glacier","Barrage"],"picked":"Tempest","floor":8.0},{"not_picked":["Auto Shields","Redo"],"picked":"White Noise","floor":11.0},{"not_picked":["Melter","Streamline"],"picked":"Lockon","floor":14.0},{"not_picked":["Rainbow","Meteor Strike"],"picked":"Echo Form","floor":16.0},{"not_picked":["Doom and Gloom+1","Conserve Battery"],"picked":"Hologram+1","floor":18.0},{"not_picked":["Cold Snap","Auto Shields","Capacitor"],"picked":"Singing Bowl","floor":21.0},{"not_picked":["Redo","Reinforced Body"],"picked":"Conserve Battery","floor":22.0},{"not_picked":["Force Field","Leap"],"picked":"Double Energy+1","floor":24.0},{"not_picked":["Aggregate+1","Go for the Eyes","Coolheaded"],"picked":"Singing Bowl","floor":25.0},{"not_picked":["Leap","Steam"],"picked":"Glacier","floor":28.0},{"not_picked":["Reboot","Seek"],"picked":"Creative AI","floor":33.0},{"not_picked":["Force Field+1","Hello World+1","Gash"],"picked":"Singing Bowl","floor":35.0},{"not_picked":["Sweeping Beam","Chill","Skim"],"picked":"Singing Bowl","floor":38.0},{"not_picked":["Cold Snap","Chill","Ball Lightning"],"picked":"Singing Bowl","floor":41.0},{"not_picked":["Undo","Consume+1","Static Discharge+1"],"picked":"Singing Bowl","floor":42.0},{"not_picked":["Conserve Battery","Hologram+1","Streamline"],"picked":"Singing Bowl","floor":47.0},{"not_picked":["Loop+1","Ball Lightning+1","Cold Snap"],"picked":"Singing Bowl","floor":48.0}],"player_experience":221702,"relics_obtained":[{"floor":4.0,"key":"Singing Bowl"},{"floor":7.0,"key":"Strawberry"},{"floor":9.0,"key":"Orichalcum"},{"floor":25.0,"key":"War Paint"},{"floor":31.0,"key":"Vajra"},{"floor":38.0,"key":"StoneCalendar"},{"floor":41.0,"key":"Kunai"},{"floor":43.0,"key":"Bronze Scales"},{"floor":47.0,"key":"Bird Faced Urn"}],"event_choices":[{"damage_healed":0.0,"max_hp_gain":0.0,"max_hp_loss":0.0,"gold_gain":0.0,"event_name":"Upgrade Shrine","player_choice":"Upgraded","floor":2.0,"gold_loss":0.0,"damage_taken":0.0,"cards_upgraded":["Dualcast"]},{"cards_removed":["Pain"],"damage_healed":0.0,"max_hp_gain":0.0,"max_hp_loss":0.0,"gold_gain":0.0,"event_name":"Living Wall","player_choice":"Forget","floor":13.0,"gold_loss":0.0,"damage_taken":0.0},{"cards_removed":["Defend_B"],"damage_healed":0.0,"max_hp_gain":0.0,"max_hp_loss":0.0,"gold_gain":0.0,"event_name":"Purifier","player_choice":"Purged","floor":19.0,"gold_loss":0.0,"damage_taken":0.0},{"damage_healed":0.0,"max_hp_gain":0.0,"max_hp_loss":0.0,"gold_gain":99.0,"event_name":"Nest","player_choice":"Stole From Cult","floor":30.0,"gold_loss":0.0,"damage_taken":0.0},{"damage_healed":0.0,"max_hp_gain":0.0,"max_hp_loss":0.0,"gold_gain":0.0,"event_name":"Wheel of Change","player_choice":"Relic","floor":31.0,"gold_loss":0.0,"damage_taken":0.0},{"damage_healed":22.0,"max_hp_gain":0.0,"max_hp_loss":0.0,"gold_gain":0.0,"event_name":"Winding Halls","player_choice":"Writhe","floor":36.0,"gold_loss":0.0,"damage_taken":0.0,"cards_obtained":["Writhe"]},{"damage_healed":0.0,"max_hp_gain":0.0,"max_hp_loss":0.0,"gold_gain":0.0,"event_name":"MindBloom","player_choice":"Fight","floor":38.0,"gold_loss":0.0,"damage_taken":0.0},{"damage_healed":79.0,"max_hp_gain":0.0,"max_hp_loss":11.0,"gold_gain":0.0,"event_name":"The Moai Head","player_choice":"Heal","floor":39.0,"gold_loss":0.0,"damage_taken":0.0},{"damage_healed":0.0,"max_hp_gain":0.0,"max_hp_loss":0.0,"gold_gain":0.0,"event_name":"Mysterious Sphere","player_choice":"Fight","floor":47.0,"gold_loss":0.0,"damage_taken":0.0}],"is_beta":false,"boss_relics":[{"not_picked":["Velvet Choker","Orrery"],"picked":"Astrolabe"},{"not_picked":["Tiny House","Black Star"],"picked":"Sozu"}],"items_purged_floors":[3,29,37,45],"is_endless":false,"potions_floor_spawned":[8,11,16,18,22,33,38,41,47],"ascension_level":10}