{"gold_per_floor":[112,37,50,50,62,62,78,78,135,151,178,178,209,229,229,334,334,346,357,357,357,389,420,420,445,445,461,461,361,376,407,407,502,502,518,534,167,167,167,167,193,193,193,225,225,251,265,297,297,297],"floor_reached":51,"playtime":3671,"items_purged":["Strike_B","Strike_B+1","Strike_B+1"],"score":1235,"play_id":"3866f167-1d40-4b2c-bb80-56744b473af9","local_time":"20181209230608","is_ascension_mode":true,"campfire_choices":[{"data":"Defend_B","floor":6,"key":"SMITH"},{"data":"Creative AI","floor":8,"key":"SMITH"},{"data":"Rip and Tear","floor":12,"key":"SMITH"},{"floor":15,"key":"REST"},{"data":"White Noise","floor":24,"key":"SMITH"},{"data":"Chill","floor":28,"key":"SMITH"},{"floor":32,"key":"REST"},{"data":"Fission","floor":40,"key":"SMITH"},{"data":"Echo Form","floor":42,"key":"SMITH"},{"data":"Storm","floor":45,"key":"SMITH"},{"data":"Buffer","floor":49,"key":"SMITH"}],"neow_cost":"NONE","seed_source_timestamp":569787677618977,"circlet_count":0,"master_deck":["Strike_B+1","Defend_B+1","Defend_B+1","Defend_B+1","Defend_B+1","Zap+1","Dualcast+1","Creative AI+1","Rip and Tear+1","Core Surge","Chill+1","Echo Form+1","Conserve Battery+1","White Noise+1","Ghostly","Ghostly","Ghostly","Ghostly","Ghostly","Storm+1","Fission+1","Buffer+1"],"relics":["Cracked Core","War Paint","Tiny Chest","Bag of Marbles","Dodecahedron","Sozu","Red Mask","FossilizedHelix","Gambling Chip","Dead Branch","Happy Flower","Nuclear Battery","Pantograph","Blood Vial","Bronze Scales","Regal Pillow","Anchor","Blue Candle"],"potions_floor_usage":[5,16,16],"damage_taken":[{"damage":0,"enemies":"2 Louse","floor":1,"turns":2},{"damage":0,"enemies":"Cultist","floor":3,"turns":3},{"damage":0,"enemies":"Small Slimes","floor":5,"turns":1},{"damage":2,"enemies":"3 Louse","floor":7,"turns":2},{"damage":0,"enemies":"2 Fungi Beasts","floor":10,"turns":3},{"damage":20,"enemies":"Lagavulin","floor":11,"turns":6},{"damage":26,"enemies":"Gremlin Nob","floor":13,"turns":5},{"damage":6,"enemies":"Red Slaver","floor":14,"turns":3},{"damage":11,"enemies":"Slime Boss","floor":16,"turns":9},{"damage":24,"enemies":"Spheric Guardian","floor":18,"turns":4},{"damage":5,"enemies":"Shell Parasite","floor":19,"turns":5},{"damage":19,"enemies":"Masked Bandits","floor":22,"turns":7},{"damage":0,"enemies":"Slavers","floor":23,"turns":6},{"damage":3,"enemies":"Book of Stabbing","floor":25,"turns":6},{"damage":0,"enemies":"Centurion and Healer","floor":27,"turns":3},{"damage":0,"enemies":"Chosen and Byrds","floor":30,"turns":4},{"damage":10,"enemies":"Gremlin Leader","floor":31,"turns":5},{"damage":0,"enemies":"Automaton","floor":33,"turns":7},{"damage":0,"enemies":"3 Shapes","floor":35,"turns":4},{"damage":0,"enemies":"3 Darklings","floor":36,"turns":1},{"damage":2,"enemies":"Nemesis","floor":41,"turns":3},{"damage":9,"enemies":"Reptomancer","floor":44,"turns":8},{"damage":1,"enemies":"Nemesis","floor":46,"turns":5},{"damage":0,"enemies":"Transient","floor":47,"turns":5},{"damage":0,"enemies":"Giant Head","floor":48,"turns":7},{"damage":0,"enemies":"Donu and Deca","floor":50,"turns":6}],"seed_played":"7065989314780770191","potions_obtained":[{"floor":3,"key":"Fire Potion"},{"floor":13,"key":"Dexterity Potion"},{"floor":14,"key":"Ancient Potion"}],"is_trial":false,"path_per_floor":["M","$","M","?","M","R","M","R","T","M","E","R","E","M","R","B",null,"M","M","?","?","?","E","R","E","T","M","R","$","M","E","R","B",null,"M","M","$","?","?","R","E","R","T","E","R","E","M","E","R","B",null],"character_chosen":"DEFECT","items_purchased":["Pantograph"],"campfire_rested":2,"item_purchase_floors":[37],"current_hp_per_floor":[68,68,68,68,68,68,66,66,66,66,46,46,20,14,36,25,63,39,34,34,34,15,15,15,12,12,12,12,12,12,2,13,13,31,31,31,31,31,31,31,29,29,29,22,22,23,25,27,27,35],"gold":297,"neow_bonus":"RANDOM_COMMON_RELIC","is_prod":false,"is_daily":false,"chose_seed":false,"campfire_upgraded":9,"win_rate":0,"timestamp":1544367968,"path_taken":["M","$","M","?","M","R","M","R","T","M","E","R","E","?","R","BOSS","M","M","?","?","?","E","R","E","T","M","R","$","M","E","R","BOSS","M","M","$","?","?","R","E","R","T","E","R","E","?","E","R","BOSS"],"build_version":"2018-12-06","purchased_purges":3,"victory":true,"max_hp_per_floor":[75,75,75,75,75,75,75,75,75,75,75,75,75,75,75,75,75,75,75,37,37,37,37,37,37,37,37,37,37,37,37,37,37,37,37,37,37,35,35,35,35,35,35,35,35,35,35,35,35,35],"card_choices":[{"not_picked":["Cold Snap","Lockon","Hologram"],"picked":"SKIP","floor":1},{"not_picked":["Redo","BootSequence","Go for the Eyes"],"picked":"SKIP","floor":3},{"not_picked":["Storm","Chill","Consume"],"picked":"SKIP","floor":5},{"not_picked":["Turbo","Hello World"],"picked":"Creative AI","floor":7},{"not_picked":["Redo","Ball Lightning"],"picked":"Rip and Tear","floor":10},{"not_picked":["Reprogram","Cold Snap","Rebound"],"picked":"SKIP","floor":11},{"not_picked":["Redo","Go for the Eyes"],"picked":"Core Surge","floor":13},{"not_picked":["Gash","Redo"],"picked":"Chill","floor":14},{"not_picked":["Biased Cognition","Fission"],"picked":"Echo Form","floor":16},{"not_picked":["Rebound","Static Discharge+1"],"picked":"Conserve Battery+1","floor":18},{"not_picked":["Cold Snap","Streamline"],"picked":"White Noise","floor":19},{"not_picked":["Heatsinks","Tempest"],"picked":"Storm","floor":22},{"not_picked":["Chaos","Steam","Sweeping Beam"],"picked":"SKIP","floor":23},{"not_picked":["Rebound","Compile Driver","Coolheaded"],"picked":"SKIP","floor":25},{"not_picked":["Leap","Gash","Cold Snap"],"picked":"SKIP","floor":27},{"not_picked":["Streamline","Gash","Sweeping Beam+1"],"picked":"SKIP","floor":30},{"not_picked":["Steam+1","Scrape+1","Sweeping Beam"],"picked":"SKIP","floor":31},{"not_picked":["Rainbow","Hyperbeam"],"picked":"Fission","floor":33},{"not_picked":["BootSequence+1","Beam Cell+1","Compile Driver"],"picked":"SKIP","floor":35},{"not_picked":["Turbo","Redo","Gash+1"],"picked":"SKIP","floor":36},{"not_picked":["Thunder Strike","Go for the Eyes","Conserve Battery"],"picked":"SKIP","floor":41},{"not_picked":["Streamline+1","Compile Driver","Sweeping Beam+1"],"picked":"SKIP","floor":44},{"not_picked":["Biased Cognition","Echo Form"],"picked":"Buffer","floor":46},{"not_picked":["Beam Cell","Sweeping Beam+1","Coolheaded"],"picked":"SKIP","floor":47},{"not_picked":["Coolheaded+1","Leap","Compile Driver+1"],"picked":"SKIP","floor":48}],"player_experience":535675,"relics_obtained":[{"floor":9,"key":"Tiny Chest"},{"floor":11,"key":"Bag of Marbles"},{"floor":13,"key":"Dodecahedron"},{"floor":22,"key":"Red Mask"},{"floor":23,"key":"FossilizedHelix"},{"floor":25,"key":"Gambling Chip"},{"floor":26,"key":"Dead Branch"},{"floor":31,"key":"Happy Flower"},{"floor":41,"key":"Blood Vial"},{"floor":43,"key":"Bronze Scales"},{"floor":44,"key":"Regal Pillow"},{"floor":46,"key":"Anchor"},{"floor":48,"key":"Blue Candle"}],"event_choices":[{"damage_healed":0,"gold_gain":0,"player_choice":"Upgraded","damage_taken":0,"max_hp_gain":0,"max_hp_loss":0,"event_name":"Upgrade Shrine","floor":4,"gold_loss":0,"cards_upgraded":["Defend_B"]},{"damage_healed":0,"gold_gain":0,"player_choice":"Became a Ghost","damage_taken":0,"max_hp_gain":0,"max_hp_loss":38,"event_name":"Ghosts","floor":20,"gold_loss":0,"cards_obtained":["Ghostly","Ghostly","Ghostly","Ghostly","Ghostly"]},{"damage_healed":0,"gold_gain":0,"player_choice":"Simplicity","damage_taken":0,"max_hp_gain":0,"max_hp_loss":0,"event_name":"Back to Basics","floor":21,"gold_loss":0,"cards_upgraded":["Strike_B","Strike_B","Strike_B","Defend_B","Defend_B"]},{"damage_healed":0,"gold_gain":0,"player_choice":"Fought Bandits","damage_taken":0,"max_hp_gain":0,"max_hp_loss":0,"event_name":"Masked Bandits","floor":22,"gold_loss":0},{"damage_healed":0,"gold_gain":0,"player_choice":"Max HP","damage_taken":0,"max_hp_gain":0,"max_hp_loss":2,"event_name":"Winding Halls","floor":38,"gold_loss":0},{"damage_healed":0,"gold_gain":0,"player_choice":"Got Potions","damage_taken":0,"max_hp_gain":0,"max_hp_loss":0,"event_name":"Lab","floor":39,"gold_loss":0}],"is_beta":false,"boss_relics":[{"not_picked":["Busted Crown","Tiny House"],"picked":"Sozu"},{"not_picked":["White Beast Statue","Coffee Dripper"],"picked":"Nuclear Battery"}],"items_purged_floors":[2,29,37],"is_endless":false,"potions_floor_spawned":[3,13,14,22,25,30,31,33,36,46,48],"ascension_level":6}