{"path_per_floor":["M","M","M","?","?","R","E","R","T","M","M","E","R","M","R","B",null,"M","$","?","$","M","R","M","M","T","R","M","R","E"],"character_chosen":"DEFECT","items_purchased":["Ball Lightning","Pen Nib","Hello World"],"gold_per_floor":[113,127,138,138,138,138,171,171,171,189,208,238,238,251,251,325,325,339,72,72,72,87,87,98,118,118,118,138,138,171,171],"floor_reached":31,"campfire_rested":2,"playtime":1827,"current_hp_per_floor":[62,61,61,61,61,61,58,58,58,54,49,44,44,44,44,13,60,55,55,55,55,53,53,36,36,36,58,37,59,7,0],"items_purged":[],"gold":171,"score":441,"play_id":"fd5227ce-07c3-458b-9d66-6bd3e0e7974c","local_time":"20180507172120","is_prod":false,"is_daily":false,"chose_seed":false,"is_ascension_mode":true,"campfire_upgraded":5,"timestamp":1525731680,"path_taken":["M","M","M","?","?","R","E","R","T","M","M","E","R","M","R","BOSS","M","$","?","?","?","R","M","M","T","R","M","R","E","M"],"build_version":"2018-05-03","seed_source_timestamp":883086826768934,"purchased_purges":1,"victory":false,"master_deck":["Strike_B","Strike_B","Defend_B","Defend_B","Defend_B","Defend_B","Zap+1","Dualcast","AscendersBane","Leap+1","Leap","Glacier","Beam Cell+1","Rip and Tear+1","Rainbow","Leap","Ball Lightning","Hello World","Chaos+1","Auto Shields","BootSequence","Hello World","Hyperbeam"],"max_hp_per_floor":[75,75,75,75,75,75,75,75,75,75,75,75,75,75,75,75,75,75,75,75,75,75,75,75,75,75,75,75,75,75,75],"relics":["Runic Dome","Bottled Flame","Art of War","Ginger","Cursed Key","Pen Nib","Juzu Bracelet"],"card_choices":[{"not_picked":["Beam Cell","Axe Kick"],"picked":"Leap","floor":2},{"not_picked":["Gash","Conserve Battery"],"picked":"Leap","floor":7},{"not_picked":["Axe Kick","Cold Snap"],"picked":"Glacier","floor":11},{"not_picked":["Turbo","Static Discharge"],"picked":"Beam Cell","floor":12},{"not_picked":["Sweeping Beam","Capacitor"],"picked":"Rip and Tear","floor":14},{"not_picked":["Thunder Strike","Machine Learning"],"picked":"Rainbow","floor":16},{"not_picked":["Impulse","Rebound"],"picked":"Leap","floor":18},{"not_picked":["Cold Snap","Hologram"],"picked":"Chaos","floor":22},{"not_picked":["Steam Power","Capacitor"],"picked":"Auto Shields","floor":24},{"not_picked":["Hologram","Capacitor"],"picked":"BootSequence","floor":25},{"not_picked":["Conserve Battery","Coolheaded"],"picked":"Hello World","floor":28},{"not_picked":["Conserve Battery","Cold Snap"],"picked":"Hyperbeam","floor":30}],"player_experience":186512,"potions_floor_usage":[7,7,11,16,16,30,30,31],"damage_taken":[{"damage":6,"enemies":"Small Slimes","floor":1,"turns":4},{"damage":1,"enemies":"Cultist","floor":2,"turns":3},{"damage":0,"enemies":"2 Louse","floor":3,"turns":2},{"damage":15,"enemies":"Lagavulin","floor":7,"turns":7},{"damage":4,"enemies":"Red Slaver","floor":10,"turns":5},{"damage":5,"enemies":"Gremlin Gang","floor":11,"turns":6},{"damage":5,"enemies":"3 Sentries","floor":12,"turns":12},{"damage":0,"enemies":"Looter","floor":14,"turns":3},{"damage":31,"enemies":"Hexaghost","floor":16,"turns":14},{"damage":5,"enemies":"Chosen","floor":18,"turns":6},{"damage":2,"enemies":"2 Thieves","floor":22,"turns":5},{"damage":17,"enemies":"Slaver and Parasite","floor":24,"turns":8},{"damage":0,"enemies":"Centurion and Healer","floor":25,"turns":10},{"damage":21,"enemies":"Snake Plant","floor":28,"turns":6},{"damage":52,"enemies":"Gremlin Leader","floor":30,"turns":10},{"damage":12,"enemies":"3 Cultists","floor":31,"turns":3}],"event_choices":[{"event_name":"Bonfire Elementals","player_choice":"BASIC","floor":4,"damage_taken":0},{"event_name":"The Lab","player_choice":"Got Potions","floor":5,"damage_taken":0},{"event_name":"Purifier","player_choice":"One Purge","floor":20,"damage_taken":0}],"boss_relics":[{"not_picked":["Inserter","Calling Bell"],"picked":"Cursed Key"}],"potions_floor_spawned":[10,12,14,22,24,25],"seed_played":"-2112609638183515378","killed_by":"3 Cultists","ascension_level":13,"is_trial":false}