{"gold_per_floor":[211,211,225,225,242,242,78,106,158,177,192,206,222,8,8,108,108,124,339,438,449,468,468,468,468,491,491,501,501,512,512],"floor_reached":31,"playtime":1100,"items_purged":["Regret","Strike_G"],"score":311,"play_id":"7eeb073c-31f8-495f-8680-1862c515b448","local_time":"20190613220819","is_ascension_mode":true,"campfire_choices":[{"data":"Backstab","floor":6,"key":"SMITH"},{"floor":15,"key":"REST"},{"floor":23,"key":"REST"},{"floor":27,"key":"REST"},{"floor":29,"key":"REST"}],"neow_cost":"NONE","seed_source_timestamp":98013675904194,"circlet_count":0,"master_deck":["Defend_G","Defend_G","Defend_G","Defend_G","Defend_G","Strike_G+1","Strike_G","Strike_G","Strike_G+1","Survivor","Neutralize","Poisoned Stab+1","Backstab+1","Expertise","Deadly Poison","Noxious Fumes","Calculated Gamble","Accuracy","Catalyst+1","Backflip","Infinite Blades","Bouncing Flask","Well Laid Plans","Storm of Steel","Calculated Gamble+1","Concentrate"],"relics":["Ring of the Snake","Centennial Puzzle","Bronze Scales","Bag of Marbles","Fusion Hammer","Old Coin","Smiling Mask","Whetstone"],"potions_floor_usage":[8,18,30,31],"damage_taken":[{"damage":1,"enemies":"Small Slimes","floor":1,"turns":5},{"damage":0,"enemies":"2 Louse","floor":3,"turns":2},{"damage":0,"enemies":"Jaw Worm","floor":5,"turns":3},{"damage":12,"enemies":"Gremlin Nob","floor":8,"turns":3},{"damage":0,"enemies":"Blue Slaver","floor":10,"turns":2},{"damage":7,"enemies":"Large Slime","floor":11,"turns":4},{"damage":11,"enemies":"Exordium Thugs","floor":12,"turns":3},{"damage":5,"enemies":"2 Fungi Beasts","floor":13,"turns":2},{"damage":47,"enemies":"The Guardian","floor":16,"turns":7},{"damage":8,"enemies":"Shell Parasite","floor":18,"turns":3},{"damage":2,"enemies":"Chosen","floor":21,"turns":3},{"damage":30,"enemies":"Shelled Parasite and Fungi","floor":22,"turns":5},{"damage":18,"enemies":"Snake Plant","floor":28,"turns":3},{"damage":31,"enemies":"Centurion and Healer","floor":30,"turns":4},{"damage":27,"enemies":"Shelled Parasite and Fungi","floor":31,"turns":2}],"seed_played":"-873840209515375463","potions_obtained":[{"floor":3,"key":"Poison Potion"},{"floor":11,"key":"FearPotion"},{"floor":12,"key":"Fire Potion"},{"floor":16,"key":"SpeedPotion"},{"floor":21,"key":"Explosive Potion"},{"floor":28,"key":"Block Potion"}],"is_trial":false,"path_per_floor":["M","?","M","?","M","R","$","E","T","M","M","M","M","$","R","B",null,"M","?","?","M","M","R","?","?","T","R","M","R","M","M"],"character_chosen":"THE_SILENT","items_purchased":["Deadly Poison","Noxious Fumes","Bouncing Flask","Well Laid Plans"],"campfire_rested":4,"item_purchase_floors":[7,7,14,14],"current_hp_per_floor":[62,62,62,62,62,62,62,50,50,50,43,32,27,27,48,1,53,45,45,45,43,13,34,34,34,34,55,37,58,27,0],"gold":512,"neow_bonus":"HUNDRED_GOLD","is_prod":false,"is_daily":false,"chose_seed":false,"campfire_upgraded":1,"win_rate":0,"timestamp":1560431299,"path_taken":["M","?","M","?","M","R","$","E","T","M","M","M","M","$","R","BOSS","M","?","?","?","M","R","?","?","T","R","M","R","M","?"],"build_version":"2019-01-23","purchased_purges":2,"victory":false,"max_hp_per_floor":[70,70,70,70,70,70,70,70,70,70,70,70,70,70,70,70,70,70,70,70,70,70,70,70,70,70,70,70,70,70,70],"card_choices":[{"not_picked":["Tactician","Acrobatics"],"picked":"Poisoned Stab","floor":1},{"not_picked":["Slice","Dagger Spray"],"picked":"Backstab","floor":3},{"not_picked":["Dodge and Roll","Underhanded Strike"],"picked":"Expertise","floor":5},{"not_picked":["Tactician","Dagger Throw"],"picked":"Calculated Gamble","floor":8},{"not_picked":["Caltrops","Tactician"],"picked":"Accuracy","floor":10},{"not_picked":["Dash","Well Laid Plans"],"picked":"Catalyst","floor":11},{"not_picked":["Skewer","Terror"],"picked":"Backflip","floor":12},{"not_picked":["Deflect","Poisoned Stab"],"picked":"Infinite Blades","floor":13},{"not_picked":["Grand Finale","Malaise"],"picked":"Storm of Steel","floor":16},{"not_picked":["Bane","Expertise"],"picked":"Calculated Gamble+1","floor":18},{"not_picked":["Underhanded Strike","Reflex","Flying Knee"],"picked":"SKIP","floor":21},{"not_picked":["Deflect","Acrobatics+1","Underhanded Strike+1"],"picked":"SKIP","floor":22},{"not_picked":["Backflip+1","Noxious Fumes"],"picked":"Concentrate","floor":28},{"not_picked":["Heel Hook","Choke+1","Finisher+1"],"picked":"SKIP","floor":30}],"player_experience":419616,"relics_obtained":[{"floor":8,"key":"Bronze Scales"},{"floor":9,"key":"Bag of Marbles"},{"floor":26,"key":"Whetstone"}],"event_choices":[{"damage_healed":0,"gold_gain":0,"player_choice":"Grow","damage_taken":0,"max_hp_gain":0,"max_hp_loss":0,"event_name":"Living Wall","floor":2,"gold_loss":0,"cards_upgraded":["Poisoned Stab"]},{"damage_healed":0,"gold_gain":0,"player_choice":"Box","damage_taken":0,"relics_obtained":["Centennial Puzzle"],"max_hp_gain":0,"max_hp_loss":0,"event_name":"Big Fish","floor":4,"gold_loss":0,"cards_obtained":["Regret"]},{"damage_healed":0,"gold_gain":0,"player_choice":"Obtained Relic","damage_taken":0,"relics_obtained":["Old Coin"],"max_hp_gain":0,"max_hp_loss":0,"event_name":"Addict","floor":19,"gold_loss":85},{"damage_healed":0,"gold_gain":99,"player_choice":"Stole From Cult","damage_taken":0,"max_hp_gain":0,"max_hp_loss":0,"event_name":"Nest","floor":20,"gold_loss":0},{"damage_healed":0,"gold_gain":0,"player_choice":"Opened","damage_taken":0,"relics_obtained":["Smiling Mask"],"max_hp_gain":0,"max_hp_loss":0,"event_name":"The Mausoleum","floor":24,"gold_loss":0},{"damage_healed":0,"gold_gain":0,"player_choice":"Forge","damage_taken":0,"max_hp_gain":0,"max_hp_loss":0,"event_name":"Accursed Blacksmith","floor":25,"gold_loss":0,"cards_upgraded":["Catalyst"]}],"is_beta":false,"boss_relics":[{"not_picked":["Empty Cage","White Beast Statue"],"picked":"Fusion Hammer"}],"items_purged_floors":[7,14],"is_endless":false,"potions_floor_spawned":[3,11,12,16,21,28],"killed_by":"Shelled Parasite and Fungi","ascension_level":6}