{"gold_per_floor":[118,43,43,43,143,61,92,92,116,116,179,196,231,247,247,347,347,367,367,367,384,260,274,57,57,110,125,144,144,144,162,162,162],"floor_reached":33,"playtime":3816,"items_purged":["Strike_G","Strike_G","Strike_G"],"score":288,"play_id":"1155dd77-e96a-4e6f-ad57-e37b75ba7c73","local_time":"20180719073712","is_ascension_mode":false,"campfire_choices":[{"data":"Corpse Explosion","floor":8,"key":"SMITH"},{"data":"Bane","floor":10,"key":"SMITH"},{"data":"Bouncing Flask","floor":15,"key":"SMITH"},{"data":"Noxious Fumes","floor":25,"key":"SMITH"},{"data":"Outmaneuver","floor":29,"key":"SMITH"},{"floor":32,"key":"REST"}],"neow_cost":"NONE","seed_source_timestamp":12877827121217,"circlet_count":0,"master_deck":["Defend_G","Defend_G","Defend_G","Defend_G","Survivor","Neutralize","Caltrops+1","Corpse Explosion+1","Bane+1","Leg Sweep","Deadly Poison","Bouncing Flask+1","Caltrops","Burst","Backflip+1","Catalyst","Dagger Spray+1","Outmaneuver+1","Dash+1","Noxious Fumes+1","Deadly Poison","Escape Plan+1","Expertise+1","Bite","Bite","Bite","Bite","Bite","Prepared+1","Malaise+1"],"relics":["Eternal Feather","Vajra","Tiny Chest","Potion Belt","Empty Cage","Kunai","Dream Catcher"],"potions_floor_usage":[14,28,31,31],"damage_taken":[{"damage":0,"enemies":"Jaw Worm","floor":1,"turns":5},{"damage":14,"enemies":"3 Sentries","floor":7,"turns":6},{"damage":22,"enemies":"Gremlin Nob","floor":11,"turns":4},{"damage":0,"enemies":"Cultist","floor":12,"turns":3},{"damage":23,"enemies":"3 Sentries","floor":13,"turns":8},{"damage":0,"enemies":"Small Slimes","floor":14,"turns":2},{"damage":18,"enemies":"The Guardian","floor":16,"turns":7},{"damage":0,"enemies":"Chosen","floor":18,"turns":4},{"damage":37,"enemies":"2 Thieves","floor":21,"turns":4},{"damage":17,"enemies":"Chosen and Byrds","floor":23,"turns":5},{"damage":0,"enemies":"Snecko","floor":27,"turns":4},{"damage":5,"enemies":"Sentry and Sphere","floor":28,"turns":4},{"damage":34,"enemies":"Snake Plant","floor":31,"turns":3},{"damage":51,"enemies":"Automaton","floor":33,"turns":6}],"seed_played":"6903714303204065920","potions_obtained":[{"floor":1,"key":"EssenceOfSteel"},{"floor":13,"key":"Regen Potion"},{"floor":18,"key":"Dexterity Potion"},{"floor":27,"key":"Poison Potion"}],"is_trial":false,"path_per_floor":["M","$","?","?","?","$","E","R","T","R","E","M","E","M","R","B",null,"M","?","?","M","$","M","$","R","T","M","M","R","?","M","R"],"character_chosen":"THE_SILENT","items_purchased":["Corpse Explosion","Outmaneuver","Noxious Fumes","Deadly Poison"],"campfire_rested":1,"item_purchase_floors":[6,22,24,24],"current_hp_per_floor":[70,70,70,75,75,75,61,65,65,69,49,51,30,41,47,31,75,75,75,75,38,38,23,23,31,31,33,30,38,38,10,42,0],"gold":162,"neow_bonus":"BOSS_RELIC","is_prod":false,"is_daily":false,"chose_seed":false,"campfire_upgraded":5,"win_rate":0.0,"timestamp":1531957032,"path_taken":["M","$","?","?","?","$","E","R","T","R","E","?","E","?","R","BOSS","M","?","?","M","$","M","$","R","T","M","M","R","?","?","R","BOSS"],"build_version":"2018-07-12","purchased_purges":3,"victory":false,"max_hp_per_floor":[70,70,70,75,75,75,75,75,75,75,75,75,75,75,75,75,75,75,75,75,75,75,75,75,75,75,75,75,75,75,75,75,75],"card_choices":[{"not_picked":["Eviscerate","Distraction"],"picked":"Caltrops","floor":1},{"not_picked":["Doppelganger","Malaise"],"picked":"Bane","floor":7},{"not_picked":["Predator","PiercingWail"],"picked":"Leg Sweep","floor":11},{"not_picked":["Bane","Deflect"],"picked":"Deadly Poison","floor":12},{"not_picked":["Riddle With Holes","Distraction"],"picked":"Bouncing Flask","floor":13},{"not_picked":["All Out Attack","Dagger Spray"],"picked":"Caltrops","floor":14},{"not_picked":["Doppelganger","Unload"],"picked":"Burst","floor":16},{"not_picked":["Acrobatics","Dagger Throw+1"],"picked":"Backflip+1","floor":18},{"not_picked":["Slice+1","Acrobatics"],"picked":"Dagger Spray+1","floor":21},{"not_picked":["Riddle With Holes+1","Masterful Stab"],"picked":"Dash+1","floor":23},{"not_picked":["Endless Agony","PiercingWail+1"],"picked":"Escape Plan+1","floor":27},{"not_picked":["Flying Knee","Leg Sweep"],"picked":"Expertise+1","floor":28},{"not_picked":["Caltrops","Blade Dance"],"picked":"Prepared+1","floor":31},{"not_picked":["Poisoned Stab","Underhanded Strike"],"picked":"Malaise+1","floor":32}],"player_experience":104624,"relics_obtained":[{"floor":7,"key":"Blood Vial"},{"floor":9,"key":"Vajra"},{"floor":11,"key":"Tiny Chest"},{"floor":13,"key":"Potion Belt"},{"floor":26,"key":"Dream Catcher"}],"event_choices":[{"event_name":"Upgrade Shrine","player_choice":"Upgraded","floor":3,"damage_taken":0},{"event_name":"Big Fish","player_choice":"Donut","floor":4,"damage_taken":0},{"event_name":"Golden Shrine","player_choice":"Pray","floor":5,"damage_taken":0},{"event_name":"The Library","player_choice":"Read","floor":19,"damage_taken":0},{"event_name":"The Mausoleum","player_choice":"Yes","floor":20,"damage_taken":0},{"event_name":"Vampires","player_choice":"Became a vampire (Vial)","floor":30,"damage_taken":0}],"boss_relics":[{"not_picked":["Tiny House","White Beast Statue"],"picked":"Empty Cage"}],"items_purged_floors":[2,22,24],"is_endless":false,"potions_floor_spawned":[1,13,18,27],"killed_by":"Automaton","ascension_level":0}