{"gold_per_floor":[112,37,51,66,66,79,79,91,91,108,125,25,41,51,51,149,149,169,182,57,57,68,68,98,109,134,150,175,175,25,37,37,133,133,152,152,166,121,140,140,169,216,270,270,287,509,509,541,541,541],"floor_reached":51,"playtime":4851,"items_purged":["Strike_G","Defend_G","Bane","Bouncing Flask"],"score":748,"play_id":"985933d0-980c-4dc6-a6f1-b75903bfbf4c","local_time":"20180813130703","is_ascension_mode":false,"campfire_choices":[{"data":"Blade Dance","floor":7,"key":"SMITH"},{"data":"Acrobatics","floor":15,"key":"SMITH"},{"data":"Blade Dance","floor":23,"key":"SMITH"},{"floor":32,"key":"REST"},{"data":"Adrenaline","floor":40,"key":"SMITH"},{"data":"Blade Dance","floor":47,"key":"SMITH"},{"data":"Prepared","floor":49,"key":"SMITH"}],"neow_cost":"NONE","seed_source_timestamp":93800564494773,"circlet_count":0,"master_deck":["Survivor","Neutralize+1","Acrobatics+1","Blade Dance+1","Escape Plan","Prepared+1","After Image","Underhanded Strike","Accuracy","Blade Dance+1","Flying Knee","Backstab","Flechettes","Prepared+1","Acrobatics","Adrenaline+1","After Image","Escape Plan","Madness","Madness","Outmaneuver+1","Blade Dance","Cloak And Dagger","Blade Dance+1","Infinite Blades","Doubt"],"relics":["Ring of the Snake","Bottled Flame","Pandora\u0027s Box","Letter Opener","Dream Catcher","Red Mask","Orichalcum","Gambling Chip","Bronze Scales","Boot"],"potions_floor_usage":[16,16,24,31,33,39,50],"damage_taken":[{"damage":0,"enemies":"Jaw Worm","floor":1,"turns":4},{"damage":0,"enemies":"Small Slimes","floor":3,"turns":4},{"damage":1,"enemies":"Cultist","floor":4,"turns":4},{"damage":1,"enemies":"Exordium Wildlife","floor":6,"turns":5},{"damage":3,"enemies":"Blue Slaver","floor":8,"turns":4},{"damage":20,"enemies":"Gremlin Gang","floor":10,"turns":7},{"damage":0,"enemies":"3 Louse","floor":11,"turns":3},{"damage":1,"enemies":"Red Slaver","floor":13,"turns":5},{"damage":0,"enemies":"Exordium Wildlife","floor":14,"turns":3},{"damage":28,"enemies":"The Guardian","floor":16,"turns":22},{"damage":1,"enemies":"2 Thieves","floor":18,"turns":4},{"damage":6,"enemies":"Chosen","floor":19,"turns":3},{"damage":15,"enemies":"Snake Plant","floor":22,"turns":4},{"damage":11,"enemies":"Gremlin Leader","floor":24,"turns":8},{"damage":9,"enemies":"Sentry and Sphere","floor":25,"turns":5},{"damage":9,"enemies":"3 Cultists","floor":27,"turns":4},{"damage":4,"floor":28,"turns":3},{"damage":2,"enemies":"Snecko","floor":31,"turns":4},{"damage":16,"enemies":"Champ","floor":33,"turns":10},{"damage":3,"enemies":"Orb Walker","floor":35,"turns":4},{"damage":7,"enemies":"3 Darklings","floor":37,"turns":4},{"damage":25,"enemies":"4 Shapes","floor":39,"turns":6},{"damage":14,"enemies":"2 Orb Walkers","floor":41,"turns":5},{"damage":6,"floor":42,"turns":5},{"damage":1,"enemies":"Sphere and 2 Shapes","floor":45,"turns":3},{"damage":9,"enemies":"Nemesis","floor":48,"turns":5},{"damage":59,"enemies":"Awakened One","floor":50,"turns":10}],"seed_played":"-4536939113176838825","potions_obtained":[{"floor":1,"key":"Weak Potion"},{"floor":3,"key":"Fire Potion"},{"floor":8,"key":"SkillPotion"},{"floor":13,"key":"GamblersBrew"},{"floor":22,"key":"Fruit Juice"},{"floor":25,"key":"SpeedPotion"},{"floor":28,"key":"Dexterity Potion"},{"floor":31,"key":"Energy Potion"},{"floor":35,"key":"AttackPotion"},{"floor":42,"key":"PowerPotion"},{"floor":48,"key":"Explosive Potion"}],"is_trial":false,"path_per_floor":["M","$","M","M","?","M","R","M","T","M","M","$","M","M","R","B",null,"M","M","$","?","M","R","E","M","T","M","?","?","$","M","R","B",null,"M","?","M","$","M","R","E","?","T","?","M","?","R","E","R","B"],"character_chosen":"THE_SILENT","items_purchased":["Blade Dance"],"campfire_rested":1,"item_purchase_floors":[38],"current_hp_per_floor":[70,70,70,69,74,73,73,70,70,50,50,50,49,49,49,21,75,74,68,68,68,53,53,47,38,38,29,25,10,10,8,33,17,85,82,71,64,64,39,39,25,19,19,85,84,84,84,75,75,16],"gold":541,"neow_bonus":"UPGRADE_CARD","is_prod":false,"is_daily":false,"chose_seed":false,"campfire_upgraded":6,"win_rate":0,"timestamp":1534136823,"path_taken":["M","$","M","M","?","M","R","M","T","?","M","$","M","M","R","BOSS","M","M","$","?","M","R","E","M","T","M","?","?","$","M","R","BOSS","M","?","M","$","M","R","E","?","T","?","?","?","R","E","R","BOSS"],"build_version":"2018-08-09","purchased_purges":4,"victory":true,"max_hp_per_floor":[70,70,70,70,75,75,75,75,75,75,75,75,75,75,75,75,75,75,75,75,75,75,75,80,80,80,80,80,85,85,85,85,85,85,85,85,85,85,85,85,85,85,85,85,85,85,85,85,85,85],"card_choices":[{"not_picked":["Well Laid Plans","Cloak And Dagger"],"picked":"Acrobatics","floor":1},{"not_picked":["Sucker Punch","Dodge and Roll","Flying Knee"],"picked":"SKIP","floor":3},{"not_picked":["Cloak And Dagger","Leg Sweep"],"picked":"Blade Dance","floor":4},{"not_picked":["Sucker Punch","Finisher","Deflect"],"picked":"SKIP","floor":6},{"not_picked":["Flying Knee","Dodge and Roll","Sucker Punch"],"picked":"SKIP","floor":8},{"not_picked":["Backflip","Poisoned Stab"],"picked":"Escape Plan","floor":10},{"not_picked":["Backflip","Riddle With Holes"],"picked":"Prepared","floor":11},{"not_picked":["Poisoned Stab","Distraction","Bouncing Flask"],"picked":"SKIP","floor":13},{"not_picked":["Sucker Punch","Eviscerate","Deflect"],"picked":"SKIP","floor":14},{"not_picked":["Venomology","Die Die Die"],"picked":"After Image","floor":16},{"not_picked":["Accuracy","Sucker Punch","Endless Agony"],"picked":"SKIP","floor":18},{"not_picked":["Crippling Poison","Poisoned Stab+1","Flying Knee"],"picked":"SKIP","floor":19},{"not_picked":["Backflip+1","Flying Knee","Deflect"],"picked":"SKIP","floor":22},{"not_picked":["Terror","Die Die Die","Blur"],"picked":"SKIP","floor":24},{"not_picked":["Deadly Poison","Dagger Throw","Blur"],"picked":"SKIP","floor":25},{"not_picked":["Quick Slash+1","Skewer"],"picked":"Prepared+1","floor":27},{"not_picked":["Deflect+1","PiercingWail"],"picked":"Acrobatics","floor":28},{"not_picked":["Footwork","Deflect","Dagger Throw"],"picked":"SKIP","floor":31},{"not_picked":["Skewer+1","Concentrate"],"picked":"Adrenaline","floor":32},{"not_picked":["Doppelganger","Grand Finale"],"picked":"After Image","floor":33},{"not_picked":["Eviscerate","Bane+1"],"picked":"Escape Plan","floor":35},{"not_picked":["Dodge and Roll","Riddle With Holes"],"picked":"Outmaneuver+1","floor":37},{"not_picked":["Flechettes","Prepared"],"picked":"Cloak And Dagger","floor":39},{"not_picked":["Cloak And Dagger","Quick Slash"],"picked":"Blade Dance","floor":41},{"not_picked":["All Out Attack","Choke+1"],"picked":"Infinite Blades","floor":42},{"not_picked":["Backflip","Choke","Crippling Poison"],"picked":"SKIP","floor":45},{"not_picked":["Dagger Spray+1","Eviscerate","Poisoned Stab+1"],"picked":"SKIP","floor":48}],"player_experience":401770,"relics_obtained":[{"floor":9,"key":"Bottled Flame"},{"floor":24,"key":"Letter Opener"},{"floor":26,"key":"Dream Catcher"},{"floor":28,"key":"Red Mask"},{"floor":41,"key":"Orichalcum"},{"floor":42,"key":"Gambling Chip"},{"floor":43,"key":"Bronze Scales"},{"floor":48,"key":"Boot"}],"event_choices":[{"event_name":"Big Fish","player_choice":"Donut","floor":5,"damage_taken":0},{"event_name":"Ghosts","player_choice":"Ignored","floor":21,"damage_taken":0},{"event_name":"Masked Bandits","player_choice":"Fought Bandits","floor":28,"damage_taken":0},{"event_name":"Forgotten Altar","player_choice":"Shed Blood","floor":29,"damage_taken":0},{"event_name":"Winding Halls","player_choice":"Embrace Madness","floor":36,"damage_taken":0},{"event_name":"Mysterious Sphere","player_choice":"Fight","floor":42,"damage_taken":0},{"event_name":"MindBloom","player_choice":"Heal","floor":44,"damage_taken":0},{"event_name":"Tomb of Lord Red Mask","player_choice":"Wore Mask","floor":46,"damage_taken":0}],"is_beta":false,"boss_relics":[{"not_picked":["Philosopher\u0027s Stone","Coffee Dripper"],"picked":"Pandora\u0027s Box"},{"not_picked":["Velvet Choker","Calling Bell","Fusion Hammer"]}],"items_purged_floors":[2,12,20,30],"is_endless":false,"potions_floor_spawned":[1,3,8,13,14,22,25,28,31,35,42,48],"ascension_level":0}