{"gold_per_floor":[115,40,40,58,58,58,87,87,110,121,121,121,221,221],"floor_reached":14,"playtime":294,"items_purged":["Strike_R"],"score":146,"play_id":"1d6be20b-a446-4935-aabc-9234941c47e6","local_time":"20181223113456","is_ascension_mode":true,"campfire_choices":[{"data":"Whirlwind","floor":6,"key":"SMITH"},{"data":"Bash","floor":8,"key":"SMITH"},{"data":"Panacea","floor":12,"key":"SMITH"}],"neow_cost":"NONE","seed_source_timestamp":151022029495946,"circlet_count":0,"master_deck":["AscendersBane","Strike_R","Strike_R","Strike_R+1","Defend_R","Defend_R","Defend_R","Defend_R+1","Bash+1","Panacea+1","Metallicize+1","Whirlwind+1"],"relics":["Burning Blood","Happy Flower","Boot"],"potions_floor_usage":[14],"damage_taken":[{"damage":4,"enemies":"Small Slimes","floor":1,"turns":6},{"damage":1,"enemies":"Cultist","floor":4,"turns":4},{"damage":46,"enemies":"Gremlin Nob","floor":7,"turns":6},{"damage":0,"enemies":"2 Louse","floor":10,"turns":2},{"damage":27,"enemies":"3 Sentries","floor":14,"turns":4}],"seed_played":"-6121334866564735782","potions_obtained":[{"floor":10,"key":"BloodPotion"}],"is_trial":false,"path_per_floor":["M","$","?","M","?","R","E","R","T","M","?","R","?","E"],"character_chosen":"IRONCLAD","items_purchased":[],"campfire_rested":0,"item_purchase_floors":[],"current_hp_per_floor":[70,70,70,75,68,68,28,28,28,34,19,19,19,0],"gold":221,"neow_bonus":"RANDOM_COLORLESS","is_prod":false,"is_daily":false,"chose_seed":false,"campfire_upgraded":3,"win_rate":0,"timestamp":1545536096,"path_taken":["M","$","?","?","?","R","E","R","T","M","?","R","?","E"],"build_version":"2018-12-20","purchased_purges":1,"victory":false,"max_hp_per_floor":[75,75,75,75,75,75,75,75,75,75,75,75,75,75],"card_choices":[{"not_picked":["Sword Boomerang","Infernal Blade"],"picked":"Metallicize","floor":1},{"not_picked":["Clash","Rupture"],"picked":"Whirlwind","floor":4},{"not_picked":["Havoc","Shrug It Off","Sentinel"],"picked":"SKIP","floor":7},{"not_picked":["Body Slam","Iron Wave","Thunderclap"],"picked":"SKIP","floor":10}],"player_experience":603778,"relics_obtained":[{"floor":7,"key":"Happy Flower"},{"floor":9,"key":"Boot"}],"event_choices":[{"damage_healed":0,"gold_gain":0,"player_choice":"Upgraded","damage_taken":0,"max_hp_gain":0,"max_hp_loss":0,"event_name":"Upgrade Shrine","floor":3,"gold_loss":0,"cards_upgraded":["Metallicize"]},{"cards_removed":["Strike_R"],"damage_healed":0,"gold_gain":0,"player_choice":"Card Removal","damage_taken":7,"max_hp_gain":0,"max_hp_loss":0,"event_name":"Golden Wing","floor":5,"gold_loss":0},{"damage_healed":0,"gold_gain":0,"player_choice":"Entered Light","damage_taken":15,"max_hp_gain":0,"max_hp_loss":0,"event_name":"Shining Light","floor":11,"gold_loss":0,"cards_upgraded":["Strike_R","Defend_R"]},{"damage_healed":0,"gold_gain":100,"player_choice":"Pray","damage_taken":0,"max_hp_gain":0,"max_hp_loss":0,"event_name":"Golden Shrine","floor":13,"gold_loss":0}],"is_beta":false,"boss_relics":[],"items_purged_floors":[2],"is_endless":false,"potions_floor_spawned":[10],"killed_by":"3 Sentries","ascension_level":14}