{"gold_per_floor":[15,32,51,51,67,94,106,141,141,141,111,111,123,123,123,219,219,229,245,345,363,376,376,402,402,402,428,462,462,491,83,83,83],"floor_reached":33,"playtime":2741,"items_purged":["Strike_G"],"score":591,"play_id":"40344830-bf19-4fc1-9c62-1a7ddf6f8add","local_time":"20190610182537","is_ascension_mode":true,"campfire_choices":[{"data":"Noxious Fumes","floor":10,"key":"SMITH"},{"data":"Footwork","floor":12,"key":"SMITH"},{"floor":15,"key":"REST"},{"data":"Caltrops","floor":23,"key":"SMITH"},{"data":"Cloak And Dagger","floor":29,"key":"SMITH"},{"floor":32,"key":"REST"}],"neow_cost":"NO_GOLD","seed_source_timestamp":259747330528938,"circlet_count":0,"master_deck":["Defend_G","Defend_G","Defend_G","Defend_G","Defend_G","Strike_G","Strike_G","Strike_G","Survivor","Neutralize","Accuracy","Slice","Cloak And Dagger","Footwork+1","Corpse Explosion","Noxious Fumes+1","Deflect","Cloak And Dagger+1","Caltrops+1","Escape Plan+1","Ghostly","Ghostly","Ghostly","Ghostly","Ghostly","Escape Plan","Well Laid Plans","Infinite Blades"],"relics":["Ring of the Snake","Thread and Needle","Singing Bowl","Potion Belt","Tough Bandages","Du-Vu Doll","Black Star","Turnip","Ninja Scroll","Sundial","Red Mask","Molten Egg 2","The Courier","PreservedInsect","Tingsha","Bottled Tornado","Blood Vial"],"potions_floor_usage":[6,8,16,19,21,21,21,22,24,24,30],"damage_taken":[{"damage":0,"enemies":"Cultist","floor":1,"turns":4},{"damage":0,"enemies":"2 Louse","floor":2,"turns":3},{"damage":0,"enemies":"Jaw Worm","floor":3,"turns":5},{"damage":1,"enemies":"Red Slaver","floor":5,"turns":4},{"damage":46,"enemies":"Lagavulin","floor":6,"turns":11},{"damage":2,"enemies":"2 Fungi Beasts","floor":7,"turns":5},{"damage":1,"enemies":"3 Sentries","floor":8,"turns":4},{"damage":0,"enemies":"Looter","floor":11,"turns":4},{"damage":1,"enemies":"Exordium Wildlife","floor":13,"turns":7},{"damage":13,"enemies":"The Guardian","floor":16,"turns":13},{"damage":13,"enemies":"Chosen","floor":18,"turns":8},{"damage":0,"enemies":"3 Byrds","floor":19,"turns":9},{"damage":0,"enemies":"Centurion and Healer","floor":21,"turns":6},{"damage":8,"enemies":"3 Cultists","floor":22,"turns":4},{"damage":55,"enemies":"Gremlin Leader","floor":24,"turns":8},{"damage":0,"enemies":"Masked Bandits","floor":27,"turns":3},{"damage":0,"enemies":"Slavers","floor":28,"turns":6},{"damage":0,"enemies":"Gremlin Leader","floor":30,"turns":9},{"damage":23,"enemies":"Collector","floor":33,"turns":3}],"seed_played":"-9020433586376146908","potions_obtained":[{"floor":3,"key":"GamblersBrew"},{"floor":7,"key":"SkillPotion"},{"floor":13,"key":"Poison Potion"},{"floor":16,"key":"SpeedPotion"},{"floor":18,"key":"Fire Potion"},{"floor":19,"key":"EntropicBrew"},{"floor":24,"key":"GhostInAJar"}],"is_trial":false,"path_per_floor":["M","M","M","?","M","E","M","E","T","R","M","R","M","?","R","B",null,"M","M","?","M","M","R","E","?","T","?","E","R","E","$","R","B"],"character_chosen":"THE_SILENT","items_purchased":["Infinite Blades","Bottled Tornado","Blood Vial"],"campfire_rested":2,"item_purchase_floors":[31,31,31],"current_hp_per_floor":[63,63,63,63,62,16,14,13,13,13,13,13,14,14,35,24,62,49,49,49,49,43,43,5,5,5,5,5,5,7,7,19,0],"gold":83,"neow_bonus":"ONE_RARE_RELIC","is_prod":false,"is_daily":false,"chose_seed":false,"campfire_upgraded":4,"win_rate":0,"timestamp":1560162337,"path_taken":["M","M","M","?","M","E","M","E","T","R","M","R","?","?","R","BOSS","M","M","?","?","M","R","E","?","T","?","E","R","E","?","R","BOSS"],"build_version":"2019-01-23","purchased_purges":1,"victory":false,"max_hp_per_floor":[70,70,70,70,70,70,70,70,70,70,70,70,72,72,72,74,74,74,74,74,74,76,76,78,39,39,39,39,39,41,41,41,41],"card_choices":[{"not_picked":["Dagger Spray","Cloak And Dagger"],"picked":"Accuracy","floor":1},{"not_picked":["Dagger Throw","PiercingWail","Outmaneuver"],"picked":"SKIP","floor":2},{"not_picked":["Concentrate","PiercingWail"],"picked":"Slice","floor":3},{"not_picked":["PiercingWail","Expertise"],"picked":"Cloak And Dagger","floor":5},{"not_picked":["Heel Hook","Flying Knee"],"picked":"Footwork","floor":6},{"not_picked":["Acrobatics","Backflip"],"picked":"Corpse Explosion","floor":7},{"not_picked":["Caltrops","Prepared"],"picked":"Noxious Fumes","floor":8},{"not_picked":["Riddle With Holes","All Out Attack"],"picked":"Deflect","floor":11},{"not_picked":["Setup","Sucker Punch","PiercingWail"],"picked":"Singing Bowl","floor":13},{"not_picked":["Phantasmal Killer","Storm of Steel","A Thousand Cuts"],"picked":"Singing Bowl","floor":16},{"not_picked":["Slice","Deflect"],"picked":"Cloak And Dagger","floor":18},{"not_picked":["Flechettes","Outmaneuver"],"picked":"Caltrops","floor":19},{"not_picked":["Endless Agony","Caltrops"],"picked":"Escape Plan+1","floor":21},{"not_picked":["Underhanded Strike","Reflex","Sucker Punch"],"picked":"Singing Bowl","floor":22},{"not_picked":["Unload","Deadly Poison","Masterful Stab"],"picked":"Singing Bowl","floor":24},{"not_picked":["Deadly Poison+1","Poisoned Stab+1"],"picked":"Escape Plan","floor":27},{"not_picked":["Masterful Stab","PiercingWail+1"],"picked":"Well Laid Plans","floor":28},{"not_picked":["Deflect","Bane+1","Phantasmal Killer"],"picked":"Singing Bowl","floor":30}],"player_experience":758665,"relics_obtained":[{"floor":6,"key":"Singing Bowl"},{"floor":8,"key":"Potion Belt"},{"floor":9,"key":"Tough Bandages"},{"floor":24,"key":"Turnip"},{"floor":24,"key":"Ninja Scroll"},{"floor":26,"key":"Sundial"},{"floor":27,"key":"Red Mask"},{"floor":28,"key":"Molten Egg 2"},{"floor":28,"key":"The Courier"},{"floor":30,"key":"PreservedInsect"},{"floor":30,"key":"Tingsha"}],"event_choices":[{"cards_removed":["Strike_G"],"damage_healed":0,"gold_gain":0,"player_choice":"Card Removal","damage_taken":0,"max_hp_gain":0,"max_hp_loss":0,"event_name":"Wheel of Change","floor":4,"gold_loss":0},{"damage_healed":0,"gold_gain":0,"player_choice":"Searched \u00271\u0027 times","damage_taken":0,"relics_obtained":["Du-Vu Doll"],"max_hp_gain":0,"max_hp_loss":0,"event_name":"Dead Adventurer","floor":14,"gold_loss":0},{"damage_healed":0,"gold_gain":100,"player_choice":"Pray","damage_taken":0,"max_hp_gain":0,"max_hp_loss":0,"event_name":"Golden Shrine","floor":20,"gold_loss":0},{"damage_healed":0,"gold_gain":0,"player_choice":"Became a Ghost","damage_taken":0,"max_hp_gain":0,"max_hp_loss":39,"event_name":"Ghosts","floor":25,"gold_loss":0,"cards_obtained":["Ghostly","Ghostly","Ghostly","Ghostly","Ghostly"]},{"damage_healed":0,"gold_gain":0,"player_choice":"Fought Bandits","damage_taken":0,"max_hp_gain":0,"max_hp_loss":0,"event_name":"Masked Bandits","floor":27,"gold_loss":0}],"is_beta":false,"boss_relics":[{"not_picked":["HoveringKite","Runic Dome"],"picked":"Black Star"}],"items_purged_floors":[31],"is_endless":false,"potions_floor_spawned":[3,7,13,16,18,19,24],"killed_by":"Collector","ascension_level":9}