{"path_per_floor":["M","$","?","M","M","R","?","E","T","M","M","E","M","M","R","B",null,"M","?","?","M","$","?","M","$","T","?","?","R","M","M","R","B",null,"M","M","?","M","?","M","M","R","T","R","$","E","T","M","R","B"],"character_chosen":"THE_SILENT","items_purchased":["Pen Nib","Regen Potion","Backflip","Panache","Energy Potion"],"gold_per_floor":[117,42,42,62,85,85,185,226,253,266,289,332,353,372,372,491,491,515,515,515,540,232,147,165,117,141,141,141,141,156,179,179,304,304,318,337,337,353,353,377,396,396,396,396,28,72,126,150,150,150],"floor_reached":51,"campfire_rested":4,"playtime":4130,"current_hp_per_floor":[52,52,35,35,46,67,67,46,46,42,21,9,9,7,28,24,59,30,30,30,30,30,30,39,39,39,39,62,62,64,66,66,66,69,70,64,55,57,57,57,70,70,77,77,77,77,77,77,77,62],"items_purged":["Defend_G","Footwork","Strike_G"],"gold":150,"score":671,"play_id":"d31319f0-e8c8-4bf5-b2f5-15517b300217","is_prod":false,"is_daily":false,"is_ascension_mode":true,"campfire_upgraded":3,"path_taken":["M","$","?","M","?","R","?","E","T","?","M","E","M","M","R","BOSS","M","?","?","M","$","?","M","$","T","?","?","R","M","M","R","BOSS","M","M","?","M","?","M","M","R","T","R","$","E","?","M","R","BOSS"],"build_version":"2018-02-22-PROD2","purchased_purges":3,"victory":true,"master_deck":["Defend_G+1","Defend_G+1","Defend_G+1","Strike_G+1","Survivor+1","Neutralize+1","Bouncing Flask+1","Concentrate+1","Bouncing Flask+1","Footwork+1","Prepared+1","Backflip+1","Backflip+1","Blur+1","Dagger Spray+1","Well Laid Plans+1","Blur+1","Adrenaline+1","Madness+1","Madness+1","Backflip+1","Acrobatics+1","Concentrate+1","Panache+1","Calculated Gamble+1"],"max_hp_per_floor":[70,70,70,70,70,70,70,70,70,70,70,70,70,70,70,70,70,70,70,70,70,70,70,70,70,70,70,70,70,70,70,70,70,70,70,70,70,70,70,70,70,70,77,77,77,77,77,77,77,77],"relics":["Ring of the Snake","Bag of Preparation","Golden Idol","Toxic Egg 2","Lantern","Snake Skull","Astrolabe","Pen Nib","War Paint","Blood Vial","Orrery","Strawberry","Shuriken","Tiny Chest"],"card_choices":[{"not_picked":["Poisoned Stab","Dash"],"picked":"Bouncing Flask"},{"not_picked":["Slice","Expertise"],"picked":"Footwork"},{"not_picked":["Bouncing Flask","Riddle With Holes"],"picked":"Prepared"},{"not_picked":["Reflex","Heel Hook"],"picked":"Blur"},{"not_picked":["Poisoned Stab","Unload"],"picked":"Dagger Spray"},{"not_picked":["Bouncing Flask","Dagger Throw"],"picked":"Well Laid Plans"},{"not_picked":["Outmaneuver","Underhanded Strike"],"picked":"Blur"},{"not_picked":["Calculated Gamble","Poisoned Stab"],"picked":"Adrenaline"},{"not_picked":["Infinite Blades","Dodge and Roll"],"picked":"Backflip"},{"not_picked":["Bouncing Flask","Dagger Spray"],"picked":"Acrobatics"},{"not_picked":["Prepared","Quick Slash"],"picked":"Concentrate"},{"not_picked":["Endless Agony","Prepared"],"picked":"Calculated Gamble"}],"player_experience":170010,"potions_floor_usage":[5,8,12,16,24,31,33,41],"damage_taken":[{"damage":11,"enemies":"Jaw Worm","floor":1,"turns":4},{"damage":0,"enemies":"2 Louse","floor":4,"turns":3},{"damage":1,"enemies":"Cultist","floor":5,"turns":5},{"damage":21,"enemies":"Gremlin Nob","floor":8,"turns":4},{"damage":4,"enemies":"Blue Slaver","floor":10,"turns":3},{"damage":21,"enemies":"Lots of Slimes","floor":11,"turns":6},{"damage":12,"enemies":"Lagavulin","floor":12,"turns":5},{"damage":0,"enemies":"Looter","floor":13,"turns":3},{"damage":2,"enemies":"Red Slaver","floor":14,"turns":3},{"damage":4,"enemies":"The Guardian","floor":16,"turns":9},{"damage":29,"enemies":"3 Byrds","floor":18,"turns":5},{"damage":0,"enemies":"Chosen","floor":21,"turns":3},{"damage":6,"enemies":"Centurion and Healer","floor":24,"turns":7},{"damage":0,"enemies":"Snake Plant","floor":30,"turns":3},{"damage":0,"enemies":"Snecko","floor":31,"turns":3},{"damage":2,"enemies":"Automaton","floor":33,"turns":9},{"damage":0,"enemies":"Orb Walker","floor":35,"turns":4},{"damage":6,"enemies":"3 Shapes","floor":36,"turns":6},{"damage":0,"enemies":"Maw","floor":38,"turns":6},{"damage":2,"enemies":"3 Darklings","floor":40,"turns":4},{"damage":0,"enemies":"4 Shapes","floor":41,"turns":8},{"damage":0,"enemies":"Giant Head","floor":46,"turns":8},{"damage":0,"enemies":"Maw","floor":48,"turns":6},{"damage":15,"enemies":"Awakened One","floor":50,"turns":13}],"event_choices":[{"event_name":"Golden Idol","player_choice":"Take Damage","floor":3,"damage_taken":0},{"event_name":"Golden Shrine","player_choice":"Pray","floor":7,"damage_taken":0},{"event_name":"The Mausoleum","player_choice":"No","floor":19,"damage_taken":0},{"event_name":"Back to Basics","player_choice":"Simplicity","floor":20,"damage_taken":0},{"event_name":"Addict","player_choice":"Obtained Relic","floor":23,"damage_taken":0},{"event_name":"Duplicator","player_choice":"One dupe","floor":27,"damage_taken":0},{"event_name":"The Library","player_choice":"Heal","floor":28,"damage_taken":0},{"event_name":"Winding Halls","player_choice":"Embrace Madness","floor":37,"damage_taken":0}],"boss_relics":[{"not_picked":["Runic Dome","Calling Bell"],"picked":"Astrolabe"},{"not_picked":["White Beast Statue","Pandora\u0027s Box"],"picked":"Orrery"}],"potions_floor_spawned":[1,5,11,13,14,18,30,35,36,38,41],"seed_played":"-2544375499833857815","ascension_level":6,"is_trial":false}