{"gold_per_floor":[115,40,40,40,40,54,94,94,94,108,129,29,52,73,73,73],"floor_reached":16,"playtime":961,"items_purged":["Strike_R","Strike_R"],"score":102,"play_id":"2c36119a-f27d-4109-b402-fb048376be88","local_time":"20180721182229","is_ascension_mode":false,"campfire_choices":[{"data":"Defend_R","floor":8,"key":"SMITH"},{"data":"Defend_R","floor":15,"key":"SMITH"}],"neow_cost":"NONE","seed_source_timestamp":83035085539987,"circlet_count":0,"master_deck":["Strike_R","Strike_R","Strike_R","Defend_R","Defend_R","Defend_R+1","Defend_R+1","Bash+1","Dual Wield+1"],"relics":["Burning Blood","Lantern","Golden Idol","Bag of Preparation","Toxic Egg 2"],"potions_floor_usage":[10,16,16],"damage_taken":[{"damage":1,"enemies":"Cultist","floor":1,"turns":4},{"damage":1,"enemies":"Jaw Worm","floor":6,"turns":4},{"damage":27,"enemies":"Gremlin Nob","floor":7,"turns":4},{"damage":0,"enemies":"Small Slimes","floor":10,"turns":4},{"damage":9,"enemies":"2 Fungi Beasts","floor":11,"turns":5},{"damage":0,"enemies":"Blue Slaver","floor":13,"turns":5},{"damage":0,"enemies":"3 Louse","floor":14,"turns":6},{"damage":62,"enemies":"The Guardian","floor":16,"turns":16}],"seed_played":"-5328550823023804902","potions_obtained":[{"floor":6,"key":"Block Potion"},{"floor":10,"key":"Weak Potion"},{"floor":13,"key":"Explosive Potion"}],"is_trial":false,"path_per_floor":["M","$","?","?","$","M","E","R","T","M","M","$","M","M","R"],"character_chosen":"IRONCLAD","items_purchased":[],"campfire_rested":0,"item_purchase_floors":[],"current_hp_per_floor":[80,80,80,60,60,65,44,44,44,50,47,47,53,59,59,0],"gold":73,"neow_bonus":"RANDOM_COMMON_RELIC","is_prod":false,"is_daily":false,"chose_seed":false,"campfire_upgraded":2,"win_rate":0,"timestamp":1532168549,"path_taken":["M","?","?","?","$","M","E","R","T","M","M","$","M","M","R","BOSS"],"build_version":"2018-07-19v2","purchased_purges":2,"victory":false,"max_hp_per_floor":[80,80,80,80,80,80,80,80,80,80,80,80,80,80,80,80],"card_choices":[{"not_picked":["Cleave","Havoc","Sword Boomerang"],"picked":"SKIP","floor":1},{"not_picked":["Pommel Strike","Heavy Blade","Anger"],"picked":"SKIP","floor":6},{"not_picked":["Wild Strike","Clothesline","Fire Breathing"],"picked":"SKIP","floor":7},{"not_picked":["Feel No Pain","Headbutt"],"picked":"Dual Wield+1","floor":10},{"not_picked":["Uppercut","Wild Strike","Body Slam"],"picked":"SKIP","floor":11},{"not_picked":["Flame Barrier+1","Uppercut","Metallicize"],"picked":"SKIP","floor":13},{"not_picked":["Evolve","Clothesline","Uppercut"],"picked":"SKIP","floor":14}],"player_experience":204837,"relics_obtained":[{"floor":7,"key":"Bag of Preparation"},{"floor":9,"key":"Toxic Egg 2"}],"event_choices":[{"event_name":"Upgrade Shrine","player_choice":"Upgraded","floor":3,"damage_taken":0},{"event_name":"Golden Idol","player_choice":"Take Damage","floor":4,"damage_taken":0}],"is_beta":false,"boss_relics":[],"items_purged_floors":[2,12],"is_endless":false,"potions_floor_spawned":[6,10,13],"killed_by":"The Guardian","ascension_level":0}