{"gold_per_floor":[118,118,118,135,60,93,93,105,153,153,166,186,199,218,218,218],"floor_reached":16,"playtime":1208,"items_purged":["Strike_R"],"score":120,"play_id":"e5648b5f-fdd1-49c5-a8c7-d7fa72e36741","local_time":"20180804110727","is_ascension_mode":true,"campfire_choices":[{"data":"Body Slam","floor":7,"key":"SMITH"},{"data":"Armaments","floor":10,"key":"SMITH"},{"floor":15,"key":"REST"}],"neow_cost":"NONE","seed_source_timestamp":157590527041174,"circlet_count":0,"master_deck":["Strike_R","Strike_R","Strike_R","Strike_R","Defend_R","Defend_R","Defend_R","Defend_R","Bash+1","Body Slam+1","Armaments+1","Shrug It Off","Searing Blow","Shrug It Off"],"relics":["Burning Blood","Strawberry","Bottled Lightning","Regal Pillow"],"potions_floor_usage":[16],"damage_taken":[{"damage":0,"enemies":"2 Louse","floor":1,"turns":2},{"damage":2,"enemies":"Jaw Worm","floor":4,"turns":3},{"damage":56,"enemies":"Lagavulin","floor":6,"turns":9},{"damage":1,"enemies":"Cultist","floor":8,"turns":4},{"damage":3,"enemies":"Blue Slaver","floor":11,"turns":4},{"damage":0,"enemies":"Exordium Wildlife","floor":12,"turns":4},{"damage":9,"enemies":"Exordium Thugs","floor":13,"turns":6},{"damage":6,"enemies":"3 Louse","floor":14,"turns":5},{"damage":75,"enemies":"Hexaghost","floor":16,"turns":14}],"seed_played":"-6651127805865742244","potions_obtained":[{"floor":4,"key":"FearPotion"},{"floor":11,"key":"Dexterity Potion"}],"is_trial":false,"path_per_floor":["M","?","?","M","$","E","R","M","T","R","M","M","M","M","R"],"character_chosen":"IRONCLAD","items_purchased":[],"campfire_rested":1,"item_purchase_floors":[],"current_hp_per_floor":[80,85,67,71,71,21,21,26,26,26,29,35,32,32,74,0],"gold":218,"neow_bonus":"UPGRADE_CARD","is_prod":false,"is_daily":false,"chose_seed":false,"campfire_upgraded":2,"win_rate":0,"timestamp":1533352047,"path_taken":["M","?","?","?","$","E","R","M","T","R","M","M","M","M","R","BOSS"],"build_version":"2018-08-02","purchased_purges":1,"victory":false,"max_hp_per_floor":[80,85,92,92,92,92,92,92,92,92,92,92,92,92,92,92],"card_choices":[{"not_picked":["Headbutt","Pommel Strike","True Grit"],"picked":"SKIP","floor":1},{"not_picked":["Uppercut","Shrug It Off"],"picked":"Body Slam","floor":4},{"not_picked":["Havoc","Evolve","Flex"],"picked":"SKIP","floor":6},{"not_picked":["Blood for Blood","Thunderclap"],"picked":"Armaments","floor":8},{"not_picked":["Whirlwind","Evolve"],"picked":"Shrug It Off","floor":11},{"not_picked":["Iron Wave","Heavy Blade"],"picked":"Searing Blow","floor":12},{"not_picked":["Fiend Fire","Battle Trance"],"picked":"Shrug It Off","floor":13},{"not_picked":["Twin Strike","Heavy Blade","Armaments"],"picked":"SKIP","floor":14}],"player_experience":313452,"relics_obtained":[{"floor":6,"key":"Bottled Lightning"},{"floor":9,"key":"Regal Pillow"}],"event_choices":[{"event_name":"Big Fish","player_choice":"Donut","floor":2,"damage_taken":0},{"event_name":"Scrap Ooze","player_choice":"success","floor":3,"damage_taken":25}],"is_beta":false,"boss_relics":[],"items_purged_floors":[5],"is_endless":false,"potions_floor_spawned":[4,11],"killed_by":"Hexaghost","ascension_level":3}