{"gold_per_floor":[17,17,17,17,17,17,31,31,31,43,43,62,82,93,93,195,195,214,232,232,232,232],"floor_reached":22,"playtime":898,"items_purged":[],"score":218,"play_id":"3372540a-5b56-4794-99af-47a5b668de84","local_time":"20180814123013","is_ascension_mode":true,"campfire_choices":[{"data":"Clothesline","floor":6,"key":"SMITH"},{"data":"Bash","floor":15,"key":"SMITH"}],"neow_cost":"NO_GOLD","seed_source_timestamp":19302910201289,"circlet_count":0,"master_deck":["Strike_R","Strike_R","Strike_R","Defend_R","Defend_R","Defend_R","Bash+1","Clothesline+1","Dropkick","Twin Strike+1"],"relics":["Burning Blood","Pantograph","Pear","Omamori","Dodecahedron","Odd Mushroom","Nloth\u0027s Gift","Matryoshka"],"potions_floor_usage":[10],"damage_taken":[{"damage":8,"enemies":"Jaw Worm","floor":1,"turns":5},{"damage":4,"enemies":"Small Slimes","floor":7,"turns":4},{"damage":2,"enemies":"2 Louse","floor":10,"turns":2},{"damage":13,"enemies":"Blue Slaver","floor":12,"turns":5},{"damage":41,"floor":13,"turns":5},{"damage":5,"enemies":"Red Slaver","floor":14,"turns":4},{"damage":37,"enemies":"The Guardian","floor":16,"turns":14},{"damage":12,"enemies":"3 Byrds","floor":18,"turns":7},{"damage":31,"enemies":"Shell Parasite","floor":19,"turns":7},{"damage":55,"enemies":"Sentry and Sphere","floor":22,"turns":5}],"seed_played":"1617081421286330836","potions_obtained":[{"floor":7,"key":"Energy Potion"},{"floor":10,"key":"Dexterity Potion"},{"floor":16,"key":"Dexterity Potion"}],"is_trial":false,"path_per_floor":["M","?","$","?","T","R","M","?","T","M","$","M","?","M","R","B",null,"M","M","?","T"],"character_chosen":"IRONCLAD","items_purchased":[],"campfire_rested":0,"item_purchase_floors":[],"current_hp_per_floor":[78,78,78,66,76,76,78,78,78,82,82,75,40,41,41,35,76,70,45,45,45,0],"gold":232,"neow_bonus":"REMOVE_TWO","is_prod":false,"is_daily":false,"chose_seed":false,"campfire_upgraded":2,"win_rate":0,"timestamp":1534221013,"path_taken":["M","?","$","?","?","R","?","?","T","M","?","M","?","?","R","BOSS","M","M","?","?","?"],"build_version":"2018-08-09","purchased_purges":0,"victory":false,"max_hp_per_floor":[80,80,80,80,90,90,90,90,90,90,90,90,90,90,90,90,90,90,90,90,90,90],"card_choices":[{"not_picked":["Anger","Warcry"],"picked":"Clothesline","floor":1},{"not_picked":["Wild Strike","Flex","True Grit"],"picked":"SKIP","floor":7},{"not_picked":["Exhume","Fire Breathing","Sword Boomerang"],"picked":"SKIP","floor":10},{"not_picked":["Disarm","Corruption","Wild Strike"],"picked":"SKIP","floor":12},{"not_picked":["Uppercut","Power Through"],"picked":"Dropkick","floor":13},{"not_picked":["Thunderclap","Intimidate","Twin Strike"],"picked":"SKIP","floor":14},{"not_picked":["True Grit+1","Wild Strike","Perfected Strike"],"picked":"SKIP","floor":18},{"not_picked":["Clash","Clothesline+1"],"picked":"Twin Strike+1","floor":19}],"player_experience":413558,"relics_obtained":[{"floor":5,"key":"Pear"},{"floor":9,"key":"Dodecahedron"},{"floor":13,"key":"Odd Mushroom"},{"floor":21,"key":"Matryoshka"}],"event_choices":[{"event_name":"Living Wall","player_choice":"Forget","floor":2,"damage_taken":0},{"event_name":"Scrap Ooze","player_choice":"success","floor":4,"damage_taken":12},{"event_name":"Dead Adventurer","player_choice":"Searched \u00272\u0027 times","floor":8,"damage_taken":0},{"event_name":"Mushrooms","player_choice":"Fought Mushrooms","floor":13,"damage_taken":0},{"event_name":"N\u0027loth","player_choice":"Traded a Sozu","floor":20,"damage_taken":0}],"is_beta":false,"boss_relics":[{"not_picked":["Calling Bell","Runic Cube"],"picked":"Sozu"}],"items_purged_floors":[],"is_endless":false,"potions_floor_spawned":[7,10,16,18],"killed_by":"Sentry and Sphere","ascension_level":5}