{"path_per_floor":["M","M","M","M","M","R","?","M","T","M","M","M","?","?","R","B",null,"M","M","$","M","?","R","M","R","T","R","?","R","M","M","R","B",null,"M","?","?","T","?","R","M","$","T","M","R","M","R","$","R","B"],"character_chosen":"THE_SILENT","items_purchased":["Noxious Fumes","Dexterity Potion"],"gold_per_floor":[112,132,152,170,184,184,184,195,219,231,241,252,252,202,202,307,307,307,307,165,165,165,165,165,165,165,165,165,165,165,165,165,165,165,165,165,165,165,165,165,165,65,65,65,65,65,65,14,14,14],"floor_reached":51,"campfire_rested":5,"playtime":3298,"current_hp_per_floor":[69,69,66,66,66,66,59,53,53,43,43,40,40,40,70,36,70,70,56,56,48,48,48,21,57,57,57,49,49,41,37,70,37,70,50,50,50,50,50,50,23,23,23,16,52,43,70,70,70,68],"items_purged":["Defend_G","Strike_G"],"gold":14,"score":468,"play_id":"b66e1c9c-d32e-4870-a750-af79a22a0cb8","is_prod":false,"is_daily":false,"is_ascension_mode":false,"campfire_upgraded":4,"path_taken":["M","?","M","?","M","R","?","M","T","M","?","M","?","?","R","BOSS","M","M","$","M","?","R","M","R","T","R","?","R","M","M","R","BOSS","M","?","?","?","?","R","M","$","T","?","R","M","R","?","R","BOSS"],"build_version":"2018-02-15-PROD1","purchased_purges":2,"victory":true,"master_deck":["Strike_G","Strike_G","Survivor","Neutralize+1","Adrenaline","Dagger Spray","Blade Dance","Terror","Cloak And Dagger","Backflip","Adrenaline","Backflip+1","Noxious Fumes+1","Noxious Fumes+1","Footwork+1","Cloak And Dagger+1","Backflip+1","Dodge and Roll+1"],"max_hp_per_floor":[70,70,70,70,70,70,70,70,70,70,70,70,70,70,70,70,70,70,70,70,70,70,70,70,70,70,70,70,70,70,70,70,70,70,70,70,70,70,70,70,70,70,70,70,70,70,70,70,70,70],"relics":["Ring of the Snake","Regal Pillow","Ectoplasm","Shovel","Dream Catcher","Ancient Tea Set","Runic Pyramid","Bronze Scales"],"card_choices":[{"not_picked":["Blade Dance","Deadly Poison"],"picked":"Dagger Spray"},{"not_picked":["Underhanded Strike","Dodge and Roll"],"picked":"Blade Dance"},{"not_picked":["Catalyst","A Thousand Cuts"],"picked":"Terror"},{"not_picked":["Poisoned Stab","Quick Slash"],"picked":"Cloak And Dagger"},{"not_picked":["Outmaneuver","Bane"],"picked":"Backflip"},{"not_picked":["Night Terror","Corpse Explosion"],"picked":"Adrenaline"},{"not_picked":["Distraction","Outmaneuver"],"picked":"Backflip"},{"not_picked":["Slice","Riddle With Holes"],"picked":"Noxious Fumes"},{"not_picked":["Underhanded Strike","Cloak And Dagger"],"picked":"Footwork"},{"not_picked":["Dagger Throw","Night Terror"],"picked":"Cloak And Dagger"},{"not_picked":["Dagger Throw","Storm of Steel"],"picked":"Backflip"},{"not_picked":["Skewer","Sucker Punch"],"picked":"Dodge and Roll"}],"player_experience":113562,"potions_floor_usage":[16,16,16,33,33,50,50,50],"damage_taken":[{"damage":1,"enemies":"Cultist","floor":1,"turns":3},{"damage":0,"enemies":"Small Slimes","floor":2,"turns":3},{"damage":3,"enemies":"2 Louse","floor":3,"turns":2},{"damage":0,"enemies":"Large Slime","floor":4,"turns":5},{"damage":0,"enemies":"Blue Slaver","floor":5,"turns":3},{"damage":6,"enemies":"Exordium Wildlife","floor":8,"turns":3},{"damage":10,"enemies":"Gremlin Gang","floor":10,"turns":4},{"damage":0,"enemies":"Looter","floor":11,"turns":2},{"damage":3,"enemies":"Lots of Slimes","floor":12,"turns":2},{"damage":34,"enemies":"Slime Boss","floor":16,"turns":8},{"damage":0,"enemies":"Chosen","floor":18,"turns":5},{"damage":14,"enemies":"Spheric Guardian","floor":19,"turns":4},{"damage":8,"enemies":"Cultist and Chosen","floor":21,"turns":7},{"damage":27,"enemies":"Slaver and Parasite","floor":24,"turns":5},{"damage":8,"enemies":"3 Cultists","floor":30,"turns":4},{"damage":4,"enemies":"Snake Plant","floor":31,"turns":5},{"damage":33,"enemies":"Automaton","floor":33,"turns":9},{"damage":20,"enemies":"3 Shapes","floor":35,"turns":5},{"damage":27,"enemies":"3 Darklings","floor":41,"turns":4},{"damage":7,"enemies":"4 Shapes","floor":44,"turns":5},{"damage":9,"enemies":"Sphere and 2 Shapes","floor":46,"turns":7},{"damage":2,"enemies":"Donu and Deca","floor":50,"turns":9}],"event_choices":[{"event_name":"Golden Wing","player_choice":"Card Removal","floor":7,"damage_taken":0},{"event_name":"Living Wall","player_choice":"Forget","floor":13,"damage_taken":0},{"event_name":"The Cleric","player_choice":"Card Removal","floor":14,"damage_taken":0},{"event_name":"Bonfire Elementals","player_choice":"BASIC","floor":22,"damage_taken":0},{"event_name":"Knowing Skull","player_choice":"","floor":28,"damage_taken":0},{"event_name":"The Woman in Blue","player_choice":"Bought 0 Potions","floor":36,"damage_taken":0},{"event_name":"Tomb of Lord Red Mask","player_choice":"Ignored","floor":37,"damage_taken":0},{"event_name":"Purifier","player_choice":"One Purge","floor":39,"damage_taken":0}],"boss_relics":[{"not_picked":["Cursed Key","Calling Bell"],"picked":"Ectoplasm"},{"not_picked":["Astrolabe","Orrery"],"picked":"Runic Pyramid"}],"potions_floor_spawned":[1,5,10,11,12,16,18,24,30,33,35,44],"seed_played":"-4505771557079456494","ascension_level":0,"is_trial":false}