{"gold_per_floor":[115,141,15,27,27,59,59,69,114,129,157,120,139,151,151,256,256,268,239,256,356,374,402,430,430,430,454,471,503,503,522,522,522],"floor_reached":33,"playtime":4341,"items_purged":["Strike_G"],"score":299,"play_id":"c8d60bc1-bd4b-4ed4-a234-5b17bc5d0d91","local_time":"20180719063317","is_ascension_mode":false,"campfire_choices":[{"floor":15,"key":"REST"},{"floor":25,"key":"REST"},{"floor":30,"key":"REST"},{"floor":32,"key":"REST"}],"neow_cost":"NONE","seed_source_timestamp":8518050038883,"circlet_count":0,"master_deck":["Defend_G","Defend_G","Defend_G","Defend_G","Defend_G","Strike_G","Strike_G","Strike_G","Strike_G","Survivor+1","Neutralize","Calculated Gamble+1","Dodge and Roll","Dash","Deadly Poison","A Thousand Cuts","Leg Sweep","Dash","Dash","Deadly Poison","Doppelganger","Outmaneuver","Caltrops","Deadly Poison","Dagger Spray","Backstab","Dagger Spray+1","Caltrops","Crippling Poison","Outmaneuver"],"relics":["Fusion Hammer","War Paint","Ninja Scroll","Orichalcum","Pen Nib","Black Star","Ornamental Fan","Kunai","Red Mask","Tough Bandages","Anchor","Oddly Smooth Stone","Lantern"],"potions_floor_usage":[23,23,23,31,33,33],"damage_taken":[{"damage":0,"enemies":"Cultist","floor":1,"turns":4},{"damage":0,"enemies":"Small Slimes","floor":4,"turns":4},{"damage":17,"enemies":"3 Sentries","floor":6,"turns":13},{"damage":0,"enemies":"Jaw Worm","floor":8,"turns":2},{"damage":0,"enemies":"Large Slime","floor":10,"turns":4},{"damage":4,"enemies":"Gremlin Nob","floor":11,"turns":5},{"damage":0,"enemies":"Exordium Wildlife","floor":13,"turns":5},{"damage":0,"enemies":"Red Slaver","floor":14,"turns":2},{"damage":14,"enemies":"Slime Boss","floor":16,"turns":11},{"damage":3,"enemies":"Shell Parasite","floor":18,"turns":6},{"damage":5,"enemies":"2 Thieves","floor":19,"turns":5},{"damage":17,"enemies":"Cultist and Chosen","floor":20,"turns":7},{"damage":22,"enemies":"3 Cultists","floor":22,"turns":5},{"damage":3,"enemies":"Book of Stabbing","floor":23,"turns":7},{"damage":0,"floor":24,"turns":4},{"damage":6,"enemies":"Chosen and Byrds","floor":28,"turns":4},{"damage":27,"enemies":"Gremlin Leader","floor":29,"turns":6},{"damage":9,"enemies":"Snake Plant","floor":31,"turns":3},{"damage":41,"enemies":"Champ","floor":33,"turns":10}],"seed_played":"9152848109216316162","potions_obtained":[{"floor":1,"key":"Block Potion"},{"floor":10,"key":"FearPotion"},{"floor":11,"key":"EssenceOfSteel"},{"floor":13,"key":"AttackPotion"},{"floor":23,"key":"PowerPotion"},{"floor":24,"key":"Poison Potion"},{"floor":29,"key":"LiquidBronze"}],"is_trial":false,"path_per_floor":["M","T","$","M","?","E","$","M","T","M","E","?","M","M","R","B",null,"M","M","M","?","M","E","?","R","T","T","M","E","R","M","R"],"character_chosen":"THE_SILENT","items_purchased":["Dodge and Roll"],"campfire_rested":4,"item_purchase_floors":[3],"current_hp_per_floor":[70,70,70,70,70,53,53,53,53,53,49,49,49,49,70,56,70,67,62,45,45,23,20,20,41,41,41,35,8,29,20,41,0],"gold":522,"neow_bonus":"BOSS_RELIC","is_prod":false,"is_daily":false,"chose_seed":false,"campfire_upgraded":0,"win_rate":0.0,"timestamp":1531953197,"path_taken":["M","?","$","M","?","E","?","M","T","?","E","?","M","?","R","BOSS","M","?","M","?","?","E","?","R","T","?","M","E","R","M","R","BOSS"],"build_version":"2018-07-12","purchased_purges":1,"victory":false,"max_hp_per_floor":[70,70,70,70,70,70,70,70,70,70,70,70,70,70,70,70,70,70,70,70,70,70,70,70,70,70,70,70,70,70,70,70,70],"card_choices":[{"not_picked":["Escape Plan","Dagger Throw"],"picked":"Calculated Gamble","floor":1},{"not_picked":["Reflex","Dodge and Roll"],"picked":"Dash","floor":4},{"not_picked":["Dagger Throw","Outmaneuver"],"picked":"Deadly Poison","floor":6},{"not_picked":["Skewer","Infinite Blades"],"picked":"A Thousand Cuts","floor":8},{"not_picked":["Dagger Spray","Flying Knee"],"picked":"Leg Sweep","floor":10},{"not_picked":["Prepared","Dodge and Roll"],"picked":"Dash","floor":11},{"not_picked":["Riddle With Holes","Skewer"],"picked":"Dash","floor":13},{"not_picked":["All Out Attack","Dodge and Roll"],"picked":"Deadly Poison","floor":14},{"not_picked":["Bullet Time","Phantasmal Killer"],"picked":"Doppelganger","floor":16},{"not_picked":["Flechettes","Acrobatics"],"picked":"Outmaneuver","floor":18},{"not_picked":["Acrobatics","Deflect+1"],"picked":"Caltrops","floor":19},{"not_picked":["Underhanded Strike","Quick Slash"],"picked":"Deadly Poison","floor":20},{"not_picked":["Underhanded Strike","Footwork"],"picked":"Dagger Spray","floor":22},{"not_picked":["Dodge and Roll","Doppelganger"],"picked":"Backstab","floor":23},{"not_picked":["Flechettes","Acrobatics"],"picked":"Dagger Spray+1","floor":24},{"not_picked":["Predator","Malaise"],"picked":"Caltrops","floor":28},{"not_picked":["Dagger Throw","Bane"],"picked":"Crippling Poison","floor":29},{"not_picked":["Acrobatics","Bane"],"picked":"Outmaneuver","floor":31}],"player_experience":100283,"relics_obtained":[{"floor":2,"key":"War Paint"},{"floor":6,"key":"Ninja Scroll"},{"floor":9,"key":"Orichalcum"},{"floor":11,"key":"Pen Nib"},{"floor":23,"key":"Ornamental Fan"},{"floor":23,"key":"Kunai"},{"floor":24,"key":"Red Mask"},{"floor":26,"key":"Tough Bandages"},{"floor":27,"key":"Anchor"},{"floor":29,"key":"Oddly Smooth Stone"},{"floor":29,"key":"Lantern"}],"event_choices":[{"event_name":"The Cleric","player_choice":"Leave","floor":5,"damage_taken":0},{"event_name":"World of Goop","player_choice":"Left","floor":12,"damage_taken":0},{"event_name":"Golden Shrine","player_choice":"Pray","floor":21,"damage_taken":0},{"event_name":"Masked Bandits","player_choice":"Fought over 402 gold","floor":24,"damage_taken":0}],"boss_relics":[{"not_picked":["Velvet Choker","Sozu"],"picked":"Black Star"}],"items_purged_floors":[3],"is_endless":false,"potions_floor_spawned":[1,10,11,13,22,23,24,29],"killed_by":"Champ","ascension_level":0}