{"path_per_floor":["M","$","?","M","M","R","M","R","T","R","?","$","M","?","R","B",null,"M","M","$","M","M","R","?","T","T","R","M","$","?","M","R"],"character_chosen":"THE_SILENT","items_purchased":[],"gold_per_floor":[112,37,112,126,138,138,152,152,234,234,234,134,153,153,153,257,257,271,290,165,182,199,199,199,224,224,224,241,91,91,107,107],"floor_reached":33,"campfire_rested":4,"playtime":1824,"current_hp_per_floor":[68,68,57,57,57,57,53,53,53,53,39,39,34,27,48,30,70,58,45,45,36,13,34,34,34,48,73,65,65,65,41,66],"items_purged":["Defend_G","Defend_G","Defend_G","Strike_G"],"gold":107,"score":237,"play_id":"2e302094-7489-458b-9db1-fe995eb7f96a","is_prod":false,"is_daily":false,"is_ascension_mode":false,"campfire_upgraded":3,"path_taken":["M","$","?","M","M","R","M","R","T","R","?","$","M","?","R","BOSS","M","M","$","?","M","R","?","?","T","R","M","$","?","M","R","BOSS"],"build_version":"2018-02-15-PROD1","purchased_purges":4,"victory":false,"master_deck":["Defend_G+1","Strike_G+1","Strike_G","Strike_G","Strike_G","Survivor","Neutralize","Finisher+1","Quick Slash+1","Noxious Fumes+1","Adrenaline","Poisoned Stab+1","Flying Knee","Bane"],"max_hp_per_floor":[70,70,70,70,70,70,70,70,70,70,70,70,70,70,70,70,70,70,70,70,70,70,70,70,70,84,84,84,84,84,84,84],"relics":["Ring of the Snake","Orichalcum","Tough Bandages","The Specimen","Snake Skull","Mango"],"card_choices":[{"not_picked":["Deflect","Predator"],"picked":"Finisher"},{"not_picked":["Deadly Poison","Prepared"],"picked":"Quick Slash"},{"not_picked":["Backflip","Quick Slash"],"picked":"Noxious Fumes"},{"not_picked":["Night Terror","Glass Knife"],"picked":"Adrenaline"},{"not_picked":["Backflip","Skewer"],"picked":"Poisoned Stab"},{"not_picked":["Expertise","Deadly Poison"],"picked":"Flying Knee"},{"not_picked":["Calculated Gamble","Riddle With Holes"],"picked":"Bane"}],"player_experience":68877,"potions_floor_usage":[16,22,33,33,33],"damage_taken":[{"damage":2,"enemies":"Small Slimes","floor":1,"turns":4},{"damage":0,"enemies":"2 Louse","floor":4,"turns":2},{"damage":0,"enemies":"Cultist","floor":5,"turns":3},{"damage":4,"enemies":"Looter","floor":7,"turns":3},{"damage":5,"enemies":"Blue Slaver","floor":13,"turns":4},{"damage":18,"enemies":"Hexaghost","floor":16,"turns":8},{"damage":12,"enemies":"Chosen","floor":18,"turns":4},{"damage":13,"enemies":"Spheric Guardian","floor":19,"turns":4},{"damage":9,"enemies":"Snake Plant","floor":21,"turns":3},{"damage":23,"enemies":"Sentry and Sphere","floor":22,"turns":6},{"damage":8,"enemies":"Chosen and Byrds","floor":28,"turns":4},{"damage":24,"enemies":"Snake Plant","floor":31,"turns":4},{"damage":67,"enemies":"Automaton","floor":33,"turns":6}],"event_choices":[{"event_name":"World of Goop","player_choice":"Gather Gold","floor":3,"damage_taken":0},{"event_name":"Shining Light","player_choice":"Entered Light","floor":11,"damage_taken":0},{"event_name":"Golden Wing","player_choice":"Card Removal","floor":14,"damage_taken":0},{"event_name":"Vampires","player_choice":"Ignored","floor":24,"damage_taken":0},{"event_name":"Cursed Tome","player_choice":"Ignored","floor":30,"damage_taken":0}],"boss_relics":[{"not_picked":["Orrery","Black Star"],"picked":"The Specimen"}],"potions_floor_spawned":[4,13,19,21,31],"seed_played":"8256892366794858785","killed_by":"Automaton","ascension_level":0,"is_trial":false}