{"gold_per_floor":[112,125,138,155,155,155,176,176,176,176,176,176,210,220,220,297,297,313,313,333,348,39,68,68],"floor_reached":24,"playtime":1238,"items_purged":[],"score":410,"play_id":"f146d0d6-6158-4383-ae3b-2075637896d7","local_time":"20190607020150","is_ascension_mode":true,"campfire_choices":[{"data":"Deadly Poison","floor":6,"key":"SMITH"},{"data":"Deadly Poison","floor":8,"key":"SMITH"},{"data":"Well Laid Plans","floor":10,"key":"SMITH"},{"floor":12,"key":"REST"},{"data":"Dagger Spray","floor":15,"key":"SMITH"}],"neow_cost":"NONE","seed_source_timestamp":444647680420758,"circlet_count":0,"master_deck":["AscendersBane","Defend_G","Defend_G","Defend_G","Strike_G","Strike_G+1","Strike_G+1","Survivor","Neutralize+1","Well Laid Plans+1","PiercingWail","Deadly Poison+1","Deadly Poison+1","Dodge and Roll","Dash","Dagger Spray+1","Envenom","Deflect","Dash","Crippling Poison","Malaise"],"relics":["Ring of the Snake","Odd Mushroom","Whetstone","Pear","Empty Cage","Paper Crane","Shuriken"],"potions_floor_usage":[7,16,20,23,24],"damage_taken":[{"damage":0,"enemies":"2 Louse","floor":1,"turns":4},{"damage":0,"enemies":"Jaw Worm","floor":2,"turns":5},{"damage":5,"enemies":"Cultist","floor":3,"turns":5},{"damage":11,"enemies":"Looter","floor":4,"turns":4},{"damage":11,"enemies":"The Mushroom Lair","floor":7,"turns":4},{"damage":11,"enemies":"Lagavulin","floor":13,"turns":7},{"damage":7,"enemies":"Blue Slaver","floor":14,"turns":4},{"damage":34,"enemies":"Slime Boss","floor":16,"turns":10},{"damage":21,"enemies":"3 Byrds","floor":18,"turns":7},{"damage":15,"enemies":"2 Thieves","floor":20,"turns":4},{"damage":11,"enemies":"Snake Plant","floor":21,"turns":5},{"damage":17,"enemies":"Book of Stabbing","floor":23,"turns":7},{"damage":5,"enemies":"Snecko","floor":24,"turns":4}],"seed_played":"6999887222389154142","potions_obtained":[{"floor":3,"key":"Explosive Potion"},{"floor":13,"key":"Fire Potion"},{"floor":14,"key":"Weak Potion"},{"floor":18,"key":"SkillPotion"},{"floor":20,"key":"Ancient Potion"},{"floor":23,"key":"Explosive Potion"}],"is_trial":false,"path_per_floor":["M","M","M","M","?","R","?","R","T","R","?","R","E","M","R","B",null,"M","?","M","M","$","E","M"],"character_chosen":"THE_SILENT","items_purchased":["Paper Crane","Crippling Poison"],"campfire_rested":1,"item_purchase_floors":[22,22],"current_hp_per_floor":[59,59,54,43,48,48,37,37,37,37,37,58,57,50,50,16,65,44,44,29,18,18,1,0],"gold":68,"neow_bonus":"UPGRADE_CARD","is_prod":false,"is_daily":false,"chose_seed":false,"campfire_upgraded":4,"win_rate":0,"timestamp":1559844110,"path_taken":["M","M","M","M","?","R","?","R","T","R","?","R","E","M","R","BOSS","M","?","M","M","$","E","M"],"build_version":"2019-01-23","purchased_purges":0,"victory":false,"max_hp_per_floor":[66,66,66,66,71,71,71,71,71,71,71,71,81,81,81,81,81,81,81,81,81,81,81,81],"card_choices":[{"not_picked":["Deadly Poison","Prepared"],"picked":"Well Laid Plans","floor":1},{"not_picked":["Bane","Tactician"],"picked":"PiercingWail","floor":2},{"not_picked":["Outmaneuver","Eviscerate"],"picked":"Deadly Poison","floor":3},{"not_picked":["Accuracy","Distraction"],"picked":"Deadly Poison","floor":4},{"not_picked":["Slice","Sucker Punch"],"picked":"Dodge and Roll","floor":7},{"not_picked":["Endless Agony","Bane"],"picked":"Dash","floor":13},{"not_picked":["Storm of Steel","Choke"],"picked":"Dagger Spray","floor":14},{"not_picked":["Phantasmal Killer","Unload"],"picked":"Envenom","floor":16},{"not_picked":["Riddle With Holes","Acrobatics+1","Sucker Punch+1"],"picked":"SKIP","floor":18},{"not_picked":["Underhanded Strike","Sucker Punch","Well Laid Plans"],"picked":"SKIP","floor":20},{"not_picked":["Flechettes","Underhanded Strike"],"picked":"Dash","floor":21},{"not_picked":["Flying Knee","Poisoned Stab+1"],"picked":"Malaise","floor":23}],"player_experience":645375,"relics_obtained":[{"floor":7,"key":"Odd Mushroom"},{"floor":9,"key":"Whetstone"},{"floor":13,"key":"Pear"},{"floor":23,"key":"Shuriken"}],"event_choices":[{"damage_healed":0,"gold_gain":0,"player_choice":"Donut","damage_taken":0,"max_hp_gain":5,"max_hp_loss":0,"event_name":"Big Fish","floor":5,"gold_loss":0},{"damage_healed":0,"gold_gain":0,"player_choice":"Fought Mushrooms","damage_taken":0,"max_hp_gain":0,"max_hp_loss":0,"event_name":"Mushrooms","floor":7,"gold_loss":0},{"cards_removed":["Strike_G"],"damage_healed":0,"gold_gain":0,"player_choice":"Forget","damage_taken":0,"max_hp_gain":0,"max_hp_loss":0,"event_name":"Living Wall","floor":11,"gold_loss":0},{"damage_healed":0,"gold_gain":0,"cards_transformed":["Defend_G"],"player_choice":"Transformed","damage_taken":0,"max_hp_gain":0,"max_hp_loss":0,"event_name":"Transmorgrifier","floor":19,"gold_loss":0,"cards_obtained":["Deflect"]}],"is_beta":false,"boss_relics":[{"not_picked":["Ring of the Serpent","WristBlade"],"picked":"Empty Cage"}],"items_purged_floors":[],"is_endless":false,"potions_floor_spawned":[3,13,14,18,20,23],"killed_by":"Snecko","ascension_level":18}