{"gold_per_floor":[117,117,131,131,131,166,166,182,182,196,210,236,87,102,102,207,207,221,221,221,239,139,139,14,44,44,44,75,95,95],"floor_reached":30,"playtime":1274,"items_purged":["Strike_R","Strike_R","Strike_R"],"score":530,"play_id":"833ea55a-faa1-4e30-9f74-16eefbc27953","local_time":"20180816100441","is_ascension_mode":true,"campfire_choices":[{"data":"Whirlwind","floor":7,"key":"SMITH"},{"data":"Bloodletting","floor":15,"key":"SMITH"},{"data":"Immolate","floor":23,"key":"SMITH"}],"neow_cost":"","seed_source_timestamp":7158452564079,"circlet_count":0,"master_deck":["Strike_R","Defend_R","Defend_R","Defend_R","Defend_R","Bash","AscendersBane","Pommel Strike","True Grit","Whirlwind+1","Uppercut","Double Tap+1","Bloodletting+1","Immolate+1","Writhe","Carnage+1"],"relics":["Burning Blood","Du-Vu Doll","Torii","Mercury Hourglass","Snecko Eye","Shuriken","Blue Candle","Meat on the Bone","Strawberry","Champion Belt"],"potions_floor_usage":[16,16,16,30],"damage_taken":[{"damage":14,"enemies":"Jaw Worm","floor":1,"turns":6},{"damage":1,"enemies":"Cultist","floor":3,"turns":4},{"damage":39,"enemies":"Gremlin Nob","floor":6,"turns":5},{"damage":0,"enemies":"Small Slimes","floor":8,"turns":4},{"damage":1,"enemies":"2 Fungi Beasts","floor":10,"turns":2},{"damage":0,"enemies":"3 Louse","floor":11,"turns":1},{"damage":22,"enemies":"3 Sentries","floor":12,"turns":6},{"damage":1,"enemies":"Exordium Wildlife","floor":14,"turns":3},{"damage":0,"enemies":"Slime Boss","floor":16,"turns":5},{"damage":14,"enemies":"Shell Parasite","floor":18,"turns":3},{"damage":1,"enemies":"Chosen","floor":21,"turns":3},{"damage":38,"enemies":"Book of Stabbing","floor":25,"turns":3},{"damage":0,"enemies":"Gremlin Leader","floor":28,"turns":2},{"damage":0,"enemies":"Snake Plant","floor":29,"turns":1},{"damage":65,"enemies":"Book of Stabbing","floor":30,"turns":4}],"seed_played":"7888202647837237664","potions_obtained":[{"floor":4,"key":"SmokeBomb"},{"floor":4,"key":"FairyPotion"},{"floor":4,"key":"PowerPotion"},{"floor":8,"key":"Explosive Potion"},{"floor":12,"key":"Fire Potion"},{"floor":14,"key":"Regen Potion"},{"floor":21,"key":"SpeedPotion"},{"floor":25,"key":"SpeedPotion"}],"is_trial":false,"path_per_floor":["M","?","M","?","?","E","R","M","T","M","M","E","$","M","R","B",null,"M","T","?","M","$","R","$","E","T","?","E","M"],"character_chosen":"IRONCLAD","items_purchased":["Double Tap"],"campfire_rested":0,"item_purchase_floors":[13],"current_hp_per_floor":[64,57,62,62,67,34,34,40,40,45,51,35,35,40,40,58,78,70,70,70,75,75,75,75,43,50,50,56,62,0],"gold":95,"neow_bonus":"","is_prod":false,"is_daily":false,"chose_seed":false,"campfire_upgraded":3,"win_rate":0,"timestamp":1534385081,"path_taken":["M","?","?","?","?","E","R","M","T","M","M","E","$","M","R","BOSS","M","?","?","M","$","R","$","E","T","?","E","M","E"],"build_version":"2018-08-09","purchased_purges":3,"victory":false,"max_hp_per_floor":[80,80,80,80,85,85,85,85,85,85,85,85,85,85,85,85,85,85,85,85,85,85,85,85,85,92,92,92,92,92],"card_choices":[{"not_picked":["Armaments","Evolve"],"picked":"Pommel Strike","floor":1},{"not_picked":["Flex","Thunderclap"],"picked":"True Grit","floor":3},{"not_picked":["Second Wind","Pommel Strike"],"picked":"Whirlwind","floor":6},{"not_picked":["Disarm","Wild Strike","Warcry"],"picked":"SKIP","floor":8},{"not_picked":["Hemokinesis","Iron Wave","Searing Blow"],"picked":"SKIP","floor":10},{"not_picked":["Blood for Blood","Warcry","Pummel"],"picked":"SKIP","floor":11},{"not_picked":["Armaments","Entrench"],"picked":"Uppercut","floor":12},{"not_picked":["Cleave","Headbutt"],"picked":"Bloodletting","floor":14},{"not_picked":["Bludgeon","Fiend Fire"],"picked":"Immolate","floor":16},{"not_picked":["Sword Boomerang","Havoc","Headbutt"],"picked":"SKIP","floor":18},{"not_picked":["Reckless Charge","Power Through"],"picked":"Carnage+1","floor":21},{"not_picked":["Warcry","Rampage+1","Evolve"],"picked":"SKIP","floor":25},{"not_picked":["Wild Strike+1","Combust+1","Searing Blow"],"picked":"SKIP","floor":28},{"not_picked":["Cleave","Anger","Headbutt"],"picked":"SKIP","floor":29}],"player_experience":462271,"relics_obtained":[{"floor":6,"key":"Du-Vu Doll"},{"floor":9,"key":"Torii"},{"floor":12,"key":"Mercury Hourglass"},{"floor":19,"key":"Shuriken"},{"floor":25,"key":"Meat on the Bone"},{"floor":26,"key":"Strawberry"},{"floor":28,"key":"Champion Belt"}],"event_choices":[{"event_name":"Golden Wing","player_choice":"Card Removal","floor":2,"damage_taken":0},{"event_name":"The Lab","player_choice":"Got Potions","floor":4,"damage_taken":0},{"event_name":"Big Fish","player_choice":"Donut","floor":5,"damage_taken":0},{"event_name":"The Mausoleum","player_choice":"Yes","floor":20,"damage_taken":0},{"event_name":"Upgrade Shrine","player_choice":"Upgraded","floor":27,"damage_taken":0}],"is_beta":false,"boss_relics":[{"not_picked":["Pandora\u0027s Box","Astrolabe"],"picked":"Snecko Eye"}],"items_purged_floors":[13,22,24],"is_endless":false,"potions_floor_spawned":[8,11,12,14,21,25],"killed_by":"Book of Stabbing","ascension_level":10}