{"gold_per_floor":[109,34,34,34,44,71,71,71,140,140,166,166,185,202,202,305,305,325,325,325,344,66,66,82,100,145,159,174,192,226,244,244,349,349,361,415,433,28,47,73,73,99,99,116,116,127,127,146,146,146],"floor_reached":51,"playtime":40970,"items_purged":["Strike_B"],"score":866,"play_id":"5f734c2a-8626-4211-be76-424cedbf164e","local_time":"20180718174147","is_ascension_mode":false,"campfire_choices":[{"floor":8,"key":"REST"},{"floor":10,"key":"REST"},{"data":"Capacitor","floor":12,"key":"SMITH"},{"data":"Dualcast","floor":15,"key":"SMITH"},{"data":"Ghostly","floor":23,"key":"SMITH"},{"data":"Machine Learning","floor":32,"key":"SMITH"},{"data":"Seek","floor":41,"key":"SMITH"},{"data":"Reboot","floor":45,"key":"SMITH"},{"data":"Thinking Ahead","floor":49,"key":"SMITH"}],"neow_cost":"","seed_source_timestamp":202800582158551,"circlet_count":0,"master_deck":["Strike_B+1","Strike_B+1","Strike_B+1","Defend_B+1","Defend_B+1","Zap+1","Dualcast+1","BootSequence","Go for the Eyes","Auto Shields","Capacitor+1","Cold Snap+1","Cold Snap+1","Ball Lightning+1","Sweeping Beam+1","All For One+1","Rebound+1","Ghostly+1","Ghostly","Ghostly","Ghostly","Ghostly","Cold Snap+1","Rebound+1","Machine Learning+1","Aggregate","Loop","Melter+1","Beam Cell+1","Defragment+1","Consume+1","Seek+1","Skim+1","Go for the Eyes+1","Redo","Thinking Ahead+1","Compile Driver+1","Beam Cell+1","Reboot+1","Self Repair","Darkness+1","Redo+1"],"relics":["Cracked Core","Dream Catcher","Molten Egg 2","Thread and Needle","Nuclear Battery","Bottled Tornado","Regal Pillow","Pear","Black Star","Torii","Strange Spoon","Bottled Flame","Darkstone Periapt","Bag of Marbles","Orichalcum","Dodecahedron"],"potions_floor_usage":[33,44,50,50,50],"damage_taken":[{"damage":5,"enemies":"2 Louse","floor":1,"turns":3},{"damage":0,"enemies":"Small Slimes","floor":5,"turns":3},{"damage":25,"enemies":"Lagavulin","floor":6,"turns":7},{"damage":4,"enemies":"3 Sentries","floor":11,"turns":8},{"damage":0,"enemies":"Cultist","floor":13,"turns":4},{"damage":0,"enemies":"Lots of Slimes","floor":14,"turns":3},{"damage":0,"enemies":"Slime Boss","floor":16,"turns":10},{"damage":0,"enemies":"3 Byrds","floor":18,"turns":4},{"damage":0,"enemies":"Spheric Guardian","floor":21,"turns":5},{"damage":0,"enemies":"3 Cultists","floor":24,"turns":4},{"damage":0,"enemies":"Cultist and Chosen","floor":25,"turns":5},{"damage":2,"enemies":"Snake Plant","floor":27,"turns":4},{"damage":3,"enemies":"Centurion and Healer","floor":28,"turns":6},{"damage":9,"enemies":"3 Cultists","floor":29,"turns":5},{"damage":0,"enemies":"Book of Stabbing","floor":30,"turns":5},{"damage":0,"enemies":"Snecko","floor":31,"turns":4},{"damage":17,"enemies":"Automaton","floor":33,"turns":13},{"damage":5,"enemies":"3 Shapes","floor":35,"turns":3},{"damage":2,"floor":36,"turns":5},{"damage":0,"enemies":"Flame Bruiser 1 Orb","floor":37,"turns":5},{"damage":0,"enemies":"Spire Growth","floor":39,"turns":5},{"damage":0,"enemies":"Nemesis","floor":40,"turns":7},{"damage":0,"enemies":"Giant Head","floor":42,"turns":8},{"damage":5,"enemies":"Sphere and 2 Shapes","floor":44,"turns":7},{"damage":0,"enemies":"3 Darklings","floor":46,"turns":5},{"damage":0,"enemies":"4 Shapes","floor":48,"turns":6},{"damage":3,"enemies":"Donu and Deca","floor":50,"turns":11}],"seed_played":"3483809710392862920","potions_obtained":[{"floor":1,"key":"Dexterity Potion"},{"floor":6,"key":"Dexterity Potion"},{"floor":11,"key":"SneckoOil"},{"floor":24,"key":"Fire Potion"},{"floor":31,"key":"Regen Potion"},{"floor":37,"key":"SteroidPotion"},{"floor":39,"key":"AttackPotion"},{"floor":44,"key":"Fire Potion"}],"is_trial":false,"path_per_floor":["M","$","?","?","M","E","?","R","T","R","E","R","M","M","R","B",null,"M","?","?","M","$","R","M","M","T","M","M","M","E","M","R","B",null,"M","?","M","$","M","E","R","E","T","M","R","M","?","M","R","B"],"character_chosen":"DEFECT","items_purchased":["Bottled Tornado","Rebound+1","Strange Spoon","Thinking Ahead"],"campfire_rested":2,"item_purchase_floors":[22,22,38,38],"current_hp_per_floor":[70,70,70,70,70,45,45,67,67,75,71,71,71,71,71,71,75,75,37,37,37,37,37,37,37,37,35,32,23,33,33,33,16,47,42,40,40,40,40,40,40,40,40,47,47,47,47,47,47,47],"gold":146,"neow_bonus":"","is_prod":false,"is_daily":false,"chose_seed":false,"campfire_upgraded":7,"win_rate":0.0,"timestamp":1531906907,"path_taken":["M","$","?","?","?","E","?","R","T","R","E","R","M","M","R","BOSS","M","?","?","M","$","R","M","M","T","M","M","M","E","M","R","BOSS","M","?","M","$","M","E","R","E","T","M","R","M","?","?","R","BOSS"],"build_version":"2018-07-12","purchased_purges":1,"victory":true,"max_hp_per_floor":[75,75,75,75,75,75,75,75,75,75,75,75,75,75,75,75,75,75,37,37,37,37,37,37,37,37,37,37,37,47,47,47,47,47,47,47,47,47,47,47,47,47,47,47,47,47,47,47,47,47],"card_choices":[{"not_picked":["Blizzard","Conserve Battery"],"picked":"BootSequence","floor":1},{"not_picked":["Steam","Lockon"],"picked":"Go for the Eyes","floor":5},{"not_picked":["Beam Cell","Reinforced Body"],"picked":"Auto Shields","floor":6},{"not_picked":["Ball Lightning","Leap"],"picked":"Capacitor","floor":8},{"not_picked":["Biased Cognition","Conserve Battery"],"picked":"Cold Snap+1","floor":10},{"not_picked":["Redo","Coolheaded"],"picked":"Cold Snap+1","floor":11},{"not_picked":["Heatsinks","Compile Driver+1"],"picked":"Ball Lightning+1","floor":13},{"not_picked":["Go for the Eyes+1","Undo"],"picked":"Sweeping Beam+1","floor":14},{"not_picked":["Amplify","Multi-Cast"],"picked":"All For One+1","floor":16},{"not_picked":["Stack+1","Cold Snap+1"],"picked":"Rebound+1","floor":18},{"not_picked":["Hologram","Gash+1"],"picked":"Cold Snap+1","floor":21},{"not_picked":["Coolheaded+1","Leap"],"picked":"Machine Learning","floor":24},{"not_picked":["Cold Snap+1","Coolheaded+1"],"picked":"Aggregate","floor":25},{"not_picked":["Sweeping Beam+1","Go for the Eyes+1"],"picked":"Loop","floor":27},{"not_picked":["Redo","Chaos"],"picked":"Melter+1","floor":28},{"not_picked":["Coolheaded","Sweeping Beam+1"],"picked":"Beam Cell+1","floor":29},{"not_picked":["Coolheaded+1","Reinforced Body"],"picked":"Defragment+1","floor":30},{"not_picked":["Undo","Coolheaded+1"],"picked":"Consume+1","floor":31},{"not_picked":["Biased Cognition","Fission"],"picked":"Seek","floor":33},{"not_picked":["Gash+1","Leap"],"picked":"Skim+1","floor":35},{"not_picked":["Ball Lightning+1","Beam Cell+1"],"picked":"Go for the Eyes+1","floor":36},{"not_picked":["BootSequence","Steam"],"picked":"Redo","floor":37},{"not_picked":["Compile Driver+1","Reinforced Body","Electrodynamics"],"picked":"SKIP","floor":39},{"not_picked":["Reinforced Body","Electrodynamics"],"picked":"Compile Driver+1","floor":39},{"not_picked":["Steam+1","Conserve Battery"],"picked":"Beam Cell+1","floor":40},{"not_picked":["Barrage+1","Cold Snap+1"],"picked":"Reboot","floor":42},{"not_picked":["Ball Lightning+1","Gash+1"],"picked":"Self Repair","floor":44},{"not_picked":["Force Field","Conserve Battery"],"picked":"Darkness+1","floor":46},{"not_picked":["Hologram","Coolheaded"],"picked":"Redo+1","floor":48}],"player_experience":44341,"relics_obtained":[{"floor":6,"key":"Dream Catcher"},{"floor":9,"key":"Molten Egg 2"},{"floor":11,"key":"Thread and Needle"},{"floor":26,"key":"Regal Pillow"},{"floor":30,"key":"Pear"},{"floor":36,"key":"Torii"},{"floor":40,"key":"Bottled Flame"},{"floor":40,"key":"Darkstone Periapt"},{"floor":42,"key":"Bag of Marbles"},{"floor":42,"key":"Orichalcum"},{"floor":43,"key":"Dodecahedron"}],"event_choices":[{"event_name":"Living Wall","player_choice":"Forget","floor":3,"damage_taken":0},{"event_name":"Upgrade Shrine","player_choice":"Upgraded","floor":4,"damage_taken":0},{"event_name":"Liars Game","player_choice":"disagreed","floor":7,"damage_taken":0},{"event_name":"Ghosts","player_choice":"Became a Ghost","floor":19,"damage_taken":0},{"event_name":"Back to Basics","player_choice":"Simplicity","floor":20,"damage_taken":0},{"event_name":"Mysterious Sphere","player_choice":"Fight","floor":36,"damage_taken":0},{"event_name":"Falling","player_choice":"Removed Skill","floor":47,"damage_taken":0}],"boss_relics":[{"not_picked":["Tiny House","White Beast Statue"],"picked":"Nuclear Battery"},{"not_picked":["Busted Crown","Coffee Dripper"],"picked":"Black Star"}],"items_purged_floors":[2],"is_endless":false,"potions_floor_spawned":[1,6,11,24,25,31,37,39,44],"ascension_level":0}