{"gold_per_floor":[17,37,37,53,53,53,78,78,78,97,97,109,34,53,53,156,156,166,66,66,66,66,66,81,113,161,36,36,56,56,74,74,74],"floor_reached":33,"playtime":1657,"items_purged":["Strike_G","Strike_G","Strike_G"],"score":318,"play_id":"080449cf-bce4-4079-967c-6f70ee36f7af","local_time":"20180812101835","is_ascension_mode":true,"campfire_choices":[{"data":"Die Die Die","floor":6.0,"key":"SMITH"},{"data":"Bouncing Flask","floor":8.0,"key":"SMITH"},{"data":"Poisoned Stab","floor":11.0,"key":"SMITH"},{"data":"Crippling Poison","floor":15.0,"key":"SMITH"},{"data":"Envenom","floor":23,"key":"SMITH"},{"data":"Neutralize","floor":28,"key":"SMITH"},{"data":"Outmaneuver","floor":30,"key":"SMITH"},{"floor":32,"key":"REST"}],"neow_cost":"NO_GOLD","seed_source_timestamp":0,"circlet_count":0,"master_deck":["Defend_G","Defend_G","Defend_G","Defend_G","Strike_G","Survivor","Neutralize+1","Die Die Die+1","Bouncing Flask+1","Deadly Poison","Poisoned Stab+1","Deadly Poison","Poisoned Stab","Crippling Poison+1","Envenom+1","Distraction+1","Leg Sweep+1","Outmaneuver+1"],"special_seed":0,"relics":["Ring of the Snake","Juzu Bracelet","Mummified Hand","WristBlade","FaceOfCleric","Blue Candle","Vajra"],"potions_floor_usage":[25,29,29,31,31],"damage_taken":[{"damage":0.0,"enemies":"2 Louse","floor":1.0,"turns":2.0},{"damage":0.0,"enemies":"Small Slimes","floor":2.0,"turns":2.0},{"damage":0.0,"enemies":"Jaw Worm","floor":4.0,"turns":4.0},{"damage":32.0,"enemies":"3 Sentries","floor":7.0,"turns":8.0},{"damage":6.0,"enemies":"Red Slaver","floor":10.0,"turns":3.0},{"damage":9.0,"enemies":"Looter","floor":12.0,"turns":3.0},{"damage":5.0,"enemies":"Exordium Wildlife","floor":14.0,"turns":2.0},{"damage":11.0,"enemies":"Hexaghost","floor":16.0,"turns":7.0},{"damage":30,"enemies":"3 Byrds","floor":18,"turns":4},{"damage":4,"enemies":"Chosen","floor":24,"turns":4},{"damage":52,"enemies":"Slavers","floor":25,"turns":4},{"damage":7,"enemies":"Sentry and Sphere","floor":29,"turns":4},{"damage":0,"enemies":"Snake Plant","floor":31,"turns":3},{"damage":49,"enemies":"Champ","floor":33,"turns":9}],"seed_played":"-8588928045381908162","potions_obtained":[{"floor":2.0,"key":"GamblersBrew"},{"floor":10.0,"key":"Swift Potion"},{"floor":12.0,"key":"AttackPotion"},{"floor":14.0,"key":"Swift Potion"},{"floor":25,"key":"Fire Potion"},{"floor":29,"key":"Ancient Potion"}],"is_trial":false,"path_per_floor":["M","M","$","M","?","R","E","R","T","M","R","M","$","M","R","B",null,"M","$","?","$","?","R","M","E","T","$","R","M","R","M","R"],"character_chosen":"THE_SILENT","items_purchased":[],"campfire_rested":1,"item_purchase_floors":[],"current_hp_per_floor":[70,70,70,70,70,70,38,38,38,32,32,23,23,18,18,7,70,40,40,70,70,70,70,67,16,16,16,16,10,10,11,33,0],"gold":74,"neow_bonus":"TRANSFORM_TWO_CARDS","is_prod":false,"is_daily":false,"chose_seed":false,"campfire_upgraded":7,"win_rate":0,"timestamp":1534040315,"path_taken":["M","M","$","M","?","R","E","R","T","M","R","M","$","M","R","BOSS","M","$","?","$","?","R","M","E","T","?","R","M","R","M","R","BOSS"],"build_version":"2018-08-09","purchased_purges":3,"victory":false,"max_hp_per_floor":[70,70,70,70,70,70,70,70,70,70,70,70,70,70,70,70,70,70,70,70,70,70,70,71,72,72,72,72,73,73,74,74,74],"card_choices":[{"not_picked":["Underhanded Strike","Slice","Poisoned Stab"],"picked":"SKIP","floor":1.0},{"not_picked":["Backflip","Flying Knee"],"picked":"Bouncing Flask","floor":2.0},{"not_picked":["Underhanded Strike","Predator"],"picked":"Deadly Poison","floor":4.0},{"not_picked":["Slice","Bullet Time"],"picked":"Poisoned Stab","floor":7.0},{"not_picked":["Backflip","Slice"],"picked":"Deadly Poison","floor":10.0},{"not_picked":["Backflip","Skewer"],"picked":"Poisoned Stab","floor":12.0},{"not_picked":["Sucker Punch","Prepared"],"picked":"Crippling Poison","floor":14.0},{"not_picked":["Wraith Form v2","Adrenaline"],"picked":"Envenom","floor":16.0},{"not_picked":["Deflect+1","Masterful Stab","Underhanded Strike"],"picked":"SKIP","floor":18},{"not_picked":["Poisoned Stab","Prepared"],"picked":"Distraction+1","floor":24},{"not_picked":["Flechettes","Deadly Poison"],"picked":"Leg Sweep+1","floor":25},{"not_picked":["Underhanded Strike","Acrobatics+1"],"picked":"Outmaneuver","floor":29},{"not_picked":["Deflect","Calculated Gamble","Deadly Poison"],"picked":"SKIP","floor":31}],"player_experience":369795,"relics_obtained":[{"floor":7.0,"key":"Juzu Bracelet"},{"floor":9.0,"key":"Mummified Hand"},{"floor":25,"key":"Blue Candle"},{"floor":26,"key":"Vajra"}],"event_choices":[{"event_name":"Liars Game","player_choice":"disagreed","floor":5.0,"damage_taken":0.0},{"event_name":"Bonfire Elementals","player_choice":"UNCOMMON","floor":20,"damage_taken":0},{"event_name":"FaceTrader","player_choice":"Trade","floor":22,"damage_taken":0}],"is_beta":false,"boss_relics":[{"not_picked":["Tiny House","Pandora\u0027s Box"],"picked":"WristBlade"}],"items_purged_floors":[13,19,27],"is_endless":false,"potions_floor_spawned":[2,10,12,14,25,29],"killed_by":"Champ","ascension_level":4}