{"gold_per_floor":[112,112,128,128,139,170,170,197,220,234,247,275,275,294,294,389,389,407,155,175,125,145,172,172,183,183,183,183,196,196,258,258,360,360,370,370,670,690,701,701,735,752,752,770,770,785,803,803,803,803],"floor_reached":50,"playtime":3488,"items_purged":[],"score":588,"play_id":"89f79170-4b9f-4d83-a39e-c23b8fea917a","local_time":"20180809223751","is_ascension_mode":true,"campfire_choices":[{"data":"Cold Snap","floor":7,"key":"SMITH"},{"floor":13,"key":"REST"},{"data":"Zap","floor":15,"key":"SMITH"},{"data":"Conserve Battery","floor":24,"key":"SMITH"},{"data":"Compile Driver","floor":28,"key":"SMITH"},{"data":"Core Surge","floor":30,"key":"SMITH"},{"data":"Capacitor","floor":32,"key":"SMITH"},{"data":"Barrage","floor":40,"key":"SMITH"},{"floor":45,"key":"REST"},{"floor":49,"key":"REST"}],"neow_cost":"NONE","seed_source_timestamp":614148080459030,"circlet_count":0,"master_deck":["Strike_B+1","Strike_B+1","Strike_B+1","Defend_B+1","Defend_B+1","Defend_B+1","Defend_B+1","Zap+1","FTL","Cold Snap+1","Ball Lightning","Doom and Gloom","Ball Lightning","Core Surge+1","Conserve Battery+1","Master of Strategy","Compile Driver+1","Self Repair+1","Reinforced Body","Capacitor+1","Reinforced Body","Reinforced Body","Machine Learning","Barrage+1","Barrage+1","Capacitor","Madness","Madness"],"relics":["FrozenCore","Lantern","Anchor","Bag of Marbles","Oddly Smooth Stone","Strawberry","Bag of Preparation","Tiny Chest","Empty Cage","Old Coin","Boot","Regal Pillow"],"potions_floor_usage":[8,16,23,33,37,50,50,50],"damage_taken":[{"damage":3,"enemies":"Jaw Worm","floor":1,"turns":3},{"damage":0,"enemies":"Cultist","floor":3,"turns":2},{"damage":0,"enemies":"2 Louse","floor":5,"turns":3},{"damage":13,"enemies":"3 Sentries","floor":6,"turns":6},{"damage":14,"enemies":"Gremlin Nob","floor":8,"turns":3},{"damage":1,"enemies":"Exordium Thugs","floor":10,"turns":2},{"damage":0,"enemies":"Gremlin Gang","floor":11,"turns":3},{"damage":22,"enemies":"Lagavulin","floor":12,"turns":4},{"damage":0,"enemies":"Looter","floor":14,"turns":2},{"damage":4,"enemies":"Hexaghost","floor":16,"turns":9},{"damage":6,"enemies":"2 Thieves","floor":18,"turns":2},{"damage":0,"enemies":"Chosen","floor":20,"turns":3},{"damage":11,"enemies":"Snecko","floor":22,"turns":4},{"damage":20,"enemies":"Book of Stabbing","floor":23,"turns":7},{"damage":5,"enemies":"Snake Plant","floor":25,"turns":6},{"damage":0,"enemies":"Sentry and Sphere","floor":29,"turns":5},{"damage":11,"enemies":"Slavers","floor":31,"turns":8},{"damage":41,"enemies":"Champ","floor":33,"turns":15},{"damage":7,"enemies":"Flame Bruiser 1 Orb","floor":35,"turns":9},{"damage":3,"floor":37,"turns":8},{"damage":12,"enemies":"3 Darklings","floor":38,"turns":6},{"damage":2,"enemies":"4 Shapes","floor":39,"turns":6},{"damage":54,"enemies":"Nemesis","floor":41,"turns":11},{"damage":0,"enemies":"Sphere and 2 Shapes","floor":42,"turns":10},{"damage":13,"enemies":"3 Darklings","floor":44,"turns":5},{"damage":17,"enemies":"Spire Growth","floor":46,"turns":5},{"damage":4,"enemies":"Maw","floor":47,"turns":8},{"damage":86,"enemies":"Time Eater","floor":50,"turns":18}],"seed_played":"-1395427519625376097","potions_obtained":[{"floor":3,"key":"Energy Potion"},{"floor":5,"key":"Block Potion"},{"floor":6,"key":"Strength Potion"},{"floor":11,"key":"Strength Potion"},{"floor":12,"key":"EssenceOfSteel"},{"floor":22,"key":"EssenceOfSteel"},{"floor":29,"key":"SteroidPotion"},{"floor":35,"key":"FearPotion"},{"floor":39,"key":"Fire Potion"},{"floor":41,"key":"Energy Potion"},{"floor":44,"key":"SpeedPotion"}],"is_trial":false,"path_per_floor":["M","$","M","?","M","E","R","E","T","M","M","E","R","M","R","B",null,"M","$","M","?","M","E","R","M","T","?","R","M","R","E","R","B",null,"M","?","?","M","M","R","E","M","T","M","R","M","M","?","R"],"character_chosen":"DEFECT","items_purchased":["Master of Strategy","Compile Driver"],"campfire_rested":3,"item_purchase_floors":[19,19],"current_hp_per_floor":[72,72,72,72,72,59,59,45,45,44,44,22,44,44,44,40,75,69,69,69,69,68,55,55,60,60,60,60,60,60,59,59,28,82,82,82,82,70,68,68,24,34,34,31,70,63,69,59,82,0],"gold":803,"neow_bonus":"THREE_CARDS","is_prod":false,"is_daily":false,"chose_seed":false,"campfire_upgraded":7,"win_rate":0,"timestamp":1533872271,"path_taken":["M","$","M","?","M","E","R","E","T","?","?","E","R","M","R","BOSS","M","$","M","?","M","E","R","M","T","?","R","M","R","E","R","BOSS","M","?","?","?","M","R","E","M","T","M","R","M","M","?","R","BOSS"],"build_version":"2018-08-09","purchased_purges":0,"victory":false,"max_hp_per_floor":[75,75,75,75,75,75,75,75,75,75,75,75,75,75,75,75,75,75,75,75,75,75,82,82,82,82,82,82,82,82,82,82,82,82,82,82,82,82,82,82,82,82,82,82,82,82,82,82,82,82],"card_choices":[{"not_picked":["Leap","Redo"],"picked":"FTL","floor":0},{"not_picked":["Stack","Storm","Sweeping Beam"],"picked":"SKIP","floor":1},{"not_picked":["Static Discharge","Chill"],"picked":"Cold Snap","floor":3},{"not_picked":["Defragment","Streamline"],"picked":"Ball Lightning","floor":5},{"not_picked":["Go for the Eyes","Coolheaded","Stack"],"picked":"SKIP","floor":6},{"not_picked":["Skim","Creative AI"],"picked":"Cold Snap","floor":8},{"not_picked":["Recycle","Gash"],"picked":"Doom and Gloom","floor":10},{"not_picked":["Melter","Steam","Darkness"],"picked":"SKIP","floor":11},{"not_picked":["Rip and Tear","Capacitor","Sweeping Beam"],"picked":"SKIP","floor":12},{"not_picked":["Barrage","Skim"],"picked":"Ball Lightning","floor":14},{"not_picked":["Biased Cognition","Hyperbeam"],"picked":"Core Surge","floor":16},{"not_picked":["Streamline","Rebound"],"picked":"Conserve Battery","floor":18},{"not_picked":["Heatsinks","Double Energy"],"picked":"Self Repair+1","floor":20},{"not_picked":["Chill","Hologram"],"picked":"Reinforced Body","floor":22},{"not_picked":["Turbo","Genetic Algorithm"],"picked":"Capacitor","floor":23},{"not_picked":["Stack+1","Gash","Steam"],"picked":"SKIP","floor":25},{"not_picked":["Heatsinks","Echo Form"],"picked":"Reinforced Body","floor":29},{"not_picked":["White Noise","Ball Lightning"],"picked":"Reinforced Body","floor":31},{"not_picked":["Reboot","Fission"],"picked":"Machine Learning","floor":33},{"not_picked":["Hello World","FTL","Self Repair"],"picked":"SKIP","floor":35},{"not_picked":["Conserve Battery","Fusion+1"],"picked":"Barrage","floor":38},{"not_picked":["Cold Snap","Sweeping Beam+1","Beam Cell+1"],"picked":"SKIP","floor":39},{"not_picked":["Lockon+1","Rip and Tear","Loop+1"],"picked":"SKIP","floor":41},{"not_picked":["Gash","Steam+1","Sweeping Beam+1"],"picked":"SKIP","floor":42},{"not_picked":["Echo Form","Hello World+1"],"picked":"Barrage+1","floor":44},{"not_picked":["Conserve Battery","Scrape+1","Sweeping Beam+1"],"picked":"SKIP","floor":46},{"not_picked":["Leap+1","Aggregate+1"],"picked":"Capacitor","floor":47}],"player_experience":607263,"relics_obtained":[{"floor":6,"key":"Lantern"},{"floor":8,"key":"Anchor"},{"floor":9,"key":"Bag of Marbles"},{"floor":12,"key":"Oddly Smooth Stone"},{"floor":23,"key":"Strawberry"},{"floor":26,"key":"Bag of Preparation"},{"floor":31,"key":"Tiny Chest"},{"floor":37,"key":"Old Coin"},{"floor":41,"key":"Boot"},{"floor":43,"key":"Regal Pillow"}],"event_choices":[{"event_name":"Purifier","player_choice":"One Purge","floor":4,"damage_taken":0},{"event_name":"The Joust","player_choice":"Bet on Murderer","floor":21,"damage_taken":0},{"event_name":"Back to Basics","player_choice":"Simplicity","floor":27,"damage_taken":0},{"event_name":"Tomb of Lord Red Mask","player_choice":"Ignored","floor":36,"damage_taken":0},{"event_name":"MindBloom","player_choice":"Fight","floor":37,"damage_taken":0},{"event_name":"Winding Halls","player_choice":"Embrace Madness","floor":48,"damage_taken":0}],"is_beta":false,"boss_relics":[{"not_picked":["Inserter","Fusion Hammer"],"picked":"FrozenCore"},{"not_picked":["Astrolabe","Black Star"],"picked":"Empty Cage"}],"items_purged_floors":[],"is_endless":false,"potions_floor_spawned":[3,5,6,11,12,22,29,35,39,41,44,47],"killed_by":"Time Eater","ascension_level":1}