{"gold_per_floor":[113,38,38,48,61,61,87,87,87,112,130,130,130,230,230,349,349,363,38,38,81,95,95,116,116,116,116,132,163,60,73,73,194,194,213,513,513,538,538,538,554,554,554,588,647,672,706,720,720,720],"floor_reached":51,"playtime":25988,"items_purged":["Defend_G","Defend_G"],"score":933,"play_id":"0329f89f-e2e4-4cfb-8977-2b188c0f9a70","local_time":"20180719151759","is_ascension_mode":false,"campfire_choices":[{"data":"Finisher","floor":6,"key":"SMITH"},{"floor":8,"key":"REST"},{"data":"Neutralize","floor":12,"key":"SMITH"},{"floor":15,"key":"REST"},{"data":"Crippling Poison","floor":23,"key":"SMITH"},{"data":"Acrobatics","floor":32,"key":"SMITH"},{"data":"Noxious Fumes","floor":40,"key":"SMITH"},{"data":"Blade Dance","floor":42,"key":"SMITH"},{"floor":49,"key":"REST"}],"neow_cost":"NONE","seed_source_timestamp":18371050855997,"circlet_count":0,"master_deck":["Defend_G","Defend_G","Strike_G","Strike_G+1","Strike_G","Survivor","Neutralize+1","Wraith Form v2+1","Heel Hook+1","Wraith Form v2+1","Deadly Poison","Flying Knee+1","Finisher+1","Underhanded Strike","Blade Dance+1","Bouncing Flask","Bullet Time","Acrobatics+1","Crippling Poison+1","Malaise+1","Blade Dance","Dramatic Entrance","Underhanded Strike+1","After Image+1","Noxious Fumes+1","Acrobatics+1","Injury","Deadly Poison+1","Poisoned Stab+1","Bane"],"relics":["Astrolabe","Dodecahedron","Meat on the Bone","Bottled Flame","Golden Idol","Busted Crown","Lantern","Red Mask","Ancient Tea Set","Matryoshka","Pen Nib","Bottled Lightning","Sundial","Snecko Eye","Old Coin","Orichalcum","Ninja Scroll","Regal Pillow","Unceasing Top","Whetstone"],"potions_floor_usage":[28,33,48,50,50],"damage_taken":[{"damage":3,"enemies":"Small Slimes","floor":1,"turns":6},{"damage":2,"enemies":"2 Louse","floor":4,"turns":3},{"damage":2,"enemies":"Cultist","floor":5,"turns":5},{"damage":14,"enemies":"Lagavulin","floor":7,"turns":7},{"damage":30,"enemies":"3 Sentries","floor":10,"turns":11},{"damage":4,"enemies":"Exordium Thugs","floor":11,"turns":4},{"damage":34,"enemies":"Slime Boss","floor":16,"turns":13},{"damage":1,"enemies":"Chosen","floor":18,"turns":5},{"damage":3,"floor":21,"turns":6},{"damage":9,"enemies":"2 Thieves","floor":22,"turns":4},{"damage":8,"enemies":"Snecko","floor":24,"turns":7},{"damage":4,"enemies":"Cultist and Chosen","floor":28,"turns":6},{"damage":20,"enemies":"Gremlin Leader","floor":29,"turns":8},{"damage":11,"enemies":"Centurion and Healer","floor":31,"turns":5},{"damage":6,"enemies":"Automaton","floor":33,"turns":10},{"damage":3,"enemies":"3 Shapes","floor":35,"turns":3},{"damage":1,"floor":36,"turns":4},{"damage":0,"enemies":"Orb Walker","floor":38,"turns":5},{"damage":13,"enemies":"4 Shapes","floor":41,"turns":5},{"damage":0,"enemies":"Nemesis","floor":44,"turns":7},{"damage":0,"floor":45,"turns":4},{"damage":0,"enemies":"Maw","floor":46,"turns":6},{"damage":30,"enemies":"2 Orb Walkers","floor":47,"turns":4},{"damage":29,"enemies":"Flame Bruiser 2 Orb","floor":48,"turns":4},{"damage":44,"enemies":"Time Eater","floor":50,"turns":12}],"seed_played":"677337012723964917","potions_obtained":[{"floor":7,"key":"FearPotion"},{"floor":10,"key":"Ancient Potion"},{"floor":18,"key":"FearPotion"},{"floor":24,"key":"Block Potion"},{"floor":29,"key":"Dexterity Potion"},{"floor":33,"key":"Explosive Potion"},{"floor":35,"key":"SteroidPotion"},{"floor":38,"key":"GamblersBrew"}],"is_trial":false,"path_per_floor":["M","$","?","M","M","R","E","R","T","E","M","R","?","?","R","B",null,"M","$","?","?","M","R","M","T","T","T","M","E","$","M","R","B",null,"M","?","?","M","?","R","M","R","T","E","?","M","E","M","R","B"],"character_chosen":"THE_SILENT","items_purchased":["Crippling Poison","Lantern","Dramatic Entrance"],"campfire_rested":3,"item_purchase_floors":[19,19,30],"current_hp_per_floor":[67,67,67,65,63,63,49,70,70,40,36,36,19,19,40,18,70,69,69,69,66,57,57,49,49,49,49,45,37,37,38,38,44,70,67,66,66,66,66,66,53,53,53,53,53,53,35,18,54,22],"gold":720,"neow_bonus":"BOSS_RELIC","is_prod":false,"is_daily":false,"chose_seed":false,"campfire_upgraded":6,"win_rate":0.0,"timestamp":1531984679,"path_taken":["M","$","?","M","M","R","E","R","T","E","?","R","?","?","R","BOSS","M","$","?","?","M","R","M","?","T","?","M","E","$","M","R","BOSS","M","?","?","?","?","R","?","R","T","E","?","M","E","M","R","BOSS"],"build_version":"2018-07-12","purchased_purges":2,"victory":true,"max_hp_per_floor":[70,70,70,70,70,70,70,70,70,70,70,70,70,70,70,70,70,70,70,70,70,70,70,70,70,70,70,70,70,70,70,70,70,70,70,70,70,70,70,70,70,70,70,70,70,70,70,70,70,70],"card_choices":[{"not_picked":["Footwork","Outmaneuver"],"picked":"Deadly Poison","floor":1},{"not_picked":["PiercingWail","Expertise"],"picked":"Flying Knee","floor":4},{"not_picked":["Bouncing Flask","Poisoned Stab"],"picked":"Finisher","floor":5},{"not_picked":["Deflect","Blur"],"picked":"Underhanded Strike","floor":7},{"not_picked":["Reflex","Dagger Spray"],"picked":"Blade Dance","floor":10},{"not_picked":["Skewer","Deadly Poison"],"picked":"Bouncing Flask","floor":11},{"not_picked":["Phantasmal Killer","Night Terror"],"picked":"Bullet Time","floor":16},{"not_picked":[],"picked":"Acrobatics","floor":18},{"not_picked":[],"picked":"Malaise+1","floor":21},{"not_picked":["Dodge and Roll+1"],"picked":"SKIP","floor":22},{"not_picked":[],"picked":"Deadly Poison","floor":24},{"not_picked":["Footwork+1"],"picked":"SKIP","floor":28},{"not_picked":[],"picked":"Blade Dance","floor":29},{"not_picked":[],"picked":"Underhanded Strike+1","floor":31},{"not_picked":[],"picked":"After Image","floor":33},{"not_picked":[],"picked":"Noxious Fumes","floor":35},{"not_picked":[],"picked":"Acrobatics+1","floor":36},{"not_picked":["Sucker Punch+1"],"picked":"SKIP","floor":38},{"not_picked":[],"picked":"Deadly Poison+1","floor":41},{"not_picked":["Dodge and Roll"],"picked":"SKIP","floor":44},{"not_picked":[],"picked":"Poisoned Stab+1","floor":46},{"not_picked":["Backflip"],"picked":"SKIP","floor":47},{"not_picked":[],"picked":"Bane","floor":48}],"player_experience":110066,"relics_obtained":[{"floor":7,"key":"Dodecahedron"},{"floor":9,"key":"Meat on the Bone"},{"floor":10,"key":"Bottled Flame"},{"floor":21,"key":"Red Mask"},{"floor":25,"key":"Ancient Tea Set"},{"floor":26,"key":"Matryoshka"},{"floor":27,"key":"Pen Nib"},{"floor":27,"key":"Bottled Lightning"},{"floor":29,"key":"Sundial"},{"floor":36,"key":"Old Coin"},{"floor":43,"key":"Orichalcum"},{"floor":43,"key":"Ninja Scroll"},{"floor":44,"key":"Regal Pillow"},{"floor":45,"key":"Unceasing Top"},{"floor":47,"key":"Whetstone"}],"event_choices":[{"event_name":"Liars Game","player_choice":"disagreed","floor":3,"damage_taken":0},{"event_name":"Golden Idol","player_choice":"Take Damage","floor":13,"damage_taken":0},{"event_name":"Golden Shrine","player_choice":"Pray","floor":14,"damage_taken":0},{"event_name":"Addict","player_choice":"Ignored","floor":20,"damage_taken":0},{"event_name":"Masked Bandits","player_choice":"Fought over 38 gold","floor":21,"damage_taken":0},{"event_name":"MindBloom","player_choice":"Fight","floor":36,"damage_taken":0},{"event_name":"Accursed Blacksmith","player_choice":"Forge","floor":37,"damage_taken":0},{"event_name":"Falling","player_choice":"Removed Skill","floor":39,"damage_taken":0},{"event_name":"Mysterious Sphere","player_choice":"Fight","floor":45,"damage_taken":0}],"boss_relics":[{"not_picked":["Black Star","White Beast Statue"],"picked":"Busted Crown"},{"not_picked":["Eternal Feather","Sozu"],"picked":"Snecko Eye"}],"items_purged_floors":[2,19],"is_endless":false,"potions_floor_spawned":[7,10,18,24,29,33,35,38,47],"ascension_level":0}