{"gold_per_floor":[112,132,132,20,33,68,68,99,99,99,161,178,178],"floor_reached":13,"playtime":767,"items_purged":["Strike_R"],"score":112,"play_id":"c7cab7be-8cc1-4b4e-a2c4-58e97fb2be22","local_time":"20190519033307","is_ascension_mode":true,"campfire_choices":[{"data":"Armaments","floor":7,"key":"SMITH"},{"floor":10,"key":"REST"}],"neow_cost":"NONE","seed_source_timestamp":125488340561200,"circlet_count":0,"master_deck":["Strike_R","Strike_R","Strike_R","Strike_R","Defend_R","Defend_R","Defend_R","Bash","Feel No Pain","Metallicize","Armaments+1","Dual Wield"],"relics":["Burning Blood","Ancient Tea Set","Kunai","Centennial Puzzle","Ice Cream"],"potions_floor_usage":[8,13],"damage_taken":[{"damage":7,"enemies":"2 Louse","floor":1,"turns":3},{"damage":8,"enemies":"Jaw Worm","floor":2,"turns":5},{"damage":0,"enemies":"Small Slimes","floor":5,"turns":3},{"damage":49,"enemies":"Gremlin Nob","floor":6,"turns":6},{"damage":31,"enemies":"Lagavulin","floor":8,"turns":13},{"damage":30,"enemies":"Lagavulin Event","floor":11,"turns":11},{"damage":7,"enemies":"Blue Slaver","floor":12,"turns":5},{"damage":25,"enemies":"Large Slime","floor":13,"turns":4}],"seed_played":"-1949785488447938949","potions_obtained":[{"floor":6,"key":"GamblersBrew"},{"floor":11,"key":"SkillPotion"},{"floor":12,"key":"Explosive Potion"}],"is_trial":false,"path_per_floor":["M","M","?","$","M","E","R","E","T","R","?","M","M"],"character_chosen":"IRONCLAD","items_purchased":["Metallicize"],"campfire_rested":1,"item_purchase_floors":[4],"current_hp_per_floor":[87,85,85,85,88,45,45,20,20,46,22,21,0],"gold":178,"neow_bonus":"TEN_PERCENT_HP_BONUS","is_prod":false,"is_daily":false,"chose_seed":false,"campfire_upgraded":1,"win_rate":0,"timestamp":1558247587,"path_taken":["M","M","?","$","M","E","R","E","T","R","?","M","?"],"build_version":"2019-01-23","purchased_purges":1,"victory":false,"max_hp_per_floor":[88,88,88,88,88,88,88,88,88,88,88,88,88],"card_choices":[{"not_picked":["Clothesline","Clash"],"picked":"Feel No Pain","floor":1},{"not_picked":["Perfected Strike","Ghostly Armor","Seeing Red"],"picked":"SKIP","floor":2},{"not_picked":["Thunderclap","Warcry"],"picked":"Armaments","floor":5},{"not_picked":["Twin Strike","Anger","Shrug It Off"],"picked":"SKIP","floor":6},{"not_picked":["Carnage","Uppercut","Warcry"],"picked":"SKIP","floor":8},{"not_picked":["Second Wind","Feel No Pain"],"picked":"Dual Wield","floor":12}],"player_experience":196089,"relics_obtained":[{"floor":6,"key":"Ancient Tea Set"},{"floor":8,"key":"Kunai"},{"floor":9,"key":"Centennial Puzzle"}],"event_choices":[{"cards_removed":["Defend_R"],"damage_healed":0,"gold_gain":0,"player_choice":"Forget","damage_taken":0,"max_hp_gain":0,"max_hp_loss":0,"event_name":"Living Wall","floor":3,"gold_loss":0},{"damage_healed":0,"gold_gain":0,"player_choice":"Searched \u00273\u0027 times","damage_taken":0,"relics_obtained":["Ice Cream"],"max_hp_gain":0,"max_hp_loss":0,"event_name":"Dead Adventurer","floor":11,"gold_loss":0}],"is_beta":false,"boss_relics":[],"items_purged_floors":[4],"is_endless":false,"potions_floor_spawned":[6,11,12],"killed_by":"Large Slime","ascension_level":4}