{"path_per_floor":["M","M","M","M","M","R","E","R","T","M","M","M","R","$","R","B",null,"M","M","?","?","?","R","M","R","T","E","R","$","M","M","R"],"character_chosen":"DEFECT","items_purchased":["Good Instincts","Capacitor","Sweeping Beam","Pear"],"gold_per_floor":[114,130,142,157,176,176,207,207,207,220,233,250,250,75,75,175,175,188,201,201,201,201,201,220,220,302,329,329,85,104,120,120,120],"floor_reached":33,"campfire_rested":6,"playtime":1715,"current_hp_per_floor":[58,52,52,39,38,38,3,25,25,24,21,11,33,33,55,15,60,37,37,37,37,37,52,31,46,46,38,38,48,34,26,44,0],"items_purged":[],"gold":120,"score":418,"play_id":"2462f143-5b43-4897-9cca-2ca3f968f005","local_time":"20180430143626","is_prod":false,"is_daily":false,"chose_seed":false,"is_ascension_mode":true,"campfire_upgraded":2,"timestamp":1525116986,"path_taken":["M","M","M","M","M","R","E","R","T","M","?","M","R","$","R","BOSS","M","M","?","?","?","R","M","R","T","E","R","?","?","M","R","BOSS"],"build_version":"2018-04-27v3","seed_source_timestamp":268453770092701,"purchased_purges":0,"victory":false,"master_deck":["Defend_B","Defend_B","Defend_B","Defend_B","Zap","Dualcast","Rebound","Sweeping Beam","Ball Lightning+1","Stack","Steam Power","Beam Cell","Leap","Stack","Leap","Good Instincts","Capacitor","Sweeping Beam","Seek","Defragment","Stack+1","Decay","Bite+1","Bite+1","Bite+1","Bite+1","Bite+1","Buffer","Ball Lightning+1","Buffer+1"],"max_hp_per_floor":[75,75,75,75,75,75,75,75,75,75,75,75,75,75,75,75,75,75,75,75,75,52,52,52,52,52,52,52,62,62,62,62,62],"relics":["White Beast Statue","Pen Nib","Dodecahedron","Nuclear Battery","Molten Egg 2","Frozen Egg 2","Symbiotic Virus","Pear"],"card_choices":[{"not_picked":["Undo","Turbo"],"picked":"Rebound","floor":1},{"not_picked":["Hologram","Beam Cell"],"picked":"Sweeping Beam","floor":2},{"not_picked":["Coolheaded","Go for the Eyes"],"picked":"Ball Lightning","floor":3},{"not_picked":["Reboot","Force Field"],"picked":"Stack","floor":4},{"not_picked":["Streamline","Rebound"],"picked":"Steam Power","floor":5},{"not_picked":["Undo","Impulse"],"picked":"Beam Cell","floor":7},{"not_picked":["Tempest","Self Repair"],"picked":"Leap","floor":10},{"not_picked":["Capacitor","Streamline"],"picked":"Stack","floor":11},{"not_picked":["Barrage","Beam Cell"],"picked":"Leap","floor":12},{"not_picked":["Prime","Thunder Strike"],"picked":"Seek","floor":16},{"not_picked":["Doom and Gloom","Tempest"],"picked":"Defragment","floor":18},{"not_picked":["Skim","Chill"],"picked":"Stack","floor":19},{"not_picked":["Capacitor","Coolheaded"],"picked":"Buffer","floor":24},{"not_picked":["Fusion","Gash"],"picked":"Ball Lightning","floor":27},{"not_picked":["Hologram","Sweeping Beam"],"picked":"Buffer","floor":31}],"player_experience":119968,"potions_floor_usage":[4,5,7,10,11,12,16,27,27,31,33,33,33],"damage_taken":[{"damage":10,"enemies":"Cultist","floor":1,"turns":5},{"damage":6,"enemies":"2 Louse","floor":2,"turns":4},{"damage":0,"enemies":"Small Slimes","floor":3,"turns":4},{"damage":13,"enemies":"3 Louse","floor":4,"turns":3},{"damage":1,"enemies":"2 Fungi Beasts","floor":5,"turns":3},{"damage":35,"enemies":"Lagavulin","floor":7,"turns":7},{"damage":1,"enemies":"Looter","floor":10,"turns":2},{"damage":3,"enemies":"Exordium Wildlife","floor":11,"turns":3},{"damage":10,"enemies":"Exordium Thugs","floor":12,"turns":4},{"damage":40,"enemies":"Hexaghost","floor":16,"turns":11},{"damage":23,"enemies":"Shell Parasite","floor":18,"turns":7},{"damage":0,"enemies":"3 Byrds","floor":19,"turns":5},{"damage":31,"enemies":"Snecko","floor":24,"turns":6},{"damage":41,"enemies":"Gremlin Leader","floor":27,"turns":9},{"damage":29,"enemies":"Snake Plant","floor":30,"turns":5},{"damage":32,"enemies":"Slaver and Parasite","floor":31,"turns":7},{"damage":95,"enemies":"Automaton","floor":33,"turns":12}],"event_choices":[{"event_name":"The Mausoleum","player_choice":"Yes","floor":20,"damage_taken":0},{"event_name":"Forgotten Altar","player_choice":"Smashed Altar","floor":21,"damage_taken":0},{"event_name":"Vampires","player_choice":"Became a vampire","floor":22,"damage_taken":0}],"boss_relics":[{"not_picked":["Inserter","Runic Dome"],"picked":"Nuclear Battery"}],"potions_floor_spawned":[1,2,3,4,5,7,10,11,12,16,18,19,24,27,30,31],"seed_played":"-7465109199433752612","killed_by":"Automaton","ascension_level":9,"is_trial":false}