{"gold_per_floor":[109,109,184,184,207,248,248,262,262,262,275,293,307,342,342,467,467,490,508,433,452,452],"floor_reached":22,"playtime":920,"items_purged":["Strike_G"],"score":360,"play_id":"544d4e15-1cbb-4d56-8b70-52a3d413aaec","local_time":"20190611084802","is_ascension_mode":true,"campfire_choices":[{"data":"Blade Dance","floor":7,"key":"SMITH"},{"data":"Choke","floor":15,"key":"SMITH"}],"neow_cost":"NONE","seed_source_timestamp":30014535986708,"circlet_count":0,"master_deck":["Defend_G","Defend_G","Defend_G","Defend_G","Defend_G","Strike_G","Strike_G+1","Strike_G+1","Survivor","Neutralize","Blade Dance+1","Backstab","Cloak And Dagger","Heel Hook","Cloak And Dagger","Blade Dance","Die Die Die","Choke+1","Doppelganger","Dodge and Roll","Crippling Poison+1"],"relics":["Ring of the Snake","NeowsBlessing","Golden Idol","Calipers","Gremlin Horn","Oddly Smooth Stone","Eternal Feather"],"potions_floor_usage":[14,14,16],"damage_taken":[{"damage":0,"enemies":"Jaw Worm","floor":1,"turns":1},{"damage":0,"enemies":"Small Slimes","floor":5,"turns":1},{"damage":0,"enemies":"3 Sentries","floor":6,"turns":1},{"damage":0,"enemies":"2 Louse","floor":8,"turns":2},{"damage":0,"enemies":"2 Fungi Beasts","floor":11,"turns":2},{"damage":0,"enemies":"Blue Slaver","floor":12,"turns":3},{"damage":0,"enemies":"Exordium Wildlife","floor":13,"turns":3},{"damage":0,"enemies":"Gremlin Nob","floor":14,"turns":2},{"damage":10,"enemies":"Slime Boss","floor":16,"turns":9},{"damage":22,"enemies":"Shell Parasite","floor":18,"turns":6},{"damage":0,"enemies":"Chosen","floor":19,"turns":6},{"damage":18,"enemies":"Centurion and Healer","floor":21,"turns":8}],"seed_played":"-2745096093876083594","potions_obtained":[{"floor":8,"key":"Fire Potion"},{"floor":11,"key":"Ancient Potion"},{"floor":12,"key":"Strength Potion"},{"floor":13,"key":"Fire Potion"},{"floor":16,"key":"SteroidPotion"},{"floor":21,"key":"Regen Potion"}],"is_trial":false,"path_per_floor":["M","?","?","?","M","E","R","M","T","?","M","M","M","E","R","B",null,"M","M","$","M","?"],"character_chosen":"THE_SILENT","items_purchased":[],"campfire_rested":0,"item_purchase_floors":[],"current_hp_per_floor":[63,63,52,39,39,39,39,39,39,32,32,32,32,32,32,22,54,32,32,32,14,0],"gold":452,"neow_bonus":"THREE_ENEMY_KILL","is_prod":false,"is_daily":false,"chose_seed":false,"campfire_upgraded":2,"win_rate":0,"timestamp":1560214082,"path_taken":["M","?","?","?","M","E","R","M","T","?","M","M","M","E","R","BOSS","M","M","$","M","?"],"build_version":"2019-01-23","purchased_purges":1,"victory":false,"max_hp_per_floor":[70,65,65,65,65,65,65,65,65,65,65,65,65,65,65,65,65,65,65,65,65,65],"card_choices":[{"not_picked":["Dagger Spray","Prepared"],"picked":"Blade Dance","floor":1},{"not_picked":["Flechettes","Prepared"],"picked":"Backstab","floor":5},{"not_picked":["Dagger Spray","Outmaneuver"],"picked":"Cloak And Dagger","floor":6},{"not_picked":["PiercingWail","Flying Knee"],"picked":"Heel Hook","floor":8},{"not_picked":["Bane","Slice"],"picked":"Cloak And Dagger","floor":11},{"not_picked":["Dagger Spray","Outmaneuver"],"picked":"Blade Dance","floor":12},{"not_picked":["Underhanded Strike","Quick Slash"],"picked":"Die Die Die","floor":13},{"not_picked":["Underhanded Strike","Slice"],"picked":"Choke","floor":14},{"not_picked":["Glass Knife","Malaise"],"picked":"Doppelganger","floor":16},{"not_picked":["Flechettes+1","Flying Knee"],"picked":"Dodge and Roll","floor":18},{"not_picked":["Skewer","Quick Slash"],"picked":"Crippling Poison+1","floor":19},{"not_picked":["Finisher","Quick Slash","Concentrate"],"picked":"SKIP","floor":21}],"player_experience":772815,"relics_obtained":[{"floor":6,"key":"Calipers"},{"floor":9,"key":"Gremlin Horn"},{"floor":14,"key":"Oddly Smooth Stone"}],"event_choices":[{"damage_healed":0,"gold_gain":0,"player_choice":"Lose Max HP","damage_taken":0,"relics_obtained":["Golden Idol"],"max_hp_gain":0,"max_hp_loss":5,"event_name":"Golden Idol","floor":2,"gold_loss":0},{"damage_healed":0,"gold_gain":75,"player_choice":"Gather Gold","damage_taken":11,"max_hp_gain":0,"max_hp_loss":0,"event_name":"World of Goop","floor":3,"gold_loss":0},{"damage_healed":0,"gold_gain":0,"player_choice":"Entered Light","damage_taken":13,"max_hp_gain":0,"max_hp_loss":0,"event_name":"Shining Light","floor":4,"gold_loss":0,"cards_upgraded":["Strike_G","Strike_G"]},{"cards_removed":["Strike_G"],"damage_healed":0,"gold_gain":0,"player_choice":"Card Removal","damage_taken":7,"max_hp_gain":0,"max_hp_loss":0,"event_name":"Golden Wing","floor":10,"gold_loss":0}],"is_beta":false,"boss_relics":[{"not_picked":["Runic Dome","Ectoplasm"],"picked":"Eternal Feather"}],"items_purged_floors":[20],"is_endless":false,"potions_floor_spawned":[8,11,12,13,16,21],"ascension_level":9}