{"gold_per_floor":[118,43,59,9,9,9,9,9,9,9,29,0,10,10,10,106,106,120,120,135,35,45,45,74,0,0,15,15,35,35,48,48,48],"floor_reached":33,"playtime":1746,"items_purged":["Strike_R","Havoc"],"score":306,"play_id":"510dfe33-8a4f-41da-926a-145e8ab9cc91","local_time":"20180810172639","is_ascension_mode":true,"campfire_choices":[{"data":"Barricade","floor":6,"key":"SMITH"},{"data":"Flame Barrier","floor":8,"key":"SMITH"},{"data":"Defend_R","floor":10,"key":"SMITH"},{"data":"Double Tap","floor":15,"key":"SMITH"},{"data":"Infernal Blade","floor":23,"key":"SMITH"},{"floor":32,"key":"REST"}],"neow_cost":"PERCENT_DAMAGE","seed_source_timestamp":380064286295230,"circlet_count":0,"master_deck":["Bash+1","Barricade+1","Flame Barrier+1","Shrug It Off+1","Double Tap+1","Inflame","Impervious","Body Slam","Body Slam","Infernal Blade+1","Flex+1","Clothesline","Heavy Blade+1","Twin Strike+1","Carnage+1","Warcry+1","Headbutt+1","Flame Barrier","Infernal Blade+1"],"relics":["Burning Blood","Ancient Tea Set","Pandora\u0027s Box","Gambling Chip","War Paint","Dream Catcher"],"potions_floor_usage":[12,16,16,27,27],"damage_taken":[{"damage":8,"enemies":"Jaw Worm","floor":1,"turns":4},{"damage":0,"enemies":"2 Louse","floor":3,"turns":2},{"damage":1,"enemies":"Cultist","floor":11,"turns":4},{"damage":3,"enemies":"Looter","floor":12,"turns":4},{"damage":15,"enemies":"Lots of Slimes","floor":13,"turns":7},{"damage":41,"enemies":"Slime Boss","floor":16,"turns":13},{"damage":30,"enemies":"Spheric Guardian","floor":18,"turns":8},{"damage":12,"enemies":"Chosen","floor":20,"turns":4},{"damage":22,"enemies":"3 Cultists","floor":22,"turns":6},{"damage":30,"enemies":"Book of Stabbing","floor":24,"turns":6},{"damage":0,"enemies":"Snecko","floor":27,"turns":3},{"damage":0,"enemies":"Cultist and Chosen","floor":29,"turns":6},{"damage":16,"enemies":"Centurion and Healer","floor":31,"turns":7},{"damage":39,"enemies":"Champ","floor":33,"turns":10}],"seed_played":"-6209679221512638204","potions_obtained":[{"floor":1,"key":"SkillPotion"},{"floor":11,"key":"Ancient Potion"},{"floor":13,"key":"SkillPotion"},{"floor":16,"key":"SneckoOil"},{"floor":18,"key":"SteroidPotion"},{"floor":22,"key":"Swift Potion"},{"floor":29,"key":"Dexterity Potion"}],"is_trial":false,"path_per_floor":["M","$","M","?","$","R","?","R","T","R","M","M","M","?","R","B",null,"M","T","M","$","M","R","E","?","T","M","$","M","$","M","R"],"character_chosen":"IRONCLAD","items_purchased":[],"campfire_rested":1,"item_purchase_floors":[],"current_hp_per_floor":[54,54,60,60,60,60,44,44,44,44,49,52,43,43,43,8,80,56,56,50,50,34,34,10,10,10,16,16,22,22,12,36,0],"gold":48,"neow_bonus":"THREE_RARE_CARDS","is_prod":false,"is_daily":false,"chose_seed":false,"campfire_upgraded":5,"win_rate":0,"timestamp":1533893199,"path_taken":["M","$","M","?","$","R","?","R","T","R","M","?","M","?","R","BOSS","M","?","?","$","M","R","E","?","T","M","?","M","$","M","R","BOSS"],"build_version":"2018-08-09","purchased_purges":2,"victory":false,"max_hp_per_floor":[80,80,80,80,80,80,80,80,80,80,80,80,80,80,80,80,80,80,80,80,80,80,80,80,80,80,80,80,80,80,80,80,80],"card_choices":[{"not_picked":["Fiend Fire","Demon Form"],"picked":"Barricade","floor":0},{"not_picked":["Second Wind","Perfected Strike"],"picked":"Flame Barrier","floor":1},{"not_picked":["Heavy Blade","Disarm","Pommel Strike"],"picked":"SKIP","floor":3},{"not_picked":["Anger","Dual Wield"],"picked":"Shrug It Off","floor":11},{"not_picked":["Sword Boomerang","Headbutt"],"picked":"Double Tap","floor":12},{"not_picked":["Armaments","Flex"],"picked":"Inflame","floor":13},{"not_picked":["Limit Break","Dark Embrace"],"picked":"Impervious","floor":16},{"not_picked":["Sword Boomerang","Sever Soul"],"picked":"Heavy Blade+1","floor":18},{"not_picked":["Cleave","Heavy Blade"],"picked":"Twin Strike+1","floor":20},{"not_picked":["Twin Strike","Reckless Charge"],"picked":"Carnage+1","floor":22},{"not_picked":["Iron Wave","Havoc","Body Slam"],"picked":"SKIP","floor":24},{"not_picked":["Blood for Blood","Headbutt"],"picked":"Warcry+1","floor":27},{"not_picked":["Entrench","Disarm"],"picked":"Headbutt+1","floor":29},{"not_picked":["Thunderclap+1","Rage+1"],"picked":"Flame Barrier","floor":31},{"not_picked":["Barricade","Heavy Blade+1"],"picked":"Infernal Blade+1","floor":32}],"player_experience":333097,"relics_obtained":[{"floor":9,"key":"Ancient Tea Set"},{"floor":19,"key":"Gambling Chip"},{"floor":24,"key":"War Paint"},{"floor":26,"key":"Dream Catcher"}],"event_choices":[{"event_name":"The Cleric","player_choice":"Card Removal","floor":4,"damage_taken":0},{"event_name":"Shining Light","player_choice":"Entered Light","floor":7,"damage_taken":0},{"event_name":"Wheel of Change","player_choice":"Card Removal","floor":14,"damage_taken":0},{"event_name":"Masked Bandits","player_choice":"Paid Fearfully","floor":25,"damage_taken":0}],"is_beta":false,"boss_relics":[{"not_picked":["Astrolabe","Runic Dome"],"picked":"Pandora\u0027s Box"}],"items_purged_floors":[2,21],"is_endless":false,"potions_floor_spawned":[1,11,13,16,18,22,29],"killed_by":"Champ","ascension_level":4}