{"gold_per_floor":[112,37,52,63,80,80,94,127,127,127,139,155,155,55,55,127,127,147,157,174,187,187,62,62,78,104,104,54,84,84,96,96,171,171,182,182,132,143,156,211,224,253,276,309,323,323,323,343,343,343],"floor_reached":51,"playtime":3391,"items_purged":["Strike_R","Strike_R","Strike_R","Defend_R","Strike_R"],"score":1280,"play_id":"7b2eb4d1-2bb8-4b6d-ac65-4a41ee80220f","local_time":"20181224111218","is_ascension_mode":true,"campfire_choices":[{"data":"Uppercut","floor":6.0,"key":"SMITH"},{"data":"Flame Barrier","floor":10,"key":"SMITH"},{"data":"Carnage","floor":15,"key":"SMITH"},{"data":"Demon Form","floor":24,"key":"SMITH"},{"data":"True Grit","floor":27,"key":"SMITH"},{"data":"True Grit","floor":30,"key":"SMITH"},{"floor":32,"key":"REST"},{"floor":49,"key":"REST"}],"neow_cost":"NONE","seed_source_timestamp":0,"circlet_count":0,"master_deck":["AscendersBane","Defend_R+1","Defend_R+1","Bash","Carnage+1","Uppercut+1","True Grit+1","True Grit+1","Flame Barrier+1","Offering","Whirlwind+1","Demon Form+1","Ghostly Armor","Ghostly Armor","Limit Break","Battle Trance+1","Inflame+1","Whirlwind+1"],"special_seed":0,"relics":["Burning Blood","NeowsBlessing","War Paint","Mummified Hand","Sozu","Smiling Mask","Matryoshka","Fusion Hammer","Tiny Chest","Potion Belt","Meat on the Bone","Red Skull","Pantograph","PreservedInsect","Ornamental Fan"],"potions_floor_usage":[16,29],"damage_taken":[{"damage":0.0,"enemies":"Cultist","floor":1.0,"turns":1.0},{"damage":0.0,"enemies":"2 Louse","floor":3.0,"turns":1.0},{"damage":0.0,"enemies":"Small Slimes","floor":4.0,"turns":1.0},{"damage":11.0,"enemies":"3 Louse","floor":5.0,"turns":4.0},{"damage":10.0,"enemies":"2 Fungi Beasts","floor":7.0,"turns":4.0},{"damage":32.0,"enemies":"Lagavulin","floor":8.0,"turns":7.0},{"damage":24,"enemies":"Gremlin Gang","floor":11,"turns":8},{"damage":0,"enemies":"Exordium Wildlife","floor":12,"turns":6},{"damage":11,"enemies":"Hexaghost","floor":16,"turns":9},{"damage":6,"enemies":"Chosen","floor":18,"turns":3},{"damage":18,"enemies":"2 Thieves","floor":19,"turns":4},{"damage":10,"enemies":"Chosen and Byrds","floor":20,"turns":4},{"damage":6,"enemies":"3 Cultists","floor":21,"turns":2},{"damage":14,"enemies":"Colosseum Slavers","floor":22,"turns":3},{"damage":6,"enemies":"Snecko","floor":25,"turns":4},{"damage":6,"enemies":"Gremlin Leader","floor":29,"turns":4},{"damage":6,"enemies":"Snake Plant","floor":31,"turns":4},{"damage":51,"enemies":"Automaton","floor":33,"turns":10},{"damage":6,"enemies":"3 Shapes","floor":35,"turns":1},{"damage":10,"enemies":"Orb Walker","floor":38,"turns":4},{"damage":9,"enemies":"Maw","floor":39,"turns":6},{"damage":10,"enemies":"Giant Head","floor":40,"turns":7},{"damage":14,"enemies":"Sphere and 2 Shapes","floor":41,"turns":5},{"damage":21,"enemies":"Reptomancer","floor":42,"turns":5},{"damage":11,"enemies":"Nemesis","floor":44,"turns":5},{"damage":6,"enemies":"Jaw Worm Horde","floor":45,"turns":1},{"damage":2,"enemies":"Spire Growth","floor":48,"turns":3},{"damage":72,"enemies":"Donu and Deca","floor":50,"turns":7}],"seed_played":"-5062535527975299566","potions_obtained":[{"floor":3.0,"key":"EntropicBrew"},{"floor":4.0,"key":"SkillPotion"},{"floor":12,"key":"Energy Potion"},{"floor":16,"key":"AttackPotion"}],"is_trial":false,"path_per_floor":["M","$","M","M","M","R","M","E","E","T","R","M","M","?","$","R","B",null,"M","M","M","M","?","$","R","M","T","R","$","E","R","M","R","B",null,"M","?","$","M","M","E","M","E","T","E","M","?","T","M","R","B",null],"character_chosen":"IRONCLAD","items_purchased":[],"campfire_rested":2,"item_purchase_floors":[],"current_hp_per_floor":[74,74,75,75,70,70,66,47,47,47,29,35,28,28,28,23,62,62,50,46,46,38,38,38,38,38,38,38,38,38,38,60,15,60,60,60,60,56,53,49,41,26,26,33,45,45,45,49,71,21],"gold":343,"neow_bonus":"THREE_ENEMY_KILL","is_prod":false,"is_daily":false,"chose_seed":false,"campfire_upgraded":6,"win_rate":0,"timestamp":1545621138,"path_taken":["M","$","?","?","M","R","M","E","T","R","M","M","?","$","R","BOSS","M","M","M","M","?","$","R","M","T","R","$","E","R","M","R","BOSS","M","?","$","M","M","E","M","E","T","E","M","?","?","?","R","BOSS"],"build_version":"2018-12-20","purchased_purges":5,"victory":true,"max_hp_per_floor":[75,75,75,75,75,75,75,75,75,75,75,75,75,75,75,75,75,75,75,75,75,75,75,75,75,75,75,75,75,75,75,75,75,75,75,75,75,75,75,75,75,75,75,75,75,75,75,75,75,75],"card_choices":[{"not_picked":["Perfected Strike","Heavy Blade"],"picked":"Carnage","floor":1.0},{"not_picked":["Dual Wield","Reckless Charge"],"picked":"Uppercut","floor":3.0},{"not_picked":["Twin Strike","Armaments"],"picked":"True Grit","floor":4.0},{"not_picked":["Heavy Blade","Disarm"],"picked":"True Grit","floor":5.0},{"not_picked":["Rage","Anger","Sword Boomerang"],"picked":"SKIP","floor":7.0},{"not_picked":["Entrench","Clothesline"],"picked":"Flame Barrier","floor":8},{"not_picked":["Clash","Blood for Blood","Shockwave"],"picked":"SKIP","floor":11},{"not_picked":["Corruption","Thunderclap","Pommel Strike"],"picked":"SKIP","floor":12},{"not_picked":["Berserk","Juggernaut"],"picked":"Offering","floor":16},{"not_picked":["Heavy Blade","Headbutt"],"picked":"Whirlwind+1","floor":18},{"not_picked":["Anger","Flex","Headbutt"],"picked":"SKIP","floor":19},{"not_picked":["Body Slam","Rupture"],"picked":"Demon Form","floor":20},{"not_picked":["Rage","Rampage"],"picked":"Ghostly Armor","floor":21},{"not_picked":["Flex","Heavy Blade","Pummel"],"picked":"SKIP","floor":25},{"not_picked":["Armaments","Blood for Blood"],"picked":"Ghostly Armor","floor":29},{"not_picked":["Entrench","Clothesline+1","Wild Strike"],"picked":"SKIP","floor":31},{"not_picked":["Bludgeon","Impervious"],"picked":"Limit Break","floor":33},{"not_picked":["Pommel Strike","Clash"],"picked":"Battle Trance+1","floor":35},{"not_picked":["Burning Pact","Perfected Strike","Heavy Blade"],"picked":"SKIP","floor":38},{"not_picked":["Wild Strike+1","Havoc","Anger"],"picked":"SKIP","floor":39},{"not_picked":["Perfected Strike","Blood for Blood","Entrench"],"picked":"SKIP","floor":40},{"not_picked":["Clothesline+1","Clash"],"picked":"Inflame+1","floor":41},{"not_picked":["Havoc","Dark Embrace","Searing Blow+1"],"picked":"SKIP","floor":42},{"not_picked":["Flame Barrier+1","Rage+1"],"picked":"Whirlwind+1","floor":44},{"not_picked":["Infernal Blade","Sword Boomerang+1","Warcry"],"picked":"SKIP","floor":45},{"not_picked":["Havoc","Searing Blow","Feel No Pain"],"picked":"SKIP","floor":48}],"player_experience":608049,"relics_obtained":[{"floor":8,"key":"War Paint"},{"floor":9,"key":"Mummified Hand"},{"floor":26,"key":"Smiling Mask"},{"floor":29,"key":"Matryoshka"},{"floor":40,"key":"Tiny Chest"},{"floor":42,"key":"Potion Belt"},{"floor":43,"key":"Meat on the Bone"},{"floor":43,"key":"Red Skull"},{"floor":44,"key":"Pantograph"},{"floor":47,"key":"PreservedInsect"},{"floor":47,"key":"Ornamental Fan"}],"event_choices":[{"cards_removed":["Defend_R"],"damage_healed":0,"gold_gain":0,"player_choice":"Card Removal","damage_taken":7,"max_hp_gain":0,"max_hp_loss":0,"event_name":"Golden Wing","floor":13,"gold_loss":0},{"damage_healed":0,"gold_gain":0,"player_choice":"Fight","damage_taken":0,"max_hp_gain":0,"max_hp_loss":0,"event_name":"Colosseum","floor":22,"gold_loss":0},{"damage_healed":0,"gold_gain":0,"player_choice":"Fled From Nobs","damage_taken":0,"max_hp_gain":0,"max_hp_loss":0,"event_name":"Colosseum","floor":22,"gold_loss":0},{"cards_removed":["Strike_R"],"damage_healed":0,"gold_gain":0,"player_choice":"Removed Attack","damage_taken":0,"max_hp_gain":0,"max_hp_loss":0,"event_name":"Falling","floor":36,"gold_loss":0},{"damage_healed":0,"gold_gain":0,"player_choice":"Ignored","damage_taken":0,"max_hp_gain":0,"max_hp_loss":0,"event_name":"Tomb of Lord Red Mask","floor":46,"gold_loss":0}],"is_beta":false,"boss_relics":[{"not_picked":["Empty Cage","Runic Pyramid"],"picked":"Sozu"},{"not_picked":["Snecko Eye","Calling Bell"],"picked":"Fusion Hammer"}],"items_purged_floors":[2,14,23,28,37],"is_endless":false,"potions_floor_spawned":[3,4,5,12,16,18,21,25,35,40,41,44],"ascension_level":14}