{"gold_per_floor":[111,111,124,49,199,199,199,199,199,199,110,138,157,177,177,254,254,272,272,172],"floor_reached":20,"playtime":768,"items_purged":["Strike_B"],"score":371,"play_id":"bab444fd-1a2e-46fe-9f05-3efaf6d44d02","local_time":"20190610173323","is_ascension_mode":true,"campfire_choices":[{"data":"Doubt","floor":6,"key":"PURGE"},{"data":"Strike_B","floor":8,"key":"PURGE"},{"data":"Defend_B","floor":10,"key":"PURGE"},{"data":"Zap","floor":15,"key":"SMITH"}],"neow_cost":"NONE","seed_source_timestamp":1989910993682437,"circlet_count":0,"master_deck":["AscendersBane","Strike_B","Strike_B","Defend_B","Defend_B","Defend_B","Zap+1","Dualcast","Cold Snap","Electrodynamics","Capacitor+1","Cold Snap","Machine Learning+1","Go for the Eyes+1","Pain"],"relics":["Cracked Core","NeowsBlessing","Peace Pipe","Torii","Frozen Egg 2","Inserter","WarpedTongs"],"potions_floor_usage":[16,16],"damage_taken":[{"damage":0,"enemies":"Small Slimes","floor":1,"turns":1},{"damage":0,"enemies":"Cultist","floor":3,"turns":1},{"damage":0,"enemies":"Gremlin Nob","floor":12,"turns":1},{"damage":7,"enemies":"Jaw Worm","floor":13,"turns":4},{"damage":16,"enemies":"Large Slime","floor":14,"turns":4},{"damage":8,"enemies":"Hexaghost","floor":16,"turns":11},{"damage":22,"enemies":"Shell Parasite","floor":18,"turns":7},{"damage":48,"enemies":"2 Thieves","floor":20,"turns":3}],"seed_played":"2338952043488044174","potions_obtained":[{"floor":1,"key":"FairyPotion"},{"floor":3,"key":"Regen Potion"},{"floor":14,"key":"Strength Potion"}],"is_trial":false,"path_per_floor":["M","?","M","$","?","R","?","R","T","R","$","E","M","M","R","B",null,"M","?","M"],"character_chosen":"DEFECT","items_purchased":["Electrodynamics"],"campfire_rested":0,"item_purchase_floors":[11],"current_hp_per_floor":[64,64,64,64,64,64,64,64,64,64,64,64,57,41,41,48,65,43,43,0],"gold":172,"neow_bonus":"THREE_ENEMY_KILL","is_prod":false,"is_daily":false,"chose_seed":false,"campfire_upgraded":1,"win_rate":0,"timestamp":1560202403,"path_taken":["M","?","?","$","?","R","?","R","T","R","$","E","M","M","R","BOSS","M","?","M"],"build_version":"2019-01-23","purchased_purges":1,"victory":false,"max_hp_per_floor":[71,71,71,71,71,71,71,71,71,71,71,71,71,71,71,71,71,71,71,71],"card_choices":[{"not_picked":["Skim","Barrage"],"picked":"Ball Lightning","floor":1},{"not_picked":["Stack","Loop"],"picked":"Cold Snap","floor":3},{"not_picked":["Tempest","Chill"],"picked":"Capacitor","floor":12},{"not_picked":["Hologram","Stack","Steam Power"],"picked":"SKIP","floor":13},{"not_picked":["Reprogram","Beam Cell"],"picked":"Cold Snap","floor":14},{"not_picked":["Hyperbeam","Fission"],"picked":"Machine Learning+1","floor":16},{"not_picked":["Conserve Battery","Auto Shields"],"picked":"Go for the Eyes+1","floor":18}],"player_experience":788304,"relics_obtained":[{"floor":9,"key":"Torii"},{"floor":12,"key":"Frozen Egg 2"}],"event_choices":[{"cards_removed":["Ball Lightning"],"damage_healed":0,"gold_gain":0,"player_choice":"Gave Card","damage_taken":0,"relics_obtained":["Peace Pipe"],"max_hp_gain":0,"max_hp_loss":0,"event_name":"WeMeetAgain","floor":2,"gold_loss":0},{"damage_healed":0,"gold_gain":150,"player_choice":"AGREE","damage_taken":0,"max_hp_gain":0,"max_hp_loss":0,"event_name":"Liars Game","floor":5,"gold_loss":0,"cards_obtained":["Doubt"]},{"damage_healed":0,"gold_gain":0,"player_choice":"Got Potions","damage_taken":0,"max_hp_gain":0,"max_hp_loss":0,"event_name":"Lab","floor":7,"gold_loss":0},{"damage_healed":0,"gold_gain":0,"player_choice":"Rummage","damage_taken":0,"relics_obtained":["WarpedTongs"],"max_hp_gain":0,"max_hp_loss":0,"event_name":"Accursed Blacksmith","floor":19,"gold_loss":0,"cards_obtained":["Pain"]}],"is_beta":false,"boss_relics":[{"not_picked":["Empty Cage","Philosopher\u0027s Stone"],"picked":"Inserter"}],"items_purged_floors":[4],"is_endless":false,"potions_floor_spawned":[1,3,14],"killed_by":"2 Thieves","ascension_level":18}