{"gold_per_floor":[116,130,145,160,171,201,201,219,246,246,90,165,179,79,79,175,175,190,206,206],"floor_reached":20,"playtime":1563,"items_purged":["Defend_G","Strike_G"],"score":187,"play_id":"1366868e-4f68-46b3-acec-86abb54def0a","local_time":"20190608123953","is_ascension_mode":true,"campfire_choices":[{"floor":7,"key":"REST"},{"data":"Flechettes","floor":10,"key":"SMITH"},{"floor":15,"key":"REST"}],"neow_cost":"NONE","seed_source_timestamp":581583956241200,"circlet_count":0,"master_deck":["Defend_G","Defend_G","Defend_G","Defend_G","Strike_G","Strike_G","Strike_G","Strike_G","Survivor","Neutralize","Prepared","Prepared","Acrobatics","Flechettes+1","Backflip","Escape Plan","Noxious Fumes","Dodge and Roll","Sucker Punch","A Thousand Cuts","Quick Slash"],"relics":["Ring of the Snake","NeowsBlessing","Dream Catcher","Bag of Marbles","Eternal Feather"],"potions_floor_usage":[6,6,16],"damage_taken":[{"damage":0,"enemies":"Small Slimes","floor":1,"turns":1},{"damage":0,"enemies":"2 Louse","floor":2,"turns":1},{"damage":0,"enemies":"Jaw Worm","floor":3,"turns":1},{"damage":16,"enemies":"Exordium Wildlife","floor":4,"turns":8},{"damage":12,"enemies":"Large Slime","floor":5,"turns":9},{"damage":4,"enemies":"Gremlin Nob","floor":6,"turns":4},{"damage":2,"enemies":"3 Louse","floor":8,"turns":4},{"damage":0,"enemies":"Looter","floor":13,"turns":1},{"damage":54,"enemies":"Slime Boss","floor":16,"turns":13},{"damage":20,"enemies":"3 Byrds","floor":18,"turns":5},{"damage":35,"enemies":"Chosen","floor":19,"turns":7},{"damage":13,"enemies":"Shelled Parasite and Fungi","floor":20,"turns":3}],"seed_played":"3317795134466324174","potions_obtained":[{"floor":2,"key":"PowerPotion"},{"floor":4,"key":"SkillPotion"},{"floor":6,"key":"Poison Potion"},{"floor":16,"key":"Strength Potion"},{"floor":19,"key":"LiquidBronze"}],"is_trial":false,"path_per_floor":["M","M","M","M","M","E","R","M","T","R","$","?","M","$","R","B",null,"M","M","M"],"character_chosen":"THE_SILENT","items_purchased":["Noxious Fumes"],"campfire_rested":2,"item_purchase_floors":[11],"current_hp_per_floor":[70,70,70,54,42,38,59,57,57,57,57,46,46,46,67,13,70,50,15,2],"gold":206,"neow_bonus":"THREE_ENEMY_KILL","is_prod":false,"is_daily":false,"chose_seed":false,"campfire_upgraded":1,"win_rate":0,"timestamp":1560008393,"path_taken":["M","M","M","M","M","E","R","M","T","R","$","?","M","$","R","BOSS","M","M","M"],"build_version":"2019-01-23","purchased_purges":2,"victory":false,"max_hp_per_floor":[70,70,70,70,70,70,70,70,70,70,70,70,70,70,70,70,70,70,70,70],"card_choices":[{"not_picked":["Masterful Stab","Blade Dance"],"picked":"Prepared","floor":1},{"not_picked":["Expertise","Accuracy"],"picked":"Prepared","floor":2},{"not_picked":["Cloak And Dagger","Blade Dance"],"picked":"Acrobatics","floor":3},{"not_picked":["Acrobatics","Blade Dance"],"picked":"Flechettes","floor":4},{"not_picked":["Cloak And Dagger","Dodge and Roll"],"picked":"Backflip","floor":5},{"not_picked":["A Thousand Cuts","Dagger Spray","Dash"],"picked":"SKIP","floor":6},{"not_picked":["Acrobatics","Dagger Spray"],"picked":"Escape Plan","floor":7},{"not_picked":["Cloak And Dagger","Expertise","Dagger Spray"],"picked":"SKIP","floor":8},{"not_picked":["Slice","Heel Hook"],"picked":"Dodge and Roll","floor":13},{"not_picked":["Expertise","Dash"],"picked":"Sucker Punch","floor":15},{"not_picked":["Unload","Grand Finale"],"picked":"A Thousand Cuts","floor":16},{"not_picked":["Backflip","Accuracy"],"picked":"Quick Slash","floor":18},{"not_picked":["Dash","Finisher","Acrobatics"],"picked":"SKIP","floor":19}],"player_experience":229292,"relics_obtained":[{"floor":6,"key":"Dream Catcher"},{"floor":9,"key":"Bag of Marbles"}],"event_choices":[{"damage_healed":0,"gold_gain":75,"player_choice":"Gather Gold","damage_taken":11,"max_hp_gain":0,"max_hp_loss":0,"event_name":"World of Goop","floor":12,"gold_loss":0}],"is_beta":false,"boss_relics":[{"not_picked":["Busted Crown","Runic Pyramid"],"picked":"Eternal Feather"}],"items_purged_floors":[11,14],"is_endless":false,"potions_floor_spawned":[2,4,6,16,19],"killed_by":"Shelled Parasite and Fungi","ascension_level":1}