{"gold_per_floor":[109,109,126,145,95,95,109,34,34,34,50,50,67,82,82,180,180,194,94,17,17,34,34,34,34,110,110],"floor_reached":27,"playtime":1308,"items_purged":["Strike_G","Strike_G"],"score":213,"play_id":"d0ddee5f-87bb-4852-9e35-392217573140","local_time":"20180727081730","is_ascension_mode":true,"campfire_choices":[{"data":"Outmaneuver","floor":6,"key":"SMITH"},{"data":"Infinite Blades","floor":12,"key":"SMITH"},{"data":"Noxious Fumes","floor":15,"key":"SMITH"},{"data":"Phantasmal Killer","floor":23,"key":"SMITH"},{"data":"Noxious Fumes","floor":25,"key":"SMITH"}],"neow_cost":"","seed_source_timestamp":469684240294539,"circlet_count":0,"master_deck":["Defend_G+1","Defend_G+1","Defend_G+1","Defend_G+1","Defend_G+1","Strike_G+1","Survivor","Neutralize","Outmaneuver+1","Infinite Blades+1","Blur","Poisoned Stab","Poisoned Stab","Accuracy","Noxious Fumes+1","Phantasmal Killer+1","Choke","J.A.X.","Noxious Fumes+1"],"relics":["Ring of the Snake","Pear","Philosopher\u0027s Stone","Pantograph"],"potions_floor_usage":[14,16,16],"damage_taken":[{"damage":2,"enemies":"Small Slimes","floor":1,"turns":5},{"damage":7,"enemies":"Jaw Worm","floor":3,"turns":9},{"damage":0,"enemies":"2 Louse","floor":4,"turns":3},{"damage":3,"enemies":"Exordium Wildlife","floor":7,"turns":6},{"damage":0,"enemies":"Large Slime","floor":11,"turns":7},{"damage":17,"enemies":"3 Louse","floor":13,"turns":3},{"damage":0,"enemies":"Lots of Slimes","floor":14,"turns":2},{"damage":37,"enemies":"Slime Boss","floor":16,"turns":9},{"damage":48,"enemies":"3 Byrds","floor":18,"turns":5},{"damage":28,"enemies":"2 Thieves","floor":22,"turns":4},{"damage":52,"enemies":"Slavers","floor":27,"turns":2}],"seed_played":"5640877596055231625","potions_obtained":[{"floor":4,"key":"AttackPotion"},{"floor":13,"key":"Explosive Potion"},{"floor":14,"key":"LiquidBronze"},{"floor":16,"key":"FairyPotion"},{"floor":18,"key":"Dexterity Potion"}],"is_trial":false,"path_per_floor":["M","?","M","M","?","R","M","$","T","?","M","R","M","M","R","B",null,"M","$","?","?","M","R","?","R","T"],"character_chosen":"THE_SILENT","items_purchased":[],"campfire_rested":0,"item_purchase_floors":[],"current_hp_per_floor":[68,61,54,54,54,54,51,51,61,61,61,61,44,44,44,7,80,32,32,32,58,30,30,30,30,30,0],"gold":110,"neow_bonus":"","is_prod":false,"is_daily":false,"chose_seed":false,"campfire_upgraded":5,"win_rate":0,"timestamp":1532650650,"path_taken":["M","?","M","M","?","R","M","?","T","?","?","R","M","M","R","BOSS","M","$","?","?","?","R","?","R","T","E"],"build_version":"2018-07-19v2","purchased_purges":2,"victory":false,"max_hp_per_floor":[70,70,70,70,70,70,70,70,80,80,80,80,80,80,80,80,80,80,80,80,80,80,80,80,80,80,80],"card_choices":[{"not_picked":["Prepared","Deflect"],"picked":"Outmaneuver","floor":1},{"not_picked":["Prepared","Bane"],"picked":"Infinite Blades","floor":3},{"not_picked":["Flying Knee","Bouncing Flask"],"picked":"Blur","floor":4},{"not_picked":["Well Laid Plans","Footwork"],"picked":"Poisoned Stab","floor":7},{"not_picked":["Bullet Time","Dash"],"picked":"Poisoned Stab","floor":11},{"not_picked":["Slice","Cloak And Dagger"],"picked":"Accuracy","floor":13},{"not_picked":["Slice","Flechettes"],"picked":"Noxious Fumes","floor":14},{"not_picked":["Wraith Form v2","Die Die Die"],"picked":"Phantasmal Killer","floor":16},{"not_picked":["Heel Hook","Dash"],"picked":"Choke","floor":18},{"not_picked":["Slice","Deflect"],"picked":"Noxious Fumes","floor":22}],"player_experience":268358,"relics_obtained":[{"floor":9,"key":"Pear"},{"floor":26,"key":"Pantograph"}],"event_choices":[{"event_name":"Golden Wing","player_choice":"Card Removal","floor":2,"damage_taken":0},{"event_name":"The Cleric","player_choice":"Card Removal","floor":5,"damage_taken":0},{"event_name":"Liars Game","player_choice":"disagreed","floor":10,"damage_taken":0},{"event_name":"Drug Dealer","player_choice":"Got JAXXED","floor":20,"damage_taken":0},{"event_name":"The Library","player_choice":"Heal","floor":21,"damage_taken":0},{"event_name":"Back to Basics","player_choice":"Simplicity","floor":24,"damage_taken":0}],"is_beta":false,"boss_relics":[{"not_picked":["Velvet Choker","Coffee Dripper"],"picked":"Philosopher\u0027s Stone"}],"items_purged_floors":[8,19],"is_endless":false,"potions_floor_spawned":[4,13,14,16,18],"killed_by":"Slavers","ascension_level":1}