{"gold_per_floor":[117,45,60,80,30,30,50,50,76,76,76,104,104,116,116,214,214,231,65,83,83,101,101,117,216,268,85,85],"floor_reached":28,"playtime":1869,"items_purged":["Strike_R"],"score":287,"play_id":"92e50862-7742-41d0-9d55-997b47edbff9","local_time":"20190615022902","is_ascension_mode":true,"campfire_choices":[{"data":"Heavy Blade","floor":6.0,"key":"SMITH"},{"data":"Spot Weakness","floor":10.0,"key":"SMITH"},{"data":"Combust","floor":13.0,"key":"SMITH"},{"floor":15.0,"key":"REST"},{"data":"Flex","floor":23.0,"key":"SMITH"}],"neow_cost":"PERCENT_DAMAGE","seed_source_timestamp":374843440925700,"circlet_count":0,"master_deck":["Strike_R","Strike_R+1","Defend_R","Defend_R","Defend_R","Bash","Spot Weakness+1","Combust+1","Iron Wave","Heavy Blade+1","Shrug It Off","Flex+1","Offering","Bandage Up","Combust+1","Blood for Blood+1","Rupture"],"special_seed":0,"relics":["Burning Blood","Anchor","Strawberry","Empty Cage","Whetstone"],"potions_floor_usage":[28,28],"damage_taken":[{"damage":6.0,"enemies":"Cultist","floor":1.0,"turns":4.0},{"damage":6.0,"enemies":"2 Louse","floor":3.0,"turns":2.0},{"damage":5.0,"enemies":"Small Slimes","floor":4.0,"turns":3.0},{"damage":9.0,"enemies":"Looter","floor":7.0,"turns":3.0},{"damage":29.0,"enemies":"Lagavulin","floor":12.0,"turns":7.0},{"damage":24.0,"enemies":"Exordium Wildlife","floor":14.0,"turns":8.0},{"damage":52.0,"enemies":"Hexaghost","floor":16.0,"turns":6.0},{"damage":22.0,"enemies":"Shell Parasite","floor":18.0,"turns":4.0},{"damage":19.0,"enemies":"Spheric Guardian","floor":20.0,"turns":3.0},{"damage":10.0,"enemies":"Snecko","floor":22.0,"turns":4.0},{"damage":35.0,"enemies":"Shelled Parasite and Fungi","floor":24.0,"turns":4.0},{"damage":10,"enemies":"Colosseum Slavers","floor":28,"turns":3},{"damage":32,"enemies":"Colosseum Nobs","floor":28,"turns":4}],"seed_played":"-3849518063136641820","potions_obtained":[{"floor":1.0,"key":"GamblersBrew"},{"floor":7.0,"key":"Weak Potion"},{"floor":14.0,"key":"Strength Potion"},{"floor":16.0,"key":"EntropicBrew"},{"floor":18.0,"key":"Explosive Potion"}],"is_trial":false,"path_per_floor":["M","$","M","M","?","R","M","$","T","R","?","E","R","M","R","B",null,"M","$","M","?","M","R","M","?","T","$","?"],"character_chosen":"IRONCLAD","items_purchased":["Combust","Bandage Up","Whetstone","Rupture"],"campfire_rested":1,"item_purchase_floors":[2,19,27,27],"current_hp_per_floor":[72,72,72,73,73,73,70,70,70,70,70,54,54,36,66,20,103,87,87,78,57,53,53,28,28,28,28,0],"gold":85,"neow_bonus":"TWENTY_PERCENT_HP_BONUS","is_prod":false,"is_daily":false,"chose_seed":false,"campfire_upgraded":4,"win_rate":0,"timestamp":1560558542,"path_taken":["M","$","M","M","?","R","M","$","T","R","?","E","R","M","R","BOSS","M","$","M","?","M","R","M","?","T","?","?"],"build_version":"2019-01-23","purchased_purges":1,"victory":false,"max_hp_per_floor":[96,96,96,96,96,96,96,96,96,96,96,103,103,103,103,103,103,103,103,103,108,108,108,108,108,108,108,108],"card_choices":[{"not_picked":["Entrench","Fire Breathing"],"picked":"Spot Weakness","floor":1.0},{"not_picked":["Sword Boomerang","Sentinel"],"picked":"Iron Wave","floor":3.0},{"not_picked":["Flex","Thunderclap"],"picked":"Heavy Blade","floor":4.0},{"not_picked":["Body Slam","Second Wind","Perfected Strike"],"picked":"SKIP","floor":7.0},{"not_picked":["Second Wind","Hemokinesis"],"picked":"Shrug It Off","floor":12.0},{"not_picked":["Iron Wave","Metallicize"],"picked":"Flex","floor":14.0},{"not_picked":["Dark Embrace","Exhume"],"picked":"Offering","floor":16.0},{"not_picked":["Iron Wave","Warcry","Cleave"],"picked":"SKIP","floor":18.0},{"not_picked":["Havoc","Body Slam","Thunderclap"],"picked":"SKIP","floor":20.0},{"not_picked":["Thunderclap+1","Pommel Strike"],"picked":"Combust+1","floor":22.0},{"not_picked":["Searing Blow","Combust"],"picked":"Blood for Blood","floor":24.0}],"player_experience":235103,"relics_obtained":[{"floor":9.0,"key":"Anchor"},{"floor":12.0,"key":"Strawberry"}],"event_choices":[{"cards_removed":["Defend_R"],"damage_healed":0.0,"max_hp_gain":0.0,"max_hp_loss":0.0,"gold_gain":0.0,"event_name":"The Cleric","player_choice":"Card Removal","floor":5.0,"gold_loss":50.0,"damage_taken":0.0},{"damage_healed":0.0,"max_hp_gain":0.0,"max_hp_loss":0.0,"gold_gain":0.0,"event_name":"Liars Game","player_choice":"Ignored","floor":11.0,"gold_loss":0.0,"damage_taken":0.0},{"damage_healed":0.0,"max_hp_gain":5.0,"max_hp_loss":0.0,"gold_gain":0.0,"event_name":"Forgotten Altar","player_choice":"Shed Blood","floor":21.0,"gold_loss":0.0,"damage_taken":26.0},{"damage_healed":0.0,"max_hp_gain":0.0,"max_hp_loss":0.0,"gold_gain":99.0,"event_name":"Nest","player_choice":"Stole From Cult","floor":25.0,"gold_loss":0.0,"damage_taken":0.0},{"damage_healed":0,"gold_gain":0,"player_choice":"Fight","damage_taken":0,"max_hp_gain":0,"max_hp_loss":0,"event_name":"Colosseum","floor":28,"gold_loss":0},{"damage_healed":0,"gold_gain":0,"player_choice":"Fought Nobs","damage_taken":0,"max_hp_gain":0,"max_hp_loss":0,"event_name":"Colosseum","floor":28,"gold_loss":0}],"is_beta":false,"boss_relics":[{"not_picked":["Calling Bell","Fusion Hammer"],"picked":"Empty Cage"}],"items_purged_floors":[19],"is_endless":false,"potions_floor_spawned":[1,7,14,16,18,28],"killed_by":"Colosseum Nobs","ascension_level":4}