{"gold_per_floor":[116,116,0,0,19,52,52,52,52,63,95,95,139,155,155,275,275,300,31,31,43,78,90],"floor_reached":23,"playtime":2410,"items_purged":["Strike_R","Injury"],"score":217,"play_id":"037acf0d-57d7-4b5e-b8df-493498f9764f","local_time":"20190226110516","is_ascension_mode":true,"campfire_choices":[{"data":"Demon Form","floor":7.0,"key":"SMITH"},{"floor":15.0,"key":"DIG"}],"neow_cost":"NONE","seed_source_timestamp":0,"circlet_count":0,"master_deck":["Strike_R","Strike_R","Strike_R","Defend_R","Defend_R","Defend_R","Bash","Demon Form+1","Infernal Blade+1","Anger","Headbutt","Double Tap","Shrug It Off","Heavy Blade","True Grit","Barricade","Apotheosis","Shame","Spot Weakness"],"special_seed":0,"relics":["Black Blood","Kunai","Sundial","Ornamental Fan","Shovel","Golden Idol","Paper Frog","Pen Nib","MawBank"],"potions_floor_usage":[],"damage_taken":[{"damage":10.0,"enemies":"Cultist","floor":1.0,"turns":4.0},{"damage":7.0,"enemies":"Small Slimes","floor":5.0,"turns":4.0},{"damage":18.0,"enemies":"Lagavulin","floor":6.0,"turns":5.0},{"damage":9.0,"enemies":"2 Louse","floor":10.0,"turns":2.0},{"damage":28.0,"enemies":"3 Sentries","floor":11.0,"turns":5.0},{"damage":8.0,"enemies":"Gremlin Nob","floor":13.0,"turns":3.0},{"damage":2.0,"enemies":"Blue Slaver","floor":14.0,"turns":2.0},{"damage":36.0,"enemies":"Hexaghost","floor":16.0,"turns":8.0},{"damage":25.0,"enemies":"2 Thieves","floor":18.0,"turns":4.0},{"damage":32.0,"enemies":"Chosen","floor":22.0,"turns":6.0},{"damage":43,"enemies":"Book of Stabbing","floor":23,"turns":3}],"seed_played":"7953851435253694806","potions_obtained":[{"floor":1.0,"key":"FearPotion"},{"floor":5.0,"key":"SpeedPotion"},{"floor":10.0,"key":"Fire Potion"},{"floor":11.0,"key":"AttackPotion"}],"is_trial":false,"path_per_floor":["M","?","$","?","M","E","R","?","T","M","E","?","E","M","R","B",null,"M","$","?","?","M","E"],"character_chosen":"IRONCLAD","items_purchased":["Infernal Blade","Apotheosis"],"campfire_rested":0,"item_purchase_floors":[3,19],"current_hp_per_floor":[76,76,76,76,75,63,63,63,63,60,38,38,36,40,40,10,80,65,65,65,65,43,0],"gold":90,"neow_bonus":"TRANSFORM_CARD","is_prod":false,"is_daily":false,"chose_seed":false,"campfire_upgraded":1,"win_rate":0,"timestamp":1551175516,"path_taken":["M","?","$","?","M","E","R","?","T","M","E","?","E","M","R","BOSS","M","$","?","?","M","E"],"build_version":"2019-01-23","purchased_purges":2,"victory":false,"max_hp_per_floor":[80,80,80,80,80,80,80,80,80,80,80,80,80,80,80,80,80,80,80,80,80,80,80],"card_choices":[{"not_picked":["Shockwave","Flex","Thunderclap"],"picked":"SKIP","floor":1.0},{"not_picked":["Iron Wave","Clothesline"],"picked":"Anger","floor":5.0},{"not_picked":["Havoc","Clash"],"picked":"Headbutt","floor":6.0},{"not_picked":["Cleave","Wild Strike"],"picked":"Double Tap","floor":10.0},{"not_picked":["Havoc","Wild Strike"],"picked":"Shrug It Off","floor":11.0},{"not_picked":["Power Through","Blood for Blood"],"picked":"Heavy Blade","floor":13.0},{"not_picked":["Shockwave","Wild Strike"],"picked":"True Grit","floor":14.0},{"not_picked":["Feed","Demon Form"],"picked":"Barricade","floor":16.0},{"not_picked":["Pommel Strike","Wild Strike","Combust"],"picked":"SKIP","floor":18.0},{"not_picked":["Sentinel","Perfected Strike"],"picked":"Spot Weakness","floor":22.0}],"player_experience":115473,"relics_obtained":[{"floor":6.0,"key":"Sundial"},{"floor":9.0,"key":"Ornamental Fan"},{"floor":11.0,"key":"Shovel"},{"floor":13.0,"key":"Paper Frog"},{"floor":15.0,"key":"Pen Nib"}],"event_choices":[{"damage_healed":0.0,"max_hp_gain":0.0,"max_hp_loss":0.0,"gold_gain":0.0,"event_name":"WeMeetAgain","player_choice":"Gave Potion","floor":2.0,"gold_loss":0.0,"damage_taken":0.0,"relics_obtained":["Kunai"]},{"damage_healed":0.0,"max_hp_gain":0.0,"max_hp_loss":0.0,"gold_gain":0.0,"event_name":"Scrap Ooze","player_choice":"Fled","floor":4.0,"gold_loss":0.0,"damage_taken":0.0},{"damage_healed":0.0,"max_hp_gain":0.0,"max_hp_loss":0.0,"gold_gain":0.0,"event_name":"Living Wall","player_choice":"Grow","floor":8.0,"gold_loss":0.0,"damage_taken":0.0,"cards_upgraded":["Infernal Blade"]},{"damage_healed":0.0,"max_hp_gain":0.0,"max_hp_loss":0.0,"gold_gain":0.0,"event_name":"Golden Idol","player_choice":"Take Wound","floor":12.0,"gold_loss":0.0,"damage_taken":0.0,"relics_obtained":["Golden Idol"],"cards_obtained":["Injury"]},{"damage_healed":0.0,"max_hp_gain":0.0,"max_hp_loss":0.0,"gold_gain":0.0,"event_name":"Addict","player_choice":"Stole Relic","floor":20.0,"gold_loss":0.0,"damage_taken":0.0,"relics_obtained":["MawBank"],"cards_obtained":["Shame"]},{"cards_removed":["Strike_R"],"damage_healed":0.0,"max_hp_gain":0.0,"max_hp_loss":0.0,"gold_gain":0.0,"event_name":"Back to Basics","player_choice":"Elegance","floor":21.0,"gold_loss":0.0,"damage_taken":0.0}],"is_beta":false,"boss_relics":[{"not_picked":["Calling Bell","Philosopher\u0027s Stone"],"picked":"Black Blood"}],"items_purged_floors":[3,19],"is_endless":false,"potions_floor_spawned":[1,5,10,11],"killed_by":"Book of Stabbing","ascension_level":1}