{"gold_per_floor":[110,110,120,136,136,136,153,153,153,153,171,184,196,185,185,280,280,292,292,207,227,163,163,189,199,223,258,258,258,284,199,199,303,303,322,322,322,322,0,0,25,25,25,56,67,96,2129,2139,2139,2139,2139,2139,1142,1176,1176],"floor_reached":56,"playtime":5022,"items_purged":["Parasite","Defend_B","Defend_B","Defend_B"],"score":1755,"play_id":"b772745e-84eb-423e-b2db-b001eaf8b73b","local_time":"20190518014231","is_ascension_mode":true,"campfire_choices":[{"data":"Self Repair","floor":6.0,"key":"SMITH"},{"data":"Defragment","floor":10.0,"key":"SMITH"},{"data":"Genetic Algorithm","floor":15.0,"key":"SMITH"},{"data":"Metamorphosis","floor":23,"key":"SMITH"},{"floor":28,"key":"RECALL"},{"data":"Panache","floor":32,"key":"SMITH"},{"data":"Reboot","floor":40,"key":"SMITH"},{"data":"Storm","floor":42,"key":"SMITH"},{"data":"Heatsinks","floor":49,"key":"SMITH"},{"data":"FTL","floor":52,"key":"SMITH"}],"neow_cost":"NONE","seed_source_timestamp":0,"circlet_count":0,"master_deck":["Strike_B+1","Strike_B+1","Zap","Dualcast","Defragment+1","Self Repair+1","Rebound","Leap","Core Surge","Genetic Algorithm+1","Conserve Battery","White Noise","Storm+1","FTL+1","Panache+1","Machine Learning","Gash+1","Metamorphosis+1","Loop","Seek","Gash+1","RitualDagger+1","Seek","Reboot+1","Rebound+1","Madness","Madness","Self Repair","Heatsinks+1","Storm+1","Seek","Magnetism","Sunder+1","Skim+1","Secret Weapon","Hello World","Flex+1"],"special_seed":0,"relics":["Cracked Core","Whetstone","Bottled Tornado","Bird Faced Urn","Omamori","Chemical X","Coffee Dripper","Strawberry","Molten Egg 2","Bag of Preparation","TheAbacus","Bag of Marbles","Juzu Bracelet","Pocketwatch","FossilizedHelix","Nuclear Battery","Calipers","Red Mask","Ancient Tea Set","Ornamental Fan","Smiling Mask","Blood Vial","Dream Catcher","Bronze Scales","PrismaticShard","Lee\u0027s Waffle","Bottled Flame","Pantograph","Anchor"],"potions_floor_usage":[24,33,44,55],"damage_taken":[{"damage":6.0,"enemies":"Small Slimes","floor":1.0,"turns":2.0},{"damage":1.0,"enemies":"Cultist","floor":3.0,"turns":3.0},{"damage":3.0,"enemies":"2 Louse","floor":4.0,"turns":2.0},{"damage":18.0,"enemies":"Exordium Wildlife","floor":7.0,"turns":4.0},{"damage":7.0,"enemies":"Lots of Slimes","floor":11.0,"turns":3.0},{"damage":15.0,"enemies":"3 Louse","floor":12.0,"turns":3.0},{"damage":45.0,"enemies":"Gremlin Gang","floor":13.0,"turns":6.0},{"damage":32.0,"enemies":"Slime Boss","floor":16.0,"turns":12.0},{"damage":12,"enemies":"Chosen","floor":18,"turns":4},{"damage":30,"enemies":"2 Thieves","floor":21,"turns":4},{"damage":0,"enemies":"Slavers","floor":24,"turns":3},{"damage":34,"enemies":"Snake Plant","floor":25,"turns":4},{"damage":35,"enemies":"Book of Stabbing","floor":27,"turns":4},{"damage":21,"enemies":"Slavers","floor":30,"turns":3},{"damage":21,"enemies":"Champ","floor":33,"turns":6},{"damage":6,"enemies":"3 Shapes","floor":35,"turns":2},{"damage":52,"enemies":"Nemesis","floor":41,"turns":5},{"damage":14,"enemies":"Giant Head","floor":44,"turns":6},{"damage":0,"enemies":"Orb Walker","floor":45,"turns":3},{"damage":8,"enemies":"Nemesis","floor":46,"turns":7},{"damage":0,"enemies":"3 Darklings","floor":48,"turns":2},{"damage":0,"enemies":"Donu and Deca","floor":50,"turns":3},{"damage":0,"enemies":"Shield and Spear","floor":54,"turns":2},{"damage":20,"enemies":"The Heart","floor":55,"turns":5}],"seed_played":"7793268053747934053","potions_obtained":[{"floor":3.0,"key":"AttackPotion"},{"floor":7.0,"key":"Energy Potion"},{"floor":24,"key":"Explosive Potion"},{"floor":27,"key":"AttackPotion"},{"floor":35,"key":"GamblersBrew"},{"floor":46,"key":"Explosive Potion"}],"is_trial":false,"path_per_floor":["M","?","M","M","?","R","M","?","T","R","M","M","M","$","R","B",null,"M","?","?","M","$","R","E","M","T","E","R","?","E","?","R","B",null,"M","?","?","?","?","R","E","R","T","E","M","E","$","M","R","B",null,"R","$","E","B",null],"character_chosen":"DEFECT","items_purchased":["White Noise","Bird Faced Urn","Omamori","Chemical X","Storm","FTL","Panache","Swift Potion","Poison Potion","FairyPotion","Metamorphosis","Molten Egg 2","Bag of Preparation","TheAbacus","Loop","FairyPotion","Dream Catcher","Bronze Scales","PrismaticShard","Seek","Magnetism","Sunder+1","Lee\u0027s Waffle","Bottled Flame","Pantograph","Secret Weapon","Hello World"],"campfire_rested":0,"item_purchase_floors":[14,14,14,14,14,14,14,14,14,14,22,22,22,22,22,22,47,47,47,47,47,47,53,53,53,53,53],"current_hp_per_floor":[62,62,61,58,51,51,43,61,61,61,64,59,24,24,24,42,65,72,72,79,65,65,65,79,63,63,50,50,44,41,41,41,44,70,79,79,79,69,69,69,39,39,39,58,76,79,79,79,79,79,79,79,86,86,86],"gold":1176,"neow_bonus":"RANDOM_COMMON_RELIC","is_prod":false,"is_daily":false,"chose_seed":false,"campfire_upgraded":9,"win_rate":0,"timestamp":1558136551,"path_taken":["M","?","?","?","?","R","M","?","T","R","?","?","M","$","R","BOSS","M","?","?","M","$","R","E","M","T","E","R","?","E","?","R","BOSS","M","?","?","?","?","R","E","R","T","E","M","E","?","M","R","BOSS","R","$","E","BOSS"],"build_version":"2019-01-23","purchased_purges":4,"victory":true,"max_hp_per_floor":[75,75,75,75,75,75,75,75,75,75,75,75,75,72,72,72,72,72,72,79,79,79,79,79,79,79,79,79,79,79,79,79,79,79,79,79,79,79,79,79,79,79,79,79,79,79,79,79,79,79,79,79,86,86,86],"card_choices":[{"not_picked":["Steam","Conserve Battery"],"picked":"Defragment","floor":1.0},{"not_picked":["Barrage","Ball Lightning"],"picked":"Self Repair","floor":3.0},{"not_picked":["Barrage","Coolheaded"],"picked":"Rebound","floor":4.0},{"not_picked":["Rebound","Rip and Tear"],"picked":"Leap","floor":7.0},{"not_picked":["Glacier","Hologram"],"picked":"Core Surge","floor":11.0},{"not_picked":["Hologram","Recycle"],"picked":"Genetic Algorithm","floor":12.0},{"not_picked":["Beam Cell","Ball Lightning"],"picked":"Conserve Battery","floor":13.0},{"not_picked":["Buffer","Multi-Cast"],"picked":"Machine Learning","floor":16.0},{"not_picked":["Redo","Reprogram","Go for the Eyes"],"picked":"SKIP","floor":18},{"not_picked":["Hologram+1","White Noise"],"picked":"Gash+1","floor":21},{"not_picked":["Multi-Cast","Glacier"],"picked":"Seek","floor":24},{"not_picked":["Steam","Recycle"],"picked":"Gash+1","floor":25},{"not_picked":["Coolheaded","Compile Driver+1"],"picked":"Sweeping Beam+1","floor":27},{"not_picked":["Defragment","Storm"],"picked":"Seek","floor":30},{"not_picked":["Thunder Strike+1","Multi-Cast"],"picked":"Reboot","floor":33},{"not_picked":["Steam","Beam Cell+1"],"picked":"Rebound+1","floor":35},{"not_picked":["Barrage+1","Auto Shields"],"picked":"Self Repair","floor":41},{"not_picked":["Compile Driver+1","Go for the Eyes+1"],"picked":"Heatsinks","floor":44},{"not_picked":["Auto Shields+1","Steam Power+1","Cold Snap+1"],"picked":"SKIP","floor":45},{"not_picked":["Reprogram","Lockon+1"],"picked":"Storm+1","floor":46},{"not_picked":["Heatsinks","Anger+1"],"picked":"Skim+1","floor":48},{"not_picked":["Dagger Spray+1","Go for the Eyes+1"],"picked":"Flex+1","floor":54}],"player_experience":133658,"relics_obtained":[{"floor":9.0,"key":"Bottled Tornado"},{"floor":24,"key":"Bag of Marbles"},{"floor":27,"key":"Juzu Bracelet"},{"floor":30,"key":"Pocketwatch"},{"floor":36,"key":"Calipers"},{"floor":41,"key":"Ancient Tea Set"},{"floor":43,"key":"Ornamental Fan"},{"floor":44,"key":"Smiling Mask"},{"floor":46,"key":"Blood Vial"},{"floor":54,"key":"Anchor"}],"event_choices":[{"cards_removed":["Strike_B"],"damage_healed":0.0,"max_hp_gain":0.0,"max_hp_loss":0.0,"gold_gain":0.0,"event_name":"Purifier","player_choice":"Purged","floor":2.0,"gold_loss":0.0,"damage_taken":0.0},{"cards_removed":["Strike_B"],"damage_healed":0.0,"max_hp_gain":0.0,"max_hp_loss":0.0,"gold_gain":0.0,"event_name":"Golden Wing","player_choice":"Card Removal","floor":5.0,"gold_loss":0.0,"damage_taken":7.0},{"damage_healed":18.0,"max_hp_gain":0.0,"max_hp_loss":0.0,"gold_gain":0.0,"event_name":"Mushrooms","player_choice":"Healed and dodged fight","floor":8.0,"gold_loss":0.0,"damage_taken":0.0,"cards_obtained":["Parasite"]},{"cards_removed":["Defend_B"],"damage_healed":0,"gold_gain":0,"player_choice":"Elegance","damage_taken":0,"max_hp_gain":0,"max_hp_loss":0,"event_name":"Back to Basics","floor":19,"gold_loss":0},{"damage_healed":0,"gold_gain":0,"player_choice":"Paid Gold","damage_taken":0,"relics_obtained":["Strawberry"],"max_hp_gain":0,"max_hp_loss":0,"event_name":"WeMeetAgain","floor":20,"gold_loss":85},{"damage_healed":0,"gold_gain":0,"player_choice":"Joined the Cult","damage_taken":6,"max_hp_gain":0,"max_hp_loss":0,"event_name":"Nest","floor":29,"gold_loss":0,"cards_obtained":["RitualDagger"]},{"damage_healed":0,"gold_gain":0,"player_choice":"Obtained Relic","damage_taken":0,"relics_obtained":["FossilizedHelix"],"max_hp_gain":0,"max_hp_loss":0,"event_name":"Addict","floor":31,"gold_loss":85},{"damage_healed":0,"gold_gain":0,"player_choice":"Relic","damage_taken":0,"max_hp_gain":0,"max_hp_loss":0,"event_name":"Wheel of Change","floor":36,"gold_loss":0},{"cards_removed":["Sweeping Beam"],"damage_healed":0,"gold_gain":0,"player_choice":"Removed Attack","damage_taken":0,"max_hp_gain":0,"max_hp_loss":0,"event_name":"Falling","floor":37,"gold_loss":0},{"damage_healed":0,"gold_gain":0,"player_choice":"Embrace Madness","damage_taken":10,"max_hp_gain":0,"max_hp_loss":0,"event_name":"Winding Halls","floor":38,"gold_loss":0,"cards_obtained":["Madness","Madness"]},{"damage_healed":0,"gold_gain":0,"player_choice":"Paid","damage_taken":0,"relics_obtained":["Red Mask"],"max_hp_gain":0,"max_hp_loss":0,"event_name":"Tomb of Lord Red Mask","floor":39,"gold_loss":322}],"is_beta":false,"boss_relics":[{"not_picked":["Busted Crown","Astrolabe"],"picked":"Coffee Dripper"},{"not_picked":["Orrery","Inserter"],"picked":"Nuclear Battery"}],"items_purged_floors":[14,22,47,53],"is_endless":false,"potions_floor_spawned":[3,7,24,27,30,35,46,48],"ascension_level":6}