{"gold_per_floor":[118,43,60,15,15,15,47,47,92,117,136,156,56,75,75,198,198,214,89,66,96,121,121,140,140,140,140,140,140,159,159,159,290,290,309,309,159,159,492,492],"floor_reached":40,"playtime":3577,"items_purged":["Strike_B","Defend_B","Strike_B","Strike_B"],"score":483,"play_id":"85cb6b14-4e20-497e-be1a-434201786a9c","local_time":"20180724063336","is_ascension_mode":true,"campfire_choices":[{"data":"White Noise","floor":6.0,"key":"SMITH"},{"floor":15,"key":"REST"},{"data":"Fusion","floor":23,"key":"SMITH"},{"data":"Barrage","floor":25,"key":"SMITH"},{"data":"Dualcast","floor":27,"key":"SMITH"},{"data":"Seek","floor":32,"key":"SMITH"}],"neow_cost":"NONE","seed_source_timestamp":0,"circlet_count":0,"master_deck":["Defend_B","Defend_B","Defend_B","Zap","Dualcast+1","White Noise+1","Ball Lightning","Go for the Eyes","Fusion+1","Conserve Battery","Conserve Battery","Ball Lightning","Seek+1","Barrage+1","Glacier","Gash","Capacitor","Buffer","Chill+1","Enlightenment"],"special_seed":0,"relics":["Cracked Core","Question Card","Strawberry","Eternal Feather","Tiny Chest","Anchor","Ornamental Fan","Nunchaku","Nuclear Battery"],"potions_floor_usage":[16,16,16,33,33,33,33,40],"damage_taken":[{"damage":2.0,"enemies":"Jaw Worm","floor":1.0,"turns":3.0},{"damage":6.0,"enemies":"Cultist","floor":3.0,"turns":3.0},{"damage":35.0,"enemies":"3 Sentries","floor":7.0,"turns":7.0},{"damage":0.0,"enemies":"2 Louse","floor":10.0,"turns":2.0},{"damage":4.0,"enemies":"Looter","floor":11.0,"turns":3.0},{"damage":10.0,"enemies":"2 Fungi Beasts","floor":12.0,"turns":3.0},{"damage":28,"enemies":"Exordium Wildlife","floor":14,"turns":5},{"damage":18,"enemies":"The Guardian","floor":16,"turns":9},{"damage":0,"enemies":"Shell Parasite","floor":18,"turns":9},{"damage":23,"enemies":"2 Thieves","floor":20,"turns":5},{"damage":6,"enemies":"Slaver and Parasite","floor":24,"turns":8},{"damage":9,"enemies":"Snake Plant","floor":30,"turns":6},{"damage":73,"enemies":"Champ","floor":33,"turns":16},{"damage":0,"enemies":"Orb Walker","floor":35,"turns":4},{"damage":123,"enemies":"Nemesis","floor":40,"turns":12}],"seed_played":"7111272714168778128","potions_obtained":[{"floor":1.0,"key":"Strength Potion"},{"floor":3.0,"key":"LiquidBronze"},{"floor":11.0,"key":"LiquidBronze"},{"floor":20,"key":"EntropicBrew"},{"floor":29,"key":"SkillPotion"},{"floor":29,"key":"FocusPotion"},{"floor":30,"key":"LiquidBronze"},{"floor":33,"key":"SteroidPotion"}],"is_trial":false,"path_per_floor":["M","$","M","$","?","R","E","?","T","M","M","M","$","M","R","B",null,"M","$","M","?","T","R","M","R","T","R","$","?","M","T","R","B",null,"M","?","$","?","?"],"character_chosen":"DEFECT","items_purchased":["Go for the Eyes"],"campfire_rested":1,"item_purchase_floors":[4],"current_hp_per_floor":[73,73,67,67,72,72,37,37,44,44,40,30,30,2,26,8,81,81,81,58,58,58,67,61,70,70,79,79,79,70,70,79,6,81,81,81,81,81,81,0],"gold":492,"neow_bonus":"REMOVE_CARD","is_prod":false,"is_daily":false,"chose_seed":false,"campfire_upgraded":5,"win_rate":0,"timestamp":1532385216,"path_taken":["M","$","M","$","?","R","E","?","T","?","?","?","$","M","R","BOSS","M","$","M","?","?","R","M","R","T","R","?","?","?","?","R","BOSS","M","?","$","?","?","E"],"build_version":"2018-07-19v2","purchased_purges":4,"victory":false,"max_hp_per_floor":[75,75,75,75,80,80,80,74,81,81,81,81,81,81,81,81,81,81,81,81,81,81,81,81,81,81,81,81,81,81,81,81,81,81,81,81,81,81,81,81],"card_choices":[{"not_picked":["Lockon","Tempest"],"picked":"White Noise","floor":1.0},{"not_picked":["Defragment","Sweeping Beam"],"picked":"Ball Lightning","floor":3.0},{"not_picked":["Aggregate","Biased Cognition"],"picked":"Fusion","floor":7.0},{"not_picked":["Sweeping Beam","Beam Cell","Barrage"],"picked":"Conserve Battery","floor":10.0},{"not_picked":["Hologram","Reprogram","Undo"],"picked":"Conserve Battery","floor":11.0},{"not_picked":["Blizzard","Amplify","Rebound"],"picked":"Ball Lightning","floor":12.0},{"not_picked":["Reprogram","Beam Cell","Rebound"],"picked":"Glacier","floor":14},{"not_picked":["Multi-Cast","Hyperbeam","Fission"],"picked":"Seek","floor":16},{"not_picked":["Genetic Algorithm","Gash","Ball Lightning"],"picked":"Barrage","floor":18},{"not_picked":["Steam Power","Undo","Lockon"],"picked":"Glacier","floor":20},{"not_picked":["Cold Snap","Go for the Eyes+1","Rebound"],"picked":"Gash","floor":24},{"not_picked":["Beam Cell","Go for the Eyes","Glacier+1"],"picked":"Capacitor","floor":30},{"not_picked":["Amplify","Reboot","Seek"],"picked":"Buffer","floor":33},{"not_picked":["Chaos+1","Cold Snap","Go for the Eyes"],"picked":"Chill+1","floor":35},{"not_picked":["Swift Strike","Thinking Ahead","Mind Blast"],"picked":"Enlightenment","floor":36}],"player_experience":216173,"relics_obtained":[{"floor":7.0,"key":"Question Card"},{"floor":9.0,"key":"Strawberry"},{"floor":22,"key":"Anchor"},{"floor":26,"key":"Ornamental Fan"},{"floor":31,"key":"Nunchaku"}],"event_choices":[{"event_name":"Big Fish","player_choice":"Donut","floor":5.0,"damage_taken":0.0},{"event_name":"Golden Idol","player_choice":"Lose Max HP","floor":8.0,"damage_taken":0.0},{"event_name":"The Mausoleum","player_choice":"Yes","floor":21,"damage_taken":0},{"event_name":"The Lab","player_choice":"Got Potions","floor":29,"damage_taken":0},{"event_name":"SensoryStone","player_choice":"Memory 1","floor":36,"damage_taken":0},{"event_name":"Falling","player_choice":"Removed Skill","floor":38,"damage_taken":0},{"event_name":"The Moai Head","player_choice":"Gave Idol","floor":39,"damage_taken":0}],"is_beta":false,"boss_relics":[{"not_picked":["Cursed Key","Inserter"],"picked":"Eternal Feather"},{"not_picked":["Fusion Hammer","Philosopher\u0027s Stone"],"picked":"Nuclear Battery"}],"items_purged_floors":[2,13,19,37],"is_endless":false,"potions_floor_spawned":[1,3,11,20,30,33,35],"killed_by":"Nemesis","ascension_level":4}