{"path_per_floor":["M","?","M","$","?","E","R","M","T","R","$","M","R","E","R","B",null,"M","?","M","?","M","R","?","R","T","$","R","M","M","M","R"],"character_chosen":"DEFECT","items_purchased":["Chill","Cold Snap","Darkness","Blizzard","Ancient Tea Set","Mummified Hand"],"gold_per_floor":[114,289,302,64,64,98,98,113,162,162,5,21,21,51,51,153,153,169,269,283,283,296,296,296,296,322,60,60,78,98,116,116,116],"floor_reached":33,"campfire_rested":2,"playtime":1456,"item_purchase_floors":[4,4,4,4,11,27],"current_hp_per_floor":[72,72,72,72,57,36,36,36,36,36,36,36,36,19,41,20,75,72,72,70,56,55,55,55,55,55,55,55,41,11,5,29,0],"items_purged":[],"gold":116,"score":255,"play_id":"a8ca262e-63b6-4a0b-ab79-78b234daa7da","local_time":"20180601181908","is_prod":false,"is_daily":false,"chose_seed":false,"is_ascension_mode":false,"campfire_upgraded":6,"win_rate":0.0,"timestamp":1527873548,"campfire_choices":[{"data":"Static Discharge","floor":7,"key":"SMITH"},{"data":"Reinforced Body","floor":10,"key":"SMITH"},{"data":"Barrage","floor":13,"key":"SMITH"},{"floor":15,"key":"REST"},{"data":"Conserve Battery","floor":23,"key":"SMITH"},{"data":"Static Discharge","floor":25,"key":"SMITH"},{"data":"Ball Lightning","floor":28,"key":"SMITH"},{"floor":32,"key":"REST"}],"path_taken":["M","?","M","$","?","E","R","M","T","R","?","M","R","E","R","BOSS","M","?","M","?","M","R","?","R","T","?","R","M","?","M","R","BOSS"],"build_version":"2018-05-31","seed_source_timestamp":358627544865544,"purchased_purges":0,"victory":false,"master_deck":["Strike_B","Strike_B","Strike_B","Strike_B","Defend_B","Defend_B","Defend_B","Defend_B+1","Zap+1","Dualcast","Coolheaded","Doubt","Static Discharge+1","Chill","Cold Snap","Darkness","Blizzard","Cold Snap","Reinforced Body+1","Barrage+1","Ball Lightning+1","Steam Power","Multi-Cast","Hologram+1","Static Discharge+1","Conserve Battery+1","Storm+1","Ball Lightning","Streamline","White Noise+1"],"max_hp_per_floor":[75,75,75,75,75,75,75,75,75,75,75,75,75,75,75,75,75,75,75,75,80,80,80,80,80,80,80,80,80,80,80,80,80],"relics":["Cracked Core","Dream Catcher","Singing Bowl","Ancient Tea Set","Torii","Nuclear Battery","Blood Vial","Mummified Hand"],"card_choices":[{"not_picked":["Consume","Gash"],"picked":"Coolheaded","floor":1},{"not_picked":["Doom and Gloom","Scrape"],"picked":"Static Discharge","floor":3},{"not_picked":["Tempest","Conserve Battery"],"picked":"Cold Snap","floor":6},{"not_picked":["Darkness","Beam Cell"],"picked":"Reinforced Body","floor":8},{"not_picked":["Steam Power","Biased Cognition"],"picked":"Barrage","floor":12},{"not_picked":["Hologram","Chaos"],"picked":"Ball Lightning","floor":14},{"not_picked":["FTL","Go for the Eyes"],"picked":"Steam Power","floor":15},{"not_picked":["Amplify","Machine Learning"],"picked":"Multi-Cast","floor":16},{"not_picked":["Go for the Eyes","Chill"],"picked":"Hologram+1","floor":18},{"not_picked":["Steam","Sweeping Beam"],"picked":"Static Discharge","floor":20},{"not_picked":["Coolheaded","Go for the Eyes"],"picked":"Conserve Battery","floor":22},{"not_picked":["Buffer","Stack"],"picked":"Storm+1","floor":29},{"not_picked":["Compile Driver+1","Stack"],"picked":"Ball Lightning","floor":30},{"not_picked":["Compile Driver+1","Go for the Eyes"],"picked":"Streamline","floor":31},{"not_picked":["Skim","Ball Lightning"],"picked":"White Noise+1","floor":32}],"player_experience":316612,"potions_floor_usage":[8,20,31,33,33],"damage_taken":[{"damage":3,"enemies":"Jaw Worm","floor":1,"turns":3},{"damage":0,"enemies":"Cultist","floor":3,"turns":4},{"damage":21,"enemies":"Lagavulin","floor":6,"turns":7},{"damage":0,"enemies":"2 Louse","floor":8,"turns":2},{"damage":0,"enemies":"Exordium Wildlife","floor":12,"turns":5},{"damage":17,"enemies":"Gremlin Nob","floor":14,"turns":5},{"damage":21,"enemies":"The Guardian","floor":16,"turns":10},{"damage":3,"enemies":"Shell Parasite","floor":18,"turns":5},{"damage":2,"enemies":"Spheric Guardian","floor":20,"turns":4},{"damage":1,"enemies":"Centurion and Healer","floor":22,"turns":6},{"damage":16,"enemies":"Snake Plant","floor":29,"turns":3},{"damage":32,"enemies":"Cultist and Chosen","floor":30,"turns":5},{"damage":8,"enemies":"Centurion and Healer","floor":31,"turns":8},{"damage":68,"enemies":"Automaton","floor":33,"turns":6}],"relics_obtained":[{"floor":6,"key":"Dream Catcher"},{"floor":9,"key":"Singing Bowl"},{"floor":14,"key":"Torii"},{"floor":26,"key":"Blood Vial"}],"event_choices":[{"event_name":"Liars Game","player_choice":"agreed","floor":2,"damage_taken":0},{"event_name":"Shining Light","player_choice":"Entered Light","floor":5,"damage_taken":0},{"event_name":"Golden Shrine","player_choice":"Pray","floor":19,"damage_taken":0},{"event_name":"Forgotten Altar","player_choice":"Shed Blood","floor":21,"damage_taken":0},{"event_name":"Beggar","player_choice":"Ignored","floor":24,"damage_taken":0}],"boss_relics":[{"not_picked":["Tiny House","Velvet Choker"],"picked":"Nuclear Battery"}],"items_purged_floors":[],"potions_floor_spawned":[3,8,12,14,18,29,30],"seed_played":"4947441319042863802","killed_by":"Automaton","ascension_level":0,"potions_obtained":[{"floor":3,"key":"Energy Potion"},{"floor":8,"key":"Swift Potion"},{"floor":12,"key":"Ancient Potion"},{"floor":14,"key":"Poison Potion"},{"floor":29,"key":"Strength Potion"},{"floor":30,"key":"SkillPotion"}],"is_trial":false}