{"gold_per_floor":[10,10,10,29,50,50,66,85,85,85,85,104,104],"floor_reached":13,"playtime":350,"items_purged":[],"score":154,"play_id":"685889b4-ff3c-4e95-8f69-52edee82a3a0","local_time":"20190709194627","is_ascension_mode":true,"campfire_choices":[{"data":"Neutralize","floor":6.0,"key":"SMITH"},{"floor":11,"key":"REST"}],"neow_cost":"NO_GOLD","seed_source_timestamp":1269015397385000,"circlet_count":0,"master_deck":["AscendersBane","Strike_G","Strike_G","Strike_G","Strike_G","Defend_G","Defend_G","Defend_G","Survivor","Neutralize+1","Catalyst","Acrobatics","Bouncing Flask","Dodge and Roll","Footwork"],"special_seed":0,"relics":["Ring of the Snake","Golden Idol","Art of War"],"potions_floor_usage":[13],"damage_taken":[{"damage":0.0,"enemies":"Jaw Worm","floor":1.0,"turns":6.0},{"damage":4.0,"enemies":"Small Slimes","floor":4.0,"turns":5.0},{"damage":1.0,"enemies":"Cultist","floor":5.0,"turns":4.0},{"damage":2.0,"enemies":"2 Fungi Beasts","floor":7.0,"turns":5.0},{"damage":0.0,"enemies":"Blue Slaver","floor":8.0,"turns":3.0},{"damage":10,"enemies":"Red Slaver","floor":12,"turns":3},{"damage":45,"enemies":"3 Sentries","floor":13,"turns":5}],"seed_played":"5719739863528004314","potions_obtained":[{"floor":1.0,"key":"Block Potion"},{"floor":7.0,"key":"Ancient Potion"},{"floor":12,"key":"FearPotion"}],"is_trial":false,"path_per_floor":["M","?","?","M","M","R","M","M","T","?","R","M","E"],"character_chosen":"THE_SILENT","items_purchased":[],"campfire_rested":1,"item_purchase_floors":[],"current_hp_per_floor":[59,36,36,32,31,31,29,29,29,29,48,38,0],"gold":104,"neow_bonus":"REMOVE_TWO","is_prod":false,"is_daily":false,"chose_seed":false,"campfire_upgraded":1,"win_rate":0,"timestamp":1562672787,"path_taken":["M","?","?","?","M","R","M","M","T","?","R","M","E"],"build_version":"2019-07-05","purchased_purges":0,"victory":false,"max_hp_per_floor":[66,66,66,66,66,66,66,66,66,66,66,66,66],"card_choices":[{"not_picked":["Masterful Stab","Tactician","Flying Knee"],"picked":"SKIP","floor":1.0},{"not_picked":["Poisoned Stab","Concentrate"],"picked":"Catalyst","floor":4.0},{"not_picked":["Blade Dance","Bane"],"picked":"Acrobatics","floor":5.0},{"not_picked":["Outmaneuver","Quick Slash"],"picked":"Bouncing Flask","floor":7.0},{"not_picked":["Caltrops","Distraction"],"picked":"Dodge and Roll","floor":8.0},{"not_picked":["Caltrops","Distraction"],"picked":"Footwork","floor":12}],"player_experience":760235,"relics_obtained":[{"floor":9.0,"key":"Art of War"}],"event_choices":[{"damage_healed":0.0,"max_hp_gain":0.0,"max_hp_loss":0.0,"gold_gain":0.0,"event_name":"Golden Idol","player_choice":"Take Damage","floor":2.0,"gold_loss":0.0,"damage_taken":23.0,"relics_obtained":["Golden Idol"]},{"cards_removed":["Defend_G"],"damage_healed":0.0,"max_hp_gain":0.0,"max_hp_loss":0.0,"gold_gain":0.0,"event_name":"Purifier","player_choice":"Purged","floor":3.0,"gold_loss":0.0,"damage_taken":0.0},{"damage_healed":0,"gold_gain":0,"player_choice":"Searched \u00270\u0027 times","damage_taken":0,"max_hp_gain":0,"max_hp_loss":0,"event_name":"Dead Adventurer","floor":10,"gold_loss":0}],"is_beta":false,"boss_relics":[],"items_purged_floors":[],"is_endless":false,"potions_floor_spawned":[1,7,12],"killed_by":"3 Sentries","ascension_level":20}