{"gold_per_floor":[118,134,151,151,151,151,164,164,164,89,89,119,129,199,199,298,298,312,135,152,152,152,186,186,196,196,46,64,78,78,97,97,194,194,204,217,217,232,245,245,273,289,289,39,55,55,55,73,73,73],"floor_reached":51,"playtime":3987,"items_purged":["Strike_G","Strike_G"],"score":1073,"play_id":"b2de7a1d-57a1-4b8c-acbc-2545812f0c82","local_time":"20190709213517","is_ascension_mode":true,"campfire_choices":[{"data":"Venomology","floor":6,"key":"SMITH"},{"data":"Deadly Poison","floor":8,"key":"SMITH"},{"data":"Deadly Poison","floor":11,"key":"SMITH"},{"floor":15,"key":"REST"},{"floor":24,"key":"REST"},{"floor":30,"key":"REST"},{"floor":32,"key":"REST"},{"floor":40,"key":"REST"},{"floor":46,"key":"REST"},{"data":"Catalyst","floor":49,"key":"SMITH"}],"neow_cost":"NONE","seed_source_timestamp":396778151352391,"circlet_count":0,"master_deck":["AscendersBane","Strike_G","Defend_G+1","Defend_G","Survivor","Neutralize","Venomology+1","Backflip","Dodge and Roll","Deadly Poison+1","Deadly Poison+1","Die Die Die+1","Noxious Fumes+1","Backflip+1","Backflip","Glass Knife+1","After Image","Cloak And Dagger+1","Noxious Fumes","Catalyst+1","Poisoned Stab+1","Bane+1","Corpse Explosion","Backflip+1"],"relics":["Ring of the Snake","Bottled Lightning","Ornamental Fan","Molten Egg 2","Philosopher\u0027s Stone","Gremlin Horn","Happy Flower","Busted Crown","Orichalcum","Potion Belt"],"potions_floor_usage":[3,7,12,16,16,16,18,20,20,23,23,23,25,29,29,31,33,33,35,36,38,39,39,41,42,44,45,50,50,50,50],"damage_taken":[{"damage":0,"enemies":"Small Slimes","floor":1,"turns":3},{"damage":6,"enemies":"Jaw Worm","floor":2,"turns":5},{"damage":4,"enemies":"Cultist","floor":3,"turns":5},{"damage":3,"enemies":"Blue Slaver","floor":7,"turns":4},{"damage":2,"enemies":"Lagavulin","floor":12,"turns":6},{"damage":0,"enemies":"Exordium Thugs","floor":13,"turns":4},{"damage":19,"enemies":"Hexaghost","floor":16,"turns":9},{"damage":0,"enemies":"Chosen","floor":18,"turns":5},{"damage":0,"enemies":"3 Byrds","floor":20,"turns":4},{"damage":50,"enemies":"Slavers","floor":23,"turns":4},{"damage":30,"enemies":"Snake Plant","floor":25,"turns":4},{"damage":1,"enemies":"Chosen and Byrds","floor":28,"turns":6},{"damage":2,"enemies":"Sentry and Sphere","floor":29,"turns":5},{"damage":3,"enemies":"Shelled Parasite and Fungi","floor":31,"turns":4},{"damage":37,"enemies":"Automaton","floor":33,"turns":9},{"damage":13,"enemies":"3 Darklings","floor":35,"turns":3},{"damage":12,"enemies":"3 Shapes","floor":36,"turns":3},{"damage":0,"enemies":"Sphere and 2 Shapes","floor":38,"turns":4},{"damage":0,"enemies":"Maw","floor":39,"turns":6},{"damage":31,"enemies":"Reptomancer","floor":41,"turns":5},{"damage":0,"enemies":"Transient","floor":42,"turns":5},{"damage":6,"enemies":"4 Shapes","floor":45,"turns":3},{"damage":1,"enemies":"Jaw Worm Horde","floor":48,"turns":2},{"damage":48,"enemies":"Time Eater","floor":50,"turns":5}],"seed_played":"-1300526637070712304","potions_obtained":[{"floor":2,"key":"Regen Potion"},{"floor":7,"key":"EssenceOfSteel"},{"floor":16,"key":"Swift Potion"},{"floor":18,"key":"Block Potion"},{"floor":20,"key":"GamblersBrew"},{"floor":28,"key":"SpeedPotion"},{"floor":33,"key":"EssenceOfSteel"},{"floor":35,"key":"SpeedPotion"},{"floor":38,"key":"Block Potion"},{"floor":41,"key":"Explosive Potion"}],"is_trial":false,"path_per_floor":["M","M","M","?","?","R","M","R","T","$","R","E","M","T","R","B",null,"M","$","M","?","?","E","R","M","T","$","M","M","R","M","R","B",null,"M","M","?","M","M","R","E","M","T","$","M","R","?","M","R","B",null],"character_chosen":"THE_SILENT","items_purchased":["Noxious Fumes","Noxious Fumes","Catalyst","Fruit Juice","Regen Potion","Regen Potion"],"campfire_rested":6,"item_purchase_floors":[19,27,27,44,44,44],"current_hp_per_floor":[63,57,67,72,57,57,54,54,54,54,54,52,52,52,74,55,70,70,70,70,70,70,20,42,12,12,12,11,9,31,28,50,13,60,47,35,35,35,35,57,26,26,26,31,25,49,49,48,48,40],"gold":73,"neow_bonus":"TRANSFORM_CARD","is_prod":false,"is_daily":false,"chose_seed":false,"campfire_upgraded":4,"win_rate":0,"timestamp":1562722517,"path_taken":["M","M","M","?","?","R","M","R","T","$","R","E","M","?","R","BOSS","M","$","M","?","?","E","R","M","T","$","M","M","R","M","R","BOSS","M","?","?","M","M","R","E","M","T","?","M","R","?","M","R","BOSS"],"build_version":"2019-07-03","purchased_purges":2,"victory":true,"max_hp_per_floor":[70,70,70,75,75,75,75,75,75,75,75,75,75,75,75,75,75,75,75,75,75,75,75,75,75,75,75,75,75,75,75,75,75,75,75,75,75,75,75,75,75,75,75,80,80,80,80,80,80,80],"card_choices":[{"not_picked":["Bane","Prepared"],"picked":"Backflip","floor":1},{"not_picked":["Sucker Punch","Dagger Throw"],"picked":"Dodge and Roll","floor":2},{"not_picked":["Concentrate","Finisher"],"picked":"Deadly Poison","floor":3},{"not_picked":["Sucker Punch","Deflect"],"picked":"Deadly Poison","floor":7},{"not_picked":["Dagger Throw","Deflect","Quick Slash"],"picked":"SKIP","floor":12},{"not_picked":["PiercingWail","Endless Agony","Dagger Spray"],"picked":"SKIP","floor":13},{"not_picked":["Phantasmal Killer","Malaise"],"picked":"Die Die Die+1","floor":16},{"not_picked":["Dagger Throw+1","Underhanded Strike+1","Slice+1"],"picked":"SKIP","floor":18},{"not_picked":["Slice+1","Dodge and Roll"],"picked":"Backflip+1","floor":20},{"not_picked":["Sucker Punch+1","Leg Sweep"],"picked":"After Image","floor":23},{"not_picked":["PiercingWail+1","Tactician"],"picked":"Cloak And Dagger+1","floor":25},{"not_picked":["Slice+1","Outmaneuver"],"picked":"Poisoned Stab+1","floor":28},{"not_picked":["Distraction","Expertise"],"picked":"Bane+1","floor":29},{"not_picked":["Poisoned Stab+1","Backflip","Terror+1"],"picked":"SKIP","floor":31},{"not_picked":["Bullet Time","Unload+1"],"picked":"Corpse Explosion","floor":33},{"not_picked":["Masterful Stab+1"],"picked":"SKIP","floor":35},{"not_picked":["Caltrops"],"picked":"SKIP","floor":36},{"not_picked":["Caltrops+1"],"picked":"SKIP","floor":38},{"not_picked":["Predator+1"],"picked":"SKIP","floor":39},{"not_picked":["Accuracy+1"],"picked":"SKIP","floor":41},{"not_picked":["Accuracy+1"],"picked":"SKIP","floor":41},{"not_picked":[],"picked":"Backflip+1","floor":42},{"not_picked":["Deflect"],"picked":"SKIP","floor":45},{"not_picked":["Setup+1"],"picked":"SKIP","floor":48}],"player_experience":737239,"relics_obtained":[{"floor":9,"key":"Bottled Lightning"},{"floor":12,"key":"Ornamental Fan"},{"floor":14,"key":"Molten Egg 2"},{"floor":23,"key":"Gremlin Horn"},{"floor":26,"key":"Happy Flower"},{"floor":41,"key":"Orichalcum"},{"floor":43,"key":"Potion Belt"}],"event_choices":[{"damage_healed":0,"gold_gain":0,"player_choice":"Donut","damage_taken":0,"max_hp_gain":5,"max_hp_loss":0,"event_name":"Big Fish","floor":4,"gold_loss":0},{"damage_healed":0,"gold_gain":0,"player_choice":"Entered Light","damage_taken":15,"max_hp_gain":0,"max_hp_loss":0,"event_name":"Shining Light","floor":5,"gold_loss":0,"cards_upgraded":["Defend_G","Strike_G"]},{"damage_healed":0,"gold_gain":0,"cards_transformed":["Strike_G","Defend_G"],"player_choice":"Became Test Subject","damage_taken":0,"max_hp_gain":0,"max_hp_loss":0,"event_name":"Drug Dealer","floor":21,"gold_loss":0,"cards_obtained":["Backflip","Glass Knife"]},{"damage_healed":0,"gold_gain":0,"player_choice":"Upgraded","damage_taken":0,"max_hp_gain":0,"max_hp_loss":0,"event_name":"Upgrade Shrine","floor":22,"gold_loss":0,"cards_upgraded":["Noxious Fumes"]},{"cards_removed":["Defend_G"],"damage_healed":0,"gold_gain":0,"player_choice":"Purged","damage_taken":0,"max_hp_gain":0,"max_hp_loss":0,"event_name":"Purifier","floor":37,"gold_loss":0},{"cards_removed":["Strike_G"],"damage_healed":0,"gold_gain":0,"player_choice":"Removed Attack","damage_taken":0,"max_hp_gain":0,"max_hp_loss":0,"event_name":"Falling","floor":47,"gold_loss":0}],"is_beta":true,"boss_relics":[{"not_picked":["Orrery","Tiny House"],"picked":"Philosopher\u0027s Stone"},{"not_picked":["Snecko Eye","Black Star"],"picked":"Busted Crown"}],"items_purged_floors":[10,19],"is_endless":false,"potions_floor_spawned":[2,7,16,18,20,28,33,35,38,41],"ascension_level":11}