{"gold_per_floor":[109,124,124,137,137,137,148,148,198,198,209,223,234,251,251,328,328,338,47,47,47,64,64,64,64,64,64,81,21,52,72,72,72],"floor_reached":33,"playtime":1541,"items_purged":["Shame"],"score":505,"play_id":"6cb0bb89-bb8a-4859-be02-41db5a012e7c","local_time":"20190708043236","is_ascension_mode":true,"campfire_choices":[{"data":"Infernal Blade","floor":6,"key":"SMITH"},{"floor":10,"key":"REST"},{"floor":15,"key":"REST"},{"floor":23,"key":"REST"},{"floor":25,"key":"REST"},{"floor":32,"key":"REST"}],"neow_cost":"PERCENT_DAMAGE","seed_source_timestamp":271367721969614,"circlet_count":0,"master_deck":["AscendersBane","Strike_R","Strike_R","Strike_R","Defend_R","Defend_R","Defend_R","Defend_R","Bash","Pummel","Blood for Blood","Infernal Blade+1","Ghostly Armor","Feel No Pain","Disarm","Feel No Pain","Flame Barrier","Armaments","Immolate","Shrug It Off","Immolate","Berserk","Battle Trance+1"],"relics":["Burning Blood","Self Forming Clay","Potion Belt","Fusion Hammer","Toy Ornithopter","The Courier","Matryoshka","Mummified Hand"],"potions_floor_usage":[12,13,16,22,28,30,33],"damage_taken":[{"damage":12,"enemies":"Jaw Worm","floor":1,"turns":2},{"damage":10,"enemies":"Small Slimes","floor":2,"turns":4},{"damage":0,"enemies":"Cultist","floor":4,"turns":2},{"damage":15,"enemies":"Looter","floor":7,"turns":4},{"damage":9,"enemies":"3 Louse","floor":11,"turns":5},{"damage":13,"enemies":"Blue Slaver","floor":12,"turns":4},{"damage":1,"enemies":"Looter","floor":13,"turns":3},{"damage":23,"enemies":"Exordium Wildlife","floor":14,"turns":8},{"damage":47,"enemies":"The Guardian","floor":16,"turns":20},{"damage":32,"enemies":"Spheric Guardian","floor":18,"turns":8},{"damage":20,"enemies":"Shell Parasite","floor":22,"turns":7},{"damage":1,"enemies":"3 Cultists","floor":28,"turns":3},{"damage":25,"enemies":"Slavers","floor":30,"turns":4},{"damage":32,"enemies":"Centurion and Healer","floor":31,"turns":5},{"damage":90,"enemies":"Automaton","floor":33,"turns":6}],"seed_played":"-7708353209014328069","potions_obtained":[{"floor":1,"key":"SpeedPotion"},{"floor":11,"key":"Energy Potion"},{"floor":12,"key":"Energy Potion"},{"floor":16,"key":"Explosive Potion"},{"floor":22,"key":"Weak Potion"},{"floor":30,"key":"LiquidBronze"}],"is_trial":false,"path_per_floor":["M","M","?","M","?","R","M","T","T","R","M","M","M","M","R","B",null,"M","$","?","?","M","R","?","R","T","?","M","$","E","M","R","B"],"character_chosen":"IRONCLAD","items_purchased":["Toy Ornithopter","BloodPotion"],"campfire_rested":5,"item_purchase_floors":[19,19],"current_hp_per_floor":[44,40,40,46,51,51,42,42,42,66,63,56,61,44,68,27,67,41,41,41,18,30,55,55,80,80,80,85,85,66,40,65,0],"gold":72,"neow_bonus":"TRANSFORM_TWO_CARDS","is_prod":false,"is_daily":false,"chose_seed":false,"campfire_upgraded":1,"win_rate":0,"timestamp":1562574756,"path_taken":["M","M","?","M","?","R","M","?","T","R","M","M","M","?","R","BOSS","M","$","?","?","M","R","?","R","T","?","?","$","E","M","R","BOSS"],"build_version":"2019-07-03","purchased_purges":1,"victory":false,"max_hp_per_floor":[75,75,75,75,80,80,80,80,80,80,80,80,80,80,80,80,80,80,80,80,85,85,85,85,85,85,85,85,85,85,85,85,85],"card_choices":[{"not_picked":["Wild Strike","Armaments"],"picked":"Infernal Blade","floor":1},{"not_picked":["Hemokinesis","Perfected Strike"],"picked":"Ghostly Armor","floor":2},{"not_picked":["Clash","Warcry"],"picked":"Feel No Pain","floor":4},{"not_picked":["Headbutt","Flex","Blood for Blood"],"picked":"SKIP","floor":7},{"not_picked":["Corruption","Thunderclap"],"picked":"Disarm","floor":11},{"not_picked":["Anger","Havoc"],"picked":"Feel No Pain","floor":12},{"not_picked":["Shrug It Off","Perfected Strike"],"picked":"Flame Barrier","floor":13},{"not_picked":["Headbutt","Rampage"],"picked":"Armaments","floor":14},{"not_picked":["Dark Embrace","Berserk"],"picked":"Immolate","floor":16},{"not_picked":["Seeing Red","Body Slam"],"picked":"Shrug It Off","floor":18},{"not_picked":["Pommel Strike","Wild Strike"],"picked":"Immolate","floor":22},{"not_picked":["Twin Strike","Heavy Blade","Sword Boomerang"],"picked":"SKIP","floor":28},{"not_picked":["Pommel Strike","Fire Breathing"],"picked":"Berserk","floor":30},{"not_picked":["Pommel Strike","Shockwave"],"picked":"Battle Trance+1","floor":31}],"player_experience":690489,"relics_obtained":[{"floor":8,"key":"Self Forming Clay"},{"floor":9,"key":"Potion Belt"},{"floor":26,"key":"Matryoshka"},{"floor":30,"key":"Mummified Hand"}],"event_choices":[{"damage_healed":0,"gold_gain":0,"player_choice":"Fled","damage_taken":0,"max_hp_gain":0,"max_hp_loss":0,"event_name":"Scrap Ooze","floor":3,"gold_loss":0},{"damage_healed":0,"gold_gain":0,"player_choice":"Donut","damage_taken":0,"max_hp_gain":5,"max_hp_loss":0,"event_name":"Big Fish","floor":5,"gold_loss":0},{"damage_healed":0,"gold_gain":0,"player_choice":"Stole Relic","damage_taken":0,"relics_obtained":["The Courier"],"max_hp_gain":0,"max_hp_loss":0,"event_name":"Addict","floor":20,"gold_loss":0,"cards_obtained":["Shame"]},{"damage_healed":0,"gold_gain":0,"player_choice":"Shed Blood","damage_taken":28,"max_hp_gain":5,"max_hp_loss":0,"event_name":"Forgotten Altar","floor":21,"gold_loss":0},{"damage_healed":0,"gold_gain":0,"player_choice":"Ignored","damage_taken":0,"max_hp_gain":0,"max_hp_loss":0,"event_name":"Ghosts","floor":24,"gold_loss":0},{"damage_healed":0,"gold_gain":0,"player_choice":"Ignored","damage_taken":0,"max_hp_gain":0,"max_hp_loss":0,"event_name":"Vampires","floor":27,"gold_loss":0}],"is_beta":true,"boss_relics":[{"not_picked":["Black Star","Pandora\u0027s Box"],"picked":"Fusion Hammer"}],"items_purged_floors":[29],"is_endless":false,"potions_floor_spawned":[1,11,12,16,22,30],"killed_by":"Automaton","ascension_level":19}