{"gold_per_floor":[110,126,7,26,26,54,54,54,54,79,89,89,104,118,118,217,217,231,241,241,251,269,269,43,72,72,72,72,72,72,90,90,90],"floor_reached":33,"playtime":2266,"items_purged":["Defend_G"],"score":302,"play_id":"47d3b167-b3eb-46a2-a03b-6b3ab5ffab25","local_time":"20190701225014","is_ascension_mode":false,"campfire_choices":[{"data":"Skewer","floor":8,"key":"SMITH"},{"data":"Skewer","floor":12,"key":"SMITH"},{"floor":15,"key":"REST"},{"floor":23,"key":"REST"},{"data":"1","floor":27,"key":"LIFT"},{"data":"2","floor":32,"key":"LIFT"}],"neow_cost":"NONE","seed_source_timestamp":1645529324763400,"circlet_count":0,"master_deck":["Defend_G","Defend_G","Defend_G","Defend_G","Survivor+1","Neutralize","Skewer+1","Deflect","Well Laid Plans","Backstab","Dash","Corpse Explosion","Skewer+1","Leg Sweep","Blur","Prepared","After Image","Backstab","PiercingWail","Backstab","Noxious Fumes","Dash","Shame","Bite","Bite","Bite","Bite","Bite","Leg Sweep+1"],"relics":["Ring of the Snake","Bag of Marbles","Centennial Puzzle","Pantograph","Fusion Hammer","Girya","Smiling Mask","Question Card","Lantern"],"potions_floor_usage":[6,16,25,25,33,33,33],"damage_taken":[{"damage":6,"enemies":"2 Louse","floor":1,"turns":3},{"damage":12,"enemies":"Small Slimes","floor":2,"turns":3},{"damage":0,"enemies":"Cultist","floor":4,"turns":4},{"damage":15,"enemies":"Gremlin Nob","floor":6,"turns":4},{"damage":5,"enemies":"3 Sentries","floor":10,"turns":2},{"damage":0,"enemies":"Large Slime","floor":11,"turns":2},{"damage":0,"enemies":"2 Fungi Beasts","floor":13,"turns":2},{"damage":0,"enemies":"3 Louse","floor":14,"turns":1},{"damage":58,"enemies":"Hexaghost","floor":16,"turns":9},{"damage":6,"enemies":"Shell Parasite","floor":18,"turns":5},{"damage":3,"enemies":"3 Byrds","floor":19,"turns":5},{"damage":0,"enemies":"Snake Plant","floor":21,"turns":1},{"damage":12,"enemies":"3 Cultists","floor":22,"turns":5},{"damage":8,"enemies":"Gremlin Leader","floor":25,"turns":2},{"damage":0,"enemies":"Chosen and Byrds","floor":31,"turns":3},{"damage":89,"enemies":"Collector","floor":33,"turns":6}],"seed_played":"344113041627372606","potions_obtained":[{"floor":2,"key":"SkillPotion"},{"floor":4,"key":"AttackPotion"},{"floor":13,"key":"Strength Potion"},{"floor":19,"key":"Fire Potion"},{"floor":22,"key":"Poison Potion"},{"floor":30,"key":"SpeedPotion"},{"floor":30,"key":"Regen Potion"},{"floor":30,"key":"Energy Potion"}],"is_trial":false,"path_per_floor":["M","M","$","M","?","E","?","R","T","E","M","R","M","M","R","B",null,"M","M","?","M","M","R","$","E","T","R","?","?","?","M","R","B"],"character_chosen":"THE_SILENT","items_purchased":["Well Laid Plans","Backstab","Noxious Fumes","Dash"],"campfire_rested":2,"item_purchase_floors":[3,3,24,24],"current_hp_per_floor":[64,52,52,52,70,55,55,55,55,50,50,50,50,50,70,12,70,64,61,61,61,49,70,70,62,62,62,62,49,49,49,49,0],"gold":90,"neow_bonus":"UPGRADE_CARD","is_prod":false,"is_daily":false,"chose_seed":false,"campfire_upgraded":2,"win_rate":0.0,"timestamp":1562035814,"path_taken":["M","M","$","M","?","E","?","R","T","E","M","R","M","M","R","BOSS","M","?","?","M","M","R","$","E","T","R","?","?","?","M","R","BOSS"],"build_version":"2019-07-01","purchased_purges":1,"victory":false,"max_hp_per_floor":[70,70,70,70,70,70,70,70,70,70,70,70,70,70,70,70,70,70,70,70,70,70,70,70,70,70,70,70,49,49,49,49,49],"card_choices":[{"not_picked":["Dagger Throw","Prepared"],"picked":"Skewer","floor":1},{"not_picked":["Riddle With Holes","Deadly Poison"],"picked":"Deflect","floor":2},{"not_picked":["Leg Sweep","Quick Slash"],"picked":"Dash","floor":4},{"not_picked":["Backflip","Prepared"],"picked":"Corpse Explosion","floor":6},{"not_picked":["Eviscerate","Deadly Poison"],"picked":"Skewer","floor":10},{"not_picked":["Eviscerate","Prepared"],"picked":"Leg Sweep","floor":11},{"not_picked":["Slice","Dodge and Roll"],"picked":"Blur","floor":13},{"not_picked":["Dodge and Roll","Endless Agony"],"picked":"Prepared","floor":14},{"not_picked":["Unload","Doppelganger"],"picked":"After Image","floor":16},{"not_picked":["Sucker Punch","PiercingWail"],"picked":"Backstab","floor":18},{"not_picked":["Deflect","Crippling Poison"],"picked":"PiercingWail","floor":19},{"not_picked":["Sucker Punch","Deadly Poison","Cloak And Dagger"],"picked":"SKIP","floor":21},{"not_picked":["Riddle With Holes","Blur"],"picked":"Backstab","floor":22},{"not_picked":["Leg Sweep","Masterful Stab+1","Well Laid Plans"],"picked":"SKIP","floor":25},{"not_picked":["Dagger Spray","Outmaneuver","Deflect+1"],"picked":"Leg Sweep+1","floor":31}],"player_experience":115708,"relics_obtained":[{"floor":9,"key":"Centennial Puzzle"},{"floor":10,"key":"Pantograph"},{"floor":25,"key":"Smiling Mask"},{"floor":26,"key":"Question Card"}],"event_choices":[{"damage_healed":23,"gold_gain":0,"player_choice":"Banana","damage_taken":0,"max_hp_gain":0,"max_hp_loss":0,"event_name":"Big Fish","floor":5,"gold_loss":0},{"damage_healed":0,"gold_gain":0,"player_choice":"Gave Potion","damage_taken":0,"relics_obtained":["Bag of Marbles"],"max_hp_gain":0,"max_hp_loss":0,"event_name":"WeMeetAgain","floor":7,"gold_loss":0},{"damage_healed":0,"gold_gain":0,"player_choice":"Opened","damage_taken":0,"relics_obtained":["Girya"],"max_hp_gain":0,"max_hp_loss":0,"event_name":"The Mausoleum","floor":20,"gold_loss":0},{"damage_healed":0,"gold_gain":0,"player_choice":"Stole Relic","damage_taken":0,"relics_obtained":["Lantern"],"max_hp_gain":0,"max_hp_loss":0,"event_name":"Addict","floor":28,"gold_loss":0,"cards_obtained":["Shame"]},{"damage_healed":0,"gold_gain":0,"player_choice":"Became a vampire","damage_taken":0,"max_hp_gain":0,"max_hp_loss":21,"event_name":"Vampires","floor":29,"gold_loss":0,"cards_obtained":["Bite","Bite","Bite","Bite","Bite"]},{"damage_healed":0,"gold_gain":0,"player_choice":"Got Potions","damage_taken":0,"max_hp_gain":0,"max_hp_loss":0,"event_name":"Lab","floor":30,"gold_loss":0}],"is_beta":false,"boss_relics":[{"not_picked":["Philosopher\u0027s Stone","Lizard Tail"],"picked":"Fusion Hammer"}],"items_purged_floors":[24],"is_endless":false,"potions_floor_spawned":[2,4,13,19,22,31],"killed_by":"Collector","ascension_level":0}