{"gold_per_floor":[114,114,133,133,143,170,170,185,185,199,199,20,31,42,42,141,141,160,175,450,147,166,166,90,117,144,144,158,9,9,25,25,130,130,146,165,183,39,56,82,82,98,98,110,110,110,110,130,130,130],"floor_reached":50,"playtime":4290,"items_purged":["Regret"],"score":548,"play_id":"f245676d-834d-40ef-913a-08debc5446bf","local_time":"20190702005103","is_ascension_mode":false,"campfire_choices":[{"floor":7,"key":"REST"},{"data":"Noxious Fumes","floor":11,"key":"SMITH"},{"floor":15,"key":"REST"},{"floor":23,"key":"REST"},{"floor":27,"key":"REST"},{"data":"Noxious Fumes","floor":30,"key":"SMITH"},{"floor":32,"key":"REST"},{"floor":41,"key":"REST"},{"floor":45,"key":"REST"},{"floor":49,"key":"REST"}],"neow_cost":"NONE","seed_source_timestamp":1650756965082600,"circlet_count":0,"master_deck":["Strike_G","Strike_G","Strike_G","Defend_G","Defend_G","Defend_G","Defend_G","Defend_G","Survivor","Neutralize","Noxious Fumes+1","Noxious Fumes+1","Quick Slash","Catalyst","Calculated Gamble","Dodge and Roll","Leg Sweep","Escape Plan","Dodge and Roll","After Image","Dagger Spray+1","Backflip","Corpse Explosion","Caltrops","Poisoned Stab","Poisoned Stab","Noxious Fumes","Catalyst","Adrenaline","Backflip","Bouncing Flask","Dodge and Roll+1","Backstab+1","Poisoned Stab+1","Catalyst+1"],"relics":["Ring of the Snake","NeowsBlessing","Orichalcum","Meat on the Bone","PreservedInsect","Black Star","Ice Cream","Incense Burner","Bag of Marbles","Bag of Preparation","Runic Pyramid","Oddly Smooth Stone","Mercury Hourglass","Dodecahedron","Letter Opener"],"potions_floor_usage":[16,16,33,33,33,37,42,50],"damage_taken":[{"damage":0,"enemies":"Small Slimes","floor":1,"turns":1},{"damage":0,"enemies":"Jaw Worm","floor":3,"turns":1},{"damage":0,"enemies":"Cultist","floor":5,"turns":1},{"damage":27,"enemies":"3 Sentries","floor":6,"turns":6},{"damage":3,"enemies":"Red Slaver","floor":8,"turns":4},{"damage":24,"enemies":"Large Slime","floor":10,"turns":6},{"damage":12,"enemies":"Exordium Thugs","floor":13,"turns":5},{"damage":7,"enemies":"3 Louse","floor":14,"turns":3},{"damage":9,"enemies":"Slime Boss","floor":16,"turns":12},{"damage":18,"enemies":"Chosen","floor":18,"turns":5},{"damage":4,"enemies":"Spheric Guardian","floor":19,"turns":7},{"damage":27,"enemies":"Snake Plant","floor":22,"turns":5},{"damage":34,"enemies":"Gremlin Leader","floor":25,"turns":5},{"damage":8,"enemies":"Snecko","floor":28,"turns":7},{"damage":19,"enemies":"Cultist and Chosen","floor":31,"turns":5},{"damage":20,"enemies":"Champ","floor":33,"turns":8},{"damage":9,"enemies":"Orb Walker","floor":35,"turns":5},{"damage":22,"enemies":"3 Shapes","floor":36,"turns":3},{"damage":18,"enemies":"Writhing Mass","floor":37,"turns":5},{"damage":18,"enemies":"3 Darklings","floor":39,"turns":3},{"damage":26,"enemies":"Nemesis","floor":40,"turns":7},{"damage":31,"enemies":"Jaw Worm Horde","floor":42,"turns":4},{"damage":9,"enemies":"Sphere and 2 Shapes","floor":44,"turns":4},{"damage":14,"enemies":"Spire Growth","floor":48,"turns":5},{"damage":81,"enemies":"Donu and Deca","floor":50,"turns":6}],"seed_played":"-3014257454787319001","potions_obtained":[{"floor":1,"key":"SteroidPotion"},{"floor":3,"key":"PowerPotion"},{"floor":13,"key":"GhostInAJar"},{"floor":22,"key":"Weak Potion"},{"floor":28,"key":"Block Potion"},{"floor":36,"key":"Regen Potion"},{"floor":39,"key":"EssenceOfSteel"},{"floor":42,"key":"SteroidPotion"}],"is_trial":false,"path_per_floor":["M","?","M","?","M","E","R","M","T","M","R","$","M","M","R","B",null,"M","M","?","$","M","R","$","E","T","R","M","$","R","M","R","B",null,"M","M","M","$","M","E","R","M","T","M","R","?","?","M","R","B"],"character_chosen":"THE_SILENT","items_purchased":["PreservedInsect","Leg Sweep","Corpse Explosion","Caltrops","Poisoned Stab","Noxious Fumes","Bag of Preparation","Oddly Smooth Stone"],"campfire_rested":8,"item_purchase_floors":[12,12,21,21,21,24,29,38],"current_hp_per_floor":[70,75,75,75,75,48,70,67,67,43,43,43,43,48,70,61,75,57,53,53,53,38,60,60,38,38,60,52,52,52,45,67,47,75,66,44,41,41,35,21,43,24,24,27,49,49,49,47,69,0],"gold":130,"neow_bonus":"THREE_ENEMY_KILL","is_prod":false,"is_daily":false,"chose_seed":false,"campfire_upgraded":2,"win_rate":0.0,"timestamp":1562043063,"path_taken":["M","?","M","?","?","E","R","M","T","M","R","?","M","M","R","BOSS","M","M","?","$","M","R","$","E","T","R","M","$","R","M","R","BOSS","M","M","M","$","M","E","R","M","T","M","R","?","?","M","R","BOSS"],"build_version":"2019-07-01","purchased_purges":1,"victory":false,"max_hp_per_floor":[70,75,75,75,75,75,75,75,75,75,75,75,75,75,75,75,75,75,75,75,75,75,75,75,75,75,75,75,75,75,75,75,75,75,75,75,75,75,75,75,75,75,75,75,75,75,75,75,75,75],"card_choices":[{"not_picked":["Bouncing Flask","Acrobatics"],"picked":"Noxious Fumes","floor":1},{"not_picked":["Underhanded Strike","Cloak And Dagger"],"picked":"Noxious Fumes","floor":3},{"not_picked":["Outmaneuver","Infinite Blades"],"picked":"Quick Slash","floor":5},{"not_picked":["Blur","Deflect"],"picked":"Catalyst","floor":6},{"not_picked":["Leg Sweep","All Out Attack"],"picked":"Calculated Gamble","floor":8},{"not_picked":["Outmaneuver","Heel Hook"],"picked":"Dodge and Roll","floor":10},{"not_picked":["Dagger Spray","Poisoned Stab"],"picked":"Escape Plan","floor":13},{"not_picked":["Endless Agony","Bane"],"picked":"Dodge and Roll","floor":14},{"not_picked":["Glass Knife","Venomology"],"picked":"After Image","floor":16},{"not_picked":["Outmaneuver","Heel Hook"],"picked":"Dagger Spray+1","floor":18},{"not_picked":["Dagger Throw+1","Acrobatics"],"picked":"Backflip","floor":19},{"not_picked":["Expertise","Underhanded Strike"],"picked":"Poisoned Stab","floor":22},{"not_picked":["Poisoned Stab+1","A Thousand Cuts"],"picked":"Catalyst","floor":25},{"not_picked":["Flying Knee","Dagger Throw","Sucker Punch"],"picked":"SKIP","floor":28},{"not_picked":["Eviscerate","Flying Knee","Acrobatics"],"picked":"SKIP","floor":31},{"not_picked":["After Image","Burst"],"picked":"Adrenaline","floor":33},{"not_picked":["Well Laid Plans","Outmaneuver+1"],"picked":"Backflip","floor":35},{"not_picked":["Expertise","Blade Dance","Terror+1"],"picked":"SKIP","floor":36},{"not_picked":["Deadly Poison","Infinite Blades+1"],"picked":"Bouncing Flask","floor":37},{"not_picked":["Predator","PiercingWail"],"picked":"Dodge and Roll+1","floor":39},{"not_picked":["Tools of the Trade","Cloak And Dagger","Phantasmal Killer"],"picked":"SKIP","floor":40},{"not_picked":["Finisher","Dagger Throw"],"picked":"Backstab+1","floor":42},{"not_picked":["Masterful Stab+1","Predator"],"picked":"Poisoned Stab+1","floor":44},{"not_picked":["Dagger Spray","Backflip"],"picked":"Catalyst+1","floor":48}],"player_experience":120778,"relics_obtained":[{"floor":6,"key":"Orichalcum"},{"floor":9,"key":"Meat on the Bone"},{"floor":25,"key":"Ice Cream"},{"floor":25,"key":"Incense Burner"},{"floor":26,"key":"Bag of Marbles"},{"floor":40,"key":"Mercury Hourglass"},{"floor":40,"key":"Dodecahedron"},{"floor":43,"key":"Letter Opener"}],"event_choices":[{"damage_healed":0,"gold_gain":0,"player_choice":"Donut","damage_taken":0,"max_hp_gain":5,"max_hp_loss":0,"event_name":"Big Fish","floor":2,"gold_loss":0},{"cards_removed":["Strike_G"],"damage_healed":0,"gold_gain":0,"player_choice":"Offered Basic","damage_taken":0,"max_hp_gain":0,"max_hp_loss":0,"event_name":"Bonfire Elementals","floor":4,"gold_loss":0},{"damage_healed":0,"gold_gain":275,"player_choice":"Desecrate","damage_taken":0,"max_hp_gain":0,"max_hp_loss":0,"event_name":"Golden Shrine","floor":20,"gold_loss":0,"cards_obtained":["Regret"]},{"cards_removed":["Strike_G"],"damage_healed":0,"gold_gain":0,"player_choice":"Removed Attack","damage_taken":0,"max_hp_gain":0,"max_hp_loss":0,"event_name":"Falling","floor":46,"gold_loss":0},{"damage_healed":0,"gold_gain":0,"player_choice":"Ignored","damage_taken":0,"max_hp_gain":0,"max_hp_loss":0,"event_name":"Mysterious Sphere","floor":47,"gold_loss":0}],"is_beta":false,"boss_relics":[{"not_picked":["WristBlade","Runic Dome"],"picked":"Black Star"},{"not_picked":["HoveringKite","Busted Crown"],"picked":"Runic Pyramid"}],"items_purged_floors":[21],"is_endless":false,"potions_floor_spawned":[1,3,13,22,28,36,39,42],"killed_by":"Donu and Deca","ascension_level":0}