{"gold_per_floor":[11,11,36,36,111,111,134,134,158,182,198,221,242,16,16,16],"floor_reached":16,"playtime":449,"items_purged":["Strike_R"],"score":94,"play_id":"3df2d2b0-9797-4509-86b2-28af8ea4297b","local_time":"20190327172323","is_ascension_mode":false,"campfire_choices":[{"data":"Heavy Blade","floor":6,"key":"SMITH"},{"data":"Demon Form","floor":8,"key":"SMITH"},{"data":"Barricade","floor":15,"key":"SMITH"}],"neow_cost":"NO_GOLD","seed_source_timestamp":1150700560924215,"circlet_count":0,"master_deck":["Strike_R","Strike_R","Strike_R","Strike_R","Defend_R","Defend_R","Defend_R","Defend_R","Bash","Demon Form+1","Heavy Blade+1","Barricade+1","Headbutt","Intimidate"],"relics":["Burning Blood","Golden Idol","Potion Belt","Lantern"],"potions_floor_usage":[12,16],"damage_taken":[{"damage":11,"enemies":"Jaw Worm","floor":1,"turns":4},{"damage":1,"enemies":"2 Louse","floor":3,"turns":3},{"damage":2,"enemies":"Cultist","floor":7,"turns":5},{"damage":21,"enemies":"Lots of Slimes","floor":10,"turns":6},{"damage":2,"enemies":"Large Slime","floor":11,"turns":5},{"damage":40,"enemies":"Exordium Thugs","floor":12,"turns":6},{"damage":10,"enemies":"Looter","floor":13,"turns":3},{"damage":27,"enemies":"The Guardian","floor":16,"turns":2}],"seed_played":"-4621535403698776562","potions_obtained":[{"floor":10,"key":"AttackPotion"},{"floor":13,"key":"GamblersBrew"}],"is_trial":false,"path_per_floor":["M","?","M","$","?","R","M","R","T","M","M","M","M","$","R","B"],"character_chosen":"IRONCLAD","items_purchased":["Lantern"],"campfire_rested":0,"item_purchase_floors":[14],"current_hp_per_floor":[75,74,74,74,67,67,71,71,71,56,60,26,22,22,22,0],"gold":16,"neow_bonus":"THREE_RARE_CARDS","is_prod":false,"is_daily":false,"chose_seed":false,"campfire_upgraded":3,"win_rate":0.0,"timestamp":1553721803,"path_taken":["M","?","M","$","?","R","?","R","T","M","M","M","M","?","R","BOSS"],"build_version":"2019-01-23","purchased_purges":1,"victory":false,"max_hp_per_floor":[80,74,74,74,74,74,74,74,74,74,74,74,74,74,74,74],"card_choices":[{"not_picked":["Feed","Bludgeon"],"picked":"Demon Form","floor":0},{"not_picked":["Havoc","Anger","Second Wind"],"picked":"SKIP","floor":1},{"not_picked":["Shockwave","Perfected Strike"],"picked":"Heavy Blade","floor":3},{"not_picked":["Rage","Thunderclap"],"picked":"Barricade","floor":7},{"not_picked":["Anger","Pommel Strike"],"picked":"Headbutt","floor":10},{"not_picked":["Pommel Strike","Rage","Thunderclap"],"picked":"SKIP","floor":11},{"not_picked":["Anger","Shockwave"],"picked":"Intimidate","floor":12},{"not_picked":["Brutality","Iron Wave","Havoc"],"picked":"SKIP","floor":13}],"player_experience":58097,"relics_obtained":[{"floor":9,"key":"Potion Belt"}],"event_choices":[{"damage_healed":0,"gold_gain":0,"player_choice":"Lose Max HP","damage_taken":0,"relics_obtained":["Golden Idol"],"max_hp_gain":0,"max_hp_loss":6,"event_name":"Golden Idol","floor":2,"gold_loss":0},{"damage_healed":0,"gold_gain":75,"player_choice":"Touch","damage_taken":7,"max_hp_gain":0,"max_hp_loss":0,"event_name":"FaceTrader","floor":5,"gold_loss":0}],"is_beta":false,"boss_relics":[],"items_purged_floors":[14],"is_endless":false,"potions_floor_spawned":[10,13],"killed_by":"The Guardian","ascension_level":0}