{"gold_per_floor":[114,124,199,57,70,70,105,105,131,131,48,81,103,170,170,248,248,261,261,233,233,247,274,274,304,304,304,320,334,334,334,334,408,408,423,423,232,251,151,151,166,166,189,189,200,200,200,29,29,29],"floor_reached":51,"playtime":2097,"items_purged":["Defend_G","Defend_G"],"score":1370,"play_id":"fa7ebbcd-8bf0-4da0-bbd7-27d1baea4392","local_time":"20190628183948","is_ascension_mode":true,"campfire_choices":[{"data":"Footwork","floor":6.0,"key":"SMITH"},{"data":"Dagger Spray","floor":8.0,"key":"SMITH"},{"floor":10.0,"key":"REST"},{"floor":15.0,"key":"REST"},{"floor":24.0,"key":"REST"},{"floor":27.0,"key":"REST"},{"floor":30.0,"key":"REST"},{"floor":32,"key":"REST"},{"floor":40,"key":"REST"},{"floor":42,"key":"REST"},{"floor":44,"key":"REST"},{"floor":46,"key":"REST"},{"floor":49,"key":"REST"}],"neow_cost":"NONE","seed_source_timestamp":312831868500000,"circlet_count":0,"master_deck":["AscendersBane","Defend_G+1","Defend_G+1","Strike_G","Strike_G+1","Strike_G+1","Strike_G","Strike_G","Survivor","Neutralize","Backflip","PiercingWail","Footwork+1","Backflip","Deadly Poison","Dagger Spray+1","Dash","Bouncing Flask","Predator","After Image","Bane+1","PiercingWail+1","Corpse Explosion","Neutralize","Predator","PiercingWail","Dodge and Roll","Die Die Die","Dodge and Roll","Leg Sweep","Noxious Fumes","Skewer+1","Backflip","Blur","Madness","Madness"],"special_seed":0,"relics":["Ring of the Snake","Strawberry","Whetstone","Happy Flower","War Paint","Odd Mushroom","Fusion Hammer","Singing Bowl","Lantern","Kunai","Sozu","Orichalcum","Oddly Smooth Stone"],"potions_floor_usage":[],"damage_taken":[{"damage":0.0,"enemies":"Small Slimes","floor":1.0,"turns":5.0},{"damage":0.0,"enemies":"2 Louse","floor":2.0,"turns":3.0},{"damage":5.0,"enemies":"Cultist","floor":5.0,"turns":6.0},{"damage":38.0,"enemies":"3 Sentries","floor":7.0,"turns":18.0},{"damage":12.0,"enemies":"Lagavulin","floor":12.0,"turns":6.0},{"damage":3.0,"enemies":"The Mushroom Lair","floor":13.0,"turns":4.0},{"damage":4.0,"enemies":"Hexaghost","floor":16.0,"turns":9.0},{"damage":2.0,"enemies":"Spheric Guardian","floor":18.0,"turns":6.0},{"damage":9.0,"enemies":"Colosseum Slavers","floor":19.0,"turns":6.0},{"damage":12.0,"enemies":"2 Thieves","floor":20.0,"turns":4.0},{"damage":2.0,"enemies":"Centurion and Healer","floor":22.0,"turns":6.0},{"damage":14.0,"enemies":"Slavers","floor":23.0,"turns":6.0},{"damage":34.0,"enemies":"Gremlin Leader","floor":25.0,"turns":10.0},{"damage":10.0,"enemies":"Snecko","floor":28.0,"turns":5.0},{"damage":0.0,"enemies":"Snake Plant","floor":29.0,"turns":4.0},{"damage":60,"enemies":"Champ","floor":33,"turns":19},{"damage":3,"enemies":"3 Shapes","floor":35,"turns":6},{"damage":29,"enemies":"3 Darklings","floor":38,"turns":5},{"damage":15,"enemies":"Spire Growth","floor":41,"turns":6},{"damage":7,"enemies":"4 Shapes","floor":45,"turns":8},{"damage":67,"enemies":"Donu and Deca","floor":50,"turns":10}],"seed_played":"-2925150556083352868","potions_obtained":[{"floor":5.0,"key":"Poison Potion"},{"floor":7.0,"key":"GhostInAJar"},{"floor":12.0,"key":"Poison Potion"},{"floor":18.0,"key":"Dexterity Potion"},{"floor":20.0,"key":"FearPotion"},{"floor":25.0,"key":"Regen Potion"}],"is_trial":false,"path_per_floor":["M","M","?","$","M","R","E","R","T","R","$","E","?","?","R","B",null,"M","?","M","?","M","E","R","E","T","R","M","M","R","?","R","B",null,"M","?","$","M","$","R","M","R","T","R","M","R","?","$","R","B",null],"character_chosen":"THE_SILENT","items_purchased":["Footwork","Backflip","Dash","Leg Sweep","Noxious Fumes","Oddly Smooth Stone"],"campfire_rested":11,"item_purchase_floors":[4,4,11,37,37,48],"current_hp_per_floor":[66,66,55,55,50,50,12,12,12,33,33,21,18,18,39,35,64,62,53,41,41,39,27,49,15,15,37,29,43,66,66,77,17,62,59,59,59,30,30,53,38,61,61,77,70,77,63,63,77,10],"gold":29,"neow_bonus":"RANDOM_COMMON_RELIC","is_prod":false,"is_daily":false,"chose_seed":false,"campfire_upgraded":2,"win_rate":0,"timestamp":1561718388,"path_taken":["M","M","?","$","M","R","E","R","T","R","$","E","?","?","R","BOSS","M","?","M","?","M","E","R","E","T","R","?","M","R","?","R","BOSS","M","?","$","M","$","R","M","R","T","R","M","R","?","$","R","BOSS"],"build_version":"2019-01-23","purchased_purges":2,"victory":true,"max_hp_per_floor":[73,73,73,73,73,73,73,73,73,73,73,73,73,73,73,73,73,73,73,73,73,73,75,75,75,75,75,77,77,77,77,77,77,77,77,77,77,77,77,77,77,77,77,77,77,77,77,77,77,77],"card_choices":[{"not_picked":["PiercingWail","Heel Hook"],"picked":"Backflip","floor":1.0},{"not_picked":["Expertise","Caltrops"],"picked":"PiercingWail","floor":2.0},{"not_picked":["Flying Knee","Masterful Stab"],"picked":"Deadly Poison","floor":5.0},{"not_picked":["Blade Dance","Expertise"],"picked":"Dagger Spray","floor":7.0},{"not_picked":["Outmaneuver","Bane"],"picked":"Bouncing Flask","floor":12.0},{"not_picked":["Flying Knee","Envenom"],"picked":"Predator","floor":13.0},{"not_picked":["Burst","Storm of Steel"],"picked":"After Image","floor":16.0},{"not_picked":["Deadly Poison","Masterful Stab"],"picked":"Bane+1","floor":18.0},{"not_picked":["Poisoned Stab","Underhanded Strike+1"],"picked":"PiercingWail+1","floor":20.0},{"not_picked":["Choke","Cloak And Dagger","Bane"],"picked":"SKIP","floor":22.0},{"not_picked":["Heel Hook","Reflex","Accuracy"],"picked":"Singing Bowl","floor":23.0},{"not_picked":["Blade Dance","Outmaneuver+1"],"picked":"PiercingWail","floor":25.0},{"not_picked":["Deadly Poison","Envenom","Sucker Punch"],"picked":"Singing Bowl","floor":28.0},{"not_picked":["Bane","Sucker Punch"],"picked":"Dodge and Roll","floor":29.0},{"not_picked":["Corpse Explosion","Wraith Form v2"],"picked":"Die Die Die","floor":33},{"not_picked":["Prepared","Eviscerate+1"],"picked":"Dodge and Roll","floor":35},{"not_picked":["Blade Dance","Outmaneuver+1"],"picked":"Skewer+1","floor":38},{"not_picked":["Escape Plan","Crippling Poison+1"],"picked":"Backflip","floor":41},{"not_picked":["Deflect+1","Terror"],"picked":"Blur","floor":45}],"player_experience":741431,"relics_obtained":[{"floor":7.0,"key":"Whetstone"},{"floor":9.0,"key":"Happy Flower"},{"floor":12.0,"key":"War Paint"},{"floor":13.0,"key":"Odd Mushroom"},{"floor":23.0,"key":"Singing Bowl"},{"floor":25.0,"key":"Lantern"},{"floor":26.0,"key":"Kunai"},{"floor":43,"key":"Orichalcum"}],"event_choices":[{"damage_healed":0.0,"max_hp_gain":0.0,"max_hp_loss":0.0,"gold_gain":75.0,"event_name":"World of Goop","player_choice":"Gather Gold","floor":3.0,"gold_loss":0.0,"damage_taken":11.0},{"damage_healed":0.0,"max_hp_gain":0.0,"max_hp_loss":0.0,"gold_gain":0.0,"event_name":"Mushrooms","player_choice":"Fought Mushrooms","floor":13.0,"gold_loss":0.0,"damage_taken":0.0},{"damage_healed":0.0,"max_hp_gain":0.0,"max_hp_loss":0.0,"gold_gain":67.0,"event_name":"Golden Wing","player_choice":"Gained Gold","floor":14.0,"gold_loss":0.0,"damage_taken":0.0},{"damage_healed":0.0,"max_hp_gain":0.0,"max_hp_loss":0.0,"gold_gain":0.0,"event_name":"Colosseum","player_choice":"Fight","floor":19.0,"gold_loss":0.0,"damage_taken":0.0},{"damage_healed":0.0,"max_hp_gain":0.0,"max_hp_loss":0.0,"gold_gain":0.0,"event_name":"Colosseum","player_choice":"Fled From Nobs","floor":19.0,"gold_loss":0.0,"damage_taken":0.0},{"damage_healed":0.0,"max_hp_gain":0.0,"max_hp_loss":0.0,"gold_gain":0.0,"event_name":"Match and Keep!","player_choice":"3 cards matched","floor":21.0,"gold_loss":0.0,"damage_taken":0.0,"cards_obtained":["Corpse Explosion","Neutralize","Predator"]},{"cards_removed":["Defend_G"],"damage_healed":0,"gold_gain":0,"player_choice":"Elegance","damage_taken":0,"max_hp_gain":0,"max_hp_loss":0,"event_name":"Back to Basics","floor":31,"gold_loss":0},{"damage_healed":0,"gold_gain":0,"player_choice":"Ignored","damage_taken":0,"max_hp_gain":0,"max_hp_loss":0,"event_name":"Tomb of Lord Red Mask","floor":36,"gold_loss":0},{"damage_healed":0,"gold_gain":0,"player_choice":"Embrace Madness","damage_taken":14,"max_hp_gain":0,"max_hp_loss":0,"event_name":"Winding Halls","floor":47,"gold_loss":0,"cards_obtained":["Madness","Madness"]}],"is_beta":false,"boss_relics":[{"not_picked":["Philosopher\u0027s Stone","WristBlade"],"picked":"Fusion Hammer"},{"not_picked":["Velvet Choker","Orrery"],"picked":"Sozu"}],"items_purged_floors":[37,39],"is_endless":false,"potions_floor_spawned":[5,7,12,13,18,20,22,25,41,45],"ascension_level":19}