{"gold_per_floor":[110,124,124,124,148,148,148,168,242,261,261,295,315,315,315,315],"floor_reached":16,"playtime":622,"items_purged":[],"score":158,"play_id":"b8f947ca-d864-48ab-ab3f-90d71e2b54c3","local_time":"20190709002745","is_ascension_mode":true,"campfire_choices":[{"data":"Crippling Poison","floor":6,"key":"SMITH"},{"floor":11,"key":"REST"},{"data":"Burst","floor":15,"key":"SMITH"}],"neow_cost":"NONE","seed_source_timestamp":324104506001083,"circlet_count":0,"master_deck":["AscendersBane","Strike_G","Strike_G","Strike_G","Strike_G+1","Strike_G","Defend_G","Defend_G","Defend_G","Defend_G","Defend_G","Survivor","Neutralize","Dodge and Roll","Crippling Poison+1","Cloak And Dagger+1","Escape Plan","Burst+1"],"relics":["Ring of the Snake","Vajra","Golden Idol","PreservedInsect","Ninja Scroll","Lantern"],"potions_floor_usage":[10,12],"damage_taken":[{"damage":2,"enemies":"Cultist","floor":1,"turns":4},{"damage":5,"enemies":"2 Louse","floor":2,"turns":3},{"damage":1,"enemies":"Jaw Worm","floor":5,"turns":8},{"damage":12,"enemies":"Large Slime","floor":8,"turns":6},{"damage":0,"enemies":"Exordium Wildlife","floor":10,"turns":3},{"damage":6,"enemies":"Lagavulin","floor":12,"turns":5},{"damage":0,"enemies":"2 Fungi Beasts","floor":13,"turns":3},{"damage":47,"enemies":"Slime Boss","floor":16,"turns":7}],"seed_played":"-1803151131676392218","potions_obtained":[{"floor":2,"key":"Regen Potion"},{"floor":8,"key":"Fire Potion"},{"floor":12,"key":"GhostInAJar"}],"is_trial":false,"path_per_floor":["M","M","?","?","M","R","?","M","T","M","R","E","M","?","R","B"],"character_chosen":"THE_SILENT","items_purchased":[],"campfire_rested":1,"item_purchase_floors":[],"current_hp_per_floor":[61,56,56,38,37,37,24,12,12,12,31,39,39,44,44,0],"gold":315,"neow_bonus":"RANDOM_COMMON_RELIC","is_prod":false,"is_daily":false,"chose_seed":false,"campfire_upgraded":2,"win_rate":0,"timestamp":1562646465,"path_taken":["M","?","?","?","M","R","?","M","T","?","R","E","M","?","R","BOSS"],"build_version":"2019-07-03","purchased_purges":0,"victory":false,"max_hp_per_floor":[70,70,65,65,65,65,65,65,65,65,65,65,65,70,70,70],"card_choices":[{"not_picked":["Slice","Deadly Poison"],"picked":"Dodge and Roll","floor":1},{"not_picked":["Underhanded Strike","PiercingWail"],"picked":"Crippling Poison","floor":2},{"not_picked":["Blade Dance","Predator"],"picked":"Cloak And Dagger","floor":5},{"not_picked":["Expertise","Quick Slash"],"picked":"Escape Plan","floor":8},{"not_picked":["Bane","Quick Slash","Underhanded Strike"],"picked":"SKIP","floor":10},{"not_picked":["Reflex","Quick Slash"],"picked":"Burst","floor":12},{"not_picked":["Outmaneuver","Dagger Throw","Setup"],"picked":"SKIP","floor":13}],"player_experience":718149,"relics_obtained":[{"floor":9,"key":"Ninja Scroll"},{"floor":12,"key":"Lantern"}],"event_choices":[{"damage_healed":0,"gold_gain":0,"player_choice":"Lose Max HP","damage_taken":0,"relics_obtained":["Golden Idol"],"max_hp_gain":0,"max_hp_loss":5,"event_name":"Golden Idol","floor":3,"gold_loss":0},{"damage_healed":0,"gold_gain":0,"player_choice":"Success","damage_taken":18,"relics_obtained":["PreservedInsect"],"max_hp_gain":0,"max_hp_loss":0,"event_name":"Scrap Ooze","floor":4,"gold_loss":0},{"damage_healed":0,"gold_gain":0,"player_choice":"Entered Light","damage_taken":13,"max_hp_gain":0,"max_hp_loss":0,"event_name":"Shining Light","floor":7,"gold_loss":0,"cards_upgraded":["Strike_G","Cloak And Dagger"]},{"damage_healed":0,"gold_gain":0,"player_choice":"Donut","damage_taken":0,"max_hp_gain":5,"max_hp_loss":0,"event_name":"Big Fish","floor":14,"gold_loss":0}],"is_beta":true,"boss_relics":[],"items_purged_floors":[],"is_endless":false,"potions_floor_spawned":[2,8,12],"killed_by":"Slime Boss","ascension_level":11}