{"gold_per_floor":[114,114,128,78,78,111,122,122,148,159,172,192,224,250,250,355,355,369,386,386,230,242,242,267,267,267,113,113],"floor_reached":28,"playtime":3101,"items_purged":["Strike_G","Defend_G"],"score":435,"play_id":"b5c8cd05-0511-4913-b906-c2ff586536d7","local_time":"20190626062931","is_ascension_mode":true,"campfire_choices":[{"data":"Backflip","floor":8,"key":"SMITH"},{"data":"Blade Dance","floor":15,"key":"SMITH"},{"data":"Cloak And Dagger","floor":23,"key":"SMITH"}],"neow_cost":"NONE","seed_source_timestamp":107674465687278,"circlet_count":0,"master_deck":["AscendersBane","Defend_G","Defend_G","Defend_G","Survivor","Neutralize","Backflip+1","Leg Sweep+1","Blade Dance+1","Dodge and Roll","Tools of the Trade","After Image","Footwork","Cloak And Dagger+1","Blur","Acrobatics+1","Bite","Bite","Bite","Bite","Bite","Dodge and Roll","Cloak And Dagger"],"relics":["Ring of the Serpent","NeowsBlessing","Bag of Marbles","Potion Belt","Kunai","PreservedInsect","Dodecahedron","The Courier"],"potions_floor_usage":[10,13,13,22,24,24,28],"damage_taken":[{"damage":0,"enemies":"Small Slimes","floor":1,"turns":1},{"damage":0,"enemies":"Jaw Worm","floor":3,"turns":1},{"damage":0,"enemies":"3 Sentries","floor":6,"turns":1},{"damage":0,"enemies":"Cultist","floor":7,"turns":4},{"damage":0,"enemies":"Gremlin Gang","floor":10,"turns":2},{"damage":12,"enemies":"Exordium Wildlife","floor":11,"turns":11},{"damage":0,"enemies":"3 Louse","floor":12,"turns":5},{"damage":20,"enemies":"Lagavulin","floor":13,"turns":8},{"damage":33,"enemies":"The Guardian","floor":16,"turns":19},{"damage":12,"enemies":"Spheric Guardian","floor":18,"turns":10},{"damage":5,"enemies":"Shell Parasite","floor":19,"turns":11},{"damage":3,"enemies":"Shelled Parasite and Fungi","floor":22,"turns":18},{"damage":15,"enemies":"Book of Stabbing","floor":24,"turns":10},{"damage":63,"enemies":"Gremlin Leader","floor":28,"turns":11}],"seed_played":"8500224206385051890","potions_obtained":[{"floor":6,"key":"AttackPotion"},{"floor":7,"key":"Poison Potion"},{"floor":10,"key":"Regen Potion"},{"floor":11,"key":"PowerPotion"},{"floor":12,"key":"SpeedPotion"},{"floor":19,"key":"SpeedPotion"},{"floor":24,"key":"Fruit Juice"}],"is_trial":false,"path_per_floor":["M","?","M","?","?","E","M","R","T","M","M","M","E","T","R","B",null,"M","M","?","$","M","R","E","?","T","$","E"],"character_chosen":"THE_SILENT","items_purchased":["Blur","Dodge and Roll","Cloak And Dagger"],"campfire_rested":0,"item_purchase_floors":[21,27,27],"current_hp_per_floor":[63,68,68,68,68,68,68,68,68,68,56,56,51,51,51,18,61,49,44,44,44,41,41,31,31,31,31,0],"gold":113,"neow_bonus":"THREE_ENEMY_KILL","is_prod":false,"is_daily":false,"chose_seed":false,"campfire_upgraded":3,"win_rate":0,"timestamp":1561544971,"path_taken":["M","?","M","?","?","E","?","R","T","M","M","?","E","?","R","BOSS","M","M","?","$","M","R","E","?","T","$","E"],"build_version":"2019-06-24","purchased_purges":2,"victory":false,"max_hp_per_floor":[70,75,75,75,75,75,75,75,75,75,75,75,75,75,75,75,75,75,75,75,75,75,75,80,56,56,56,56],"card_choices":[{"not_picked":["Prepared","Leg Sweep"],"picked":"Backflip","floor":1},{"not_picked":["Bane","Slice"],"picked":"Leg Sweep","floor":3},{"not_picked":["Prepared","Bane","Flying Knee"],"picked":"SKIP","floor":6},{"not_picked":["Finisher","Dagger Spray"],"picked":"Blade Dance","floor":7},{"not_picked":["Deflect","Reflex"],"picked":"Dodge and Roll","floor":10},{"not_picked":["Expertise","Setup"],"picked":"Tools of the Trade","floor":11},{"not_picked":["Deflect","Expertise","Dagger Throw"],"picked":"SKIP","floor":12},{"not_picked":["Prepared","Sucker Punch","Bane"],"picked":"SKIP","floor":13},{"not_picked":["Malaise","Corpse Explosion"],"picked":"After Image","floor":16},{"not_picked":["Cloak And Dagger","Caltrops"],"picked":"Footwork","floor":18},{"not_picked":["Deflect","Poisoned Stab+1"],"picked":"Cloak And Dagger","floor":19},{"not_picked":["Terror","Crippling Poison","Flying Knee"],"picked":"SKIP","floor":22},{"not_picked":["Dodge and Roll+1","Dash"],"picked":"Acrobatics+1","floor":24}],"player_experience":659318,"relics_obtained":[{"floor":6,"key":"Bag of Marbles"},{"floor":9,"key":"Potion Belt"},{"floor":13,"key":"Kunai"},{"floor":14,"key":"PreservedInsect"},{"floor":24,"key":"Dodecahedron"},{"floor":26,"key":"The Courier"}],"event_choices":[{"damage_healed":0,"gold_gain":0,"player_choice":"Donut","damage_taken":0,"max_hp_gain":5,"max_hp_loss":0,"event_name":"Big Fish","floor":2,"gold_loss":0},{"cards_removed":["Defend_G"],"damage_healed":0,"gold_gain":0,"player_choice":"Card Removal","damage_taken":0,"max_hp_gain":0,"max_hp_loss":0,"event_name":"The Cleric","floor":4,"gold_loss":50},{"damage_healed":0,"gold_gain":0,"player_choice":"Upgraded","damage_taken":0,"max_hp_gain":0,"max_hp_loss":0,"event_name":"Upgrade Shrine","floor":5,"gold_loss":0,"cards_upgraded":["Leg Sweep"]},{"damage_healed":0,"gold_gain":0,"player_choice":"Ignored","damage_taken":0,"max_hp_gain":0,"max_hp_loss":0,"event_name":"Ghosts","floor":20,"gold_loss":0},{"damage_healed":0,"gold_gain":0,"player_choice":"Became a vampire","damage_taken":0,"max_hp_gain":0,"max_hp_loss":24,"event_name":"Vampires","floor":25,"gold_loss":0,"cards_obtained":["Bite","Bite","Bite","Bite","Bite"]}],"is_beta":true,"boss_relics":[{"not_picked":["HoveringKite","Empty Cage"],"picked":"Ring of the Serpent"}],"items_purged_floors":[21,27],"is_endless":false,"potions_floor_spawned":[6,7,10,11,12,19,24],"killed_by":"Gremlin Leader","ascension_level":10}