{"gold_per_floor":[113,133,133,133,153,181,181,181,259,294,294,308,308,138,138,234,234,244,144,157,170,85,113,113,129,129,149,149,162,172,92,92,187,187,199,199,248,135,135,135,152,170,170,20,20],"floor_reached":45,"playtime":2823,"items_purged":["Normality","Parasite","Writhe","Decay"],"score":566,"play_id":"2a4cb37a-644d-4fc6-9a3d-a9eb91ee68e7","local_time":"20190220212656","is_ascension_mode":true,"campfire_choices":[{"data":"Storm of Steel","floor":8,"key":"SMITH"},{"floor":13,"key":"REST"},{"data":"Phantasmal Killer","floor":15,"key":"SMITH"},{"data":"Adrenaline","floor":24,"key":"SMITH"},{"data":"Choke","floor":32,"key":"SMITH"},{"floor":40,"key":"REST"}],"neow_cost":"NONE","seed_source_timestamp":451182216062613,"circlet_count":0,"master_deck":["Defend_G","Defend_G","Defend_G","Defend_G","Defend_G","Strike_G","Strike_G","Strike_G","Strike_G","Survivor","Neutralize","Predator","Quick Slash","Backflip","Storm of Steel+1","Choke+1","Phantasmal Killer+1","Dagger Spray","Blade Dance","Footwork+1","Adrenaline+1","Blur","Backflip","Backflip","Calculated Gamble+1","Deflect","Calculated Gamble+1","Accuracy+1","Phantasmal Killer","Infinite Blades+1","Adrenaline","Blade Dance","Deflect","Blade Dance+1"],"relics":["Cursed Key","Strawberry","Frozen Egg 2","Pen Nib","Torii","White Beast Statue","Happy Flower","Mercury Hourglass","Gambling Chip","Ice Cream","Orrery","MawBank","Spirit Poop","Pear"],"potions_floor_usage":[6,10,10,16,20,23,25,27,29,33,33,35,41,42,45],"damage_taken":[{"damage":4,"enemies":"Small Slimes","floor":1,"turns":4},{"damage":7,"enemies":"Jaw Worm","floor":2,"turns":3},{"damage":0,"enemies":"Cultist","floor":5,"turns":3},{"damage":14,"enemies":"Gremlin Nob","floor":6,"turns":5},{"damage":13,"enemies":"Lagavulin","floor":10,"turns":6},{"damage":0,"enemies":"2 Fungi Beasts","floor":12,"turns":3},{"damage":0,"enemies":"Slime Boss","floor":16,"turns":3},{"damage":14,"enemies":"3 Byrds","floor":18,"turns":5},{"damage":9,"enemies":"Shell Parasite","floor":20,"turns":2},{"damage":1,"enemies":"Centurion and Healer","floor":21,"turns":6},{"damage":3,"enemies":"Gremlin Leader","floor":23,"turns":6},{"damage":14,"enemies":"Shelled Parasite and Fungi","floor":25,"turns":5},{"damage":0,"enemies":"Snecko","floor":27,"turns":3},{"damage":1,"enemies":"Centurion and Healer","floor":29,"turns":6},{"damage":0,"enemies":"Snake Plant","floor":30,"turns":3},{"damage":37,"enemies":"Collector","floor":33,"turns":6},{"damage":31,"enemies":"3 Darklings","floor":35,"turns":4},{"damage":31,"enemies":"3 Shapes","floor":41,"turns":4},{"damage":6,"enemies":"Spire Growth","floor":42,"turns":2},{"damage":44,"enemies":"Reptomancer","floor":45,"turns":2}],"seed_played":"6863462653542397690","potions_obtained":[{"floor":1,"key":"Explosive Potion"},{"floor":4,"key":"Block Potion"},{"floor":4,"key":"Fire Potion"},{"floor":6,"key":"SkillPotion"},{"floor":16,"key":"SpeedPotion"},{"floor":18,"key":"GamblersBrew"},{"floor":20,"key":"Explosive Potion"},{"floor":21,"key":"Regen Potion"},{"floor":23,"key":"LiquidBronze"},{"floor":25,"key":"SteroidPotion"},{"floor":27,"key":"Regen Potion"},{"floor":29,"key":"PowerPotion"},{"floor":30,"key":"SteroidPotion"},{"floor":33,"key":"Dexterity Potion"},{"floor":35,"key":"AttackPotion"},{"floor":41,"key":"Explosive Potion"},{"floor":42,"key":"FearPotion"}],"is_trial":false,"path_per_floor":["M","M","?","?","M","E","?","R","T","E","T","M","R","$","R","B",null,"M","$","M","M","?","E","R","M","T","M","?","M","M","$","R","B",null,"M","?","T","$","?","R","M","M","T","$","E"],"character_chosen":"THE_SILENT","items_purchased":["Blade Dance","Footwork+1","Accuracy+1"],"campfire_rested":2,"item_purchase_floors":[14,14,31],"current_hp_per_floor":[66,59,64,64,64,57,57,57,57,44,44,44,68,68,68,68,82,68,68,59,58,58,55,55,55,55,55,55,68,68,68,68,31,79,48,48,48,48,48,71,40,34,44,44,0],"gold":20,"neow_bonus":"BOSS_RELIC","is_prod":false,"is_daily":false,"chose_seed":false,"campfire_upgraded":4,"win_rate":0,"timestamp":1550716016,"path_taken":["M","M","?","?","?","E","?","R","T","E","?","M","R","$","R","BOSS","M","$","M","M","?","E","R","M","T","M","?","?","?","$","R","BOSS","M","?","?","$","?","R","M","M","T","$","E"],"build_version":"2019-01-23","purchased_purges":4,"victory":false,"max_hp_per_floor":[70,70,75,75,75,82,82,82,82,82,82,82,82,82,82,82,82,82,79,79,79,79,79,79,79,79,79,79,79,79,79,79,79,79,79,79,79,79,79,79,79,79,89,89,89],"card_choices":[{"not_picked":["Tactician","PiercingWail"],"picked":"Predator","floor":1},{"not_picked":["Finisher","Tactician"],"picked":"Quick Slash","floor":2},{"not_picked":["Prepared","Blade Dance"],"picked":"Backflip","floor":5},{"not_picked":["Backflip","Terror"],"picked":"Storm of Steel","floor":6},{"not_picked":["Dagger Spray","Poisoned Stab"],"picked":"Phantasmal Killer","floor":10},{"not_picked":["Terror","Skewer"],"picked":"Dagger Spray","floor":12},{"not_picked":["Corpse Explosion","Malaise"],"picked":"Adrenaline","floor":16},{"not_picked":["Dodge and Roll","Riddle With Holes"],"picked":"Blur","floor":18},{"not_picked":["Crippling Poison","Cloak And Dagger"],"picked":"Backflip","floor":20},{"not_picked":["Choke","Blur"],"picked":"Backflip","floor":21},{"not_picked":["Tactician+1","Underhanded Strike","Backflip"],"picked":"SKIP","floor":23},{"not_picked":["Flying Knee","Quick Slash"],"picked":"Calculated Gamble+1","floor":25},{"not_picked":["Outmaneuver","Bane+1"],"picked":"Deflect","floor":27},{"not_picked":["PiercingWail","Prepared"],"picked":"Flechettes+1","floor":29},{"not_picked":["Masterful Stab+1","Dodge and Roll"],"picked":"Calculated Gamble+1","floor":30},{"not_picked":["Adrenaline","Doppelganger"],"picked":"Phantasmal Killer","floor":33},{"not_picked":["Skewer","Bane"],"picked":"Infinite Blades+1","floor":34},{"not_picked":["Reflex","Prepared"],"picked":"Adrenaline","floor":34},{"not_picked":["Escape Plan","Dagger Throw+1"],"picked":"Blade Dance","floor":34},{"not_picked":["Blade Dance","Distraction"],"picked":"Deflect","floor":34},{"not_picked":["Expertise","Backflip"],"picked":"Blade Dance+1","floor":35},{"not_picked":["Blur","Prepared","Cloak And Dagger+1"],"picked":"SKIP","floor":41},{"not_picked":["Reflex","Poisoned Stab","Dodge and Roll+1"],"picked":"SKIP","floor":42}],"player_experience":95519,"relics_obtained":[{"floor":6,"key":"Strawberry"},{"floor":9,"key":"Frozen Egg 2"},{"floor":10,"key":"Pen Nib"},{"floor":11,"key":"Torii"},{"floor":23,"key":"Mercury Hourglass"},{"floor":26,"key":"Gambling Chip"},{"floor":37,"key":"MawBank"},{"floor":43,"key":"Pear"}],"event_choices":[{"damage_healed":0,"gold_gain":0,"player_choice":"Donut","damage_taken":0,"max_hp_gain":5,"max_hp_loss":0,"event_name":"Big Fish","floor":3,"gold_loss":0},{"damage_healed":0,"gold_gain":0,"player_choice":"Got Potions","damage_taken":0,"max_hp_gain":0,"max_hp_loss":0,"event_name":"Lab","floor":4,"gold_loss":0},{"damage_healed":0,"gold_gain":0,"cards_transformed":["Strike_G"],"player_choice":"Change","damage_taken":0,"max_hp_gain":0,"max_hp_loss":0,"event_name":"Living Wall","floor":7,"gold_loss":0,"cards_obtained":["Choke"]},{"damage_healed":0,"gold_gain":0,"player_choice":"Obtained Relic","damage_taken":0,"relics_obtained":["Happy Flower"],"max_hp_gain":0,"max_hp_loss":0,"event_name":"Addict","floor":22,"gold_loss":85},{"damage_healed":0,"gold_gain":0,"player_choice":"Gave Potion","damage_taken":0,"relics_obtained":["Ice Cream"],"max_hp_gain":0,"max_hp_loss":0,"event_name":"WeMeetAgain","floor":28,"gold_loss":0},{"cards_removed":["Flechettes"],"damage_healed":0,"gold_gain":0,"player_choice":"Removed Attack","damage_taken":0,"max_hp_gain":0,"max_hp_loss":0,"event_name":"Falling","floor":36,"gold_loss":0},{"cards_removed":["Writhe"],"damage_healed":0,"gold_gain":0,"player_choice":"Offered Curse","damage_taken":0,"relics_obtained":["Spirit Poop"],"max_hp_gain":0,"max_hp_loss":0,"event_name":"Bonfire Elementals","floor":39,"gold_loss":0}],"is_beta":false,"boss_relics":[{"not_picked":["Velvet Choker","Tiny House"],"picked":"White Beast Statue"},{"not_picked":["Black Star","Runic Pyramid"],"picked":"Orrery"}],"items_purged_floors":[14,19,38,44],"is_endless":false,"potions_floor_spawned":[1,5,6,16,18,20,21,23,25,27,29,30,33,35,41,42],"killed_by":"Reptomancer","ascension_level":2}