{"gold_per_floor":[111,122,142,29,40,40,66,66,119,119,1,14,14,26,26,121,121,111,71,18,37,57,57,74,74,74,108,108,127,158,178,178,178],"floor_reached":33,"playtime":3827,"items_purged":[],"score":314,"play_id":"d9fb60ed-ea7e-4dfb-b7a0-5f5d4992d849","local_time":"20190628234639","is_ascension_mode":false,"campfire_choices":[{"data":"Dagger Spray","floor":6,"key":"SMITH"},{"data":"Footwork","floor":8,"key":"SMITH"},{"floor":10,"key":"REST"},{"data":"Caltrops","floor":15,"key":"SMITH"},{"floor":23,"key":"REST"},{"floor":28,"key":"REST"},{"floor":32,"key":"REST"}],"neow_cost":"NONE","seed_source_timestamp":139979474610510,"circlet_count":0,"master_deck":["Defend_G","Defend_G","Defend_G","Defend_G","Defend_G","Strike_G","Strike_G","Strike_G+1","Strike_G","Strike_G+1","Survivor","Neutralize","Poisoned Stab","Dagger Throw","Dagger Spray+1","Choke","Footwork+1","Flying Knee","Dodge and Roll","Caltrops+1","Swift Strike+1","PiercingWail","Deflect","Unload+1","Slice+1","Dagger Spray+1","Poisoned Stab+1","Blur","Well Laid Plans+1","Mind Blast+1","Backflip","PiercingWail+1","Flechettes+1","Underhanded Strike+1","Infinite Blades"],"relics":["Ring of the Snake","Molten Egg 2","Ancient Tea Set","Velvet Choker","Pen Nib","Potion Belt","Bottled Flame"],"potions_floor_usage":[16,16,24,27,30,33,33,33],"damage_taken":[{"damage":1,"enemies":"Cultist","floor":1,"turns":5},{"damage":7,"enemies":"2 Louse","floor":2,"turns":3},{"damage":2,"enemies":"Jaw Worm","floor":3,"turns":4},{"damage":10,"enemies":"Exordium Thugs","floor":5,"turns":5},{"damage":16,"enemies":"3 Sentries","floor":7,"turns":6},{"damage":0,"enemies":"Looter","floor":12,"turns":3},{"damage":5,"enemies":"Gremlin Gang","floor":14,"turns":3},{"damage":28,"enemies":"Hexaghost","floor":16,"turns":9},{"damage":17,"enemies":"2 Thieves","floor":18,"turns":4},{"damage":19,"enemies":"Spheric Guardian","floor":21,"turns":3},{"damage":4,"enemies":"Centurion and Healer","floor":22,"turns":7},{"damage":14,"enemies":"Snake Plant","floor":24,"turns":3},{"damage":22,"enemies":"Slavers","floor":27,"turns":3},{"damage":14,"enemies":"Shelled Parasite and Fungi","floor":29,"turns":2},{"damage":23,"enemies":"Book of Stabbing","floor":30,"turns":5},{"damage":6,"enemies":"3 Cultists","floor":31,"turns":4},{"damage":53,"enemies":"Automaton","floor":33,"turns":6}],"seed_played":"-744385208623979474","potions_obtained":[{"floor":5,"key":"Ancient Potion"},{"floor":12,"key":"Energy Potion"},{"floor":14,"key":"Explosive Potion"},{"floor":16,"key":"Strength Potion"},{"floor":22,"key":"SteroidPotion"},{"floor":27,"key":"Regen Potion"},{"floor":29,"key":"AttackPotion"},{"floor":30,"key":"Ancient Potion"}],"is_trial":false,"path_per_floor":["M","M","M","$","M","R","E","R","T","R","$","M","?","M","R","B",null,"M","?","$","M","M","R","M","?","T","E","R","M","E","M","R","B"],"character_chosen":"THE_SILENT","items_purchased":["Choke","Footwork","Caltrops","Swift Strike+1","Dagger Spray+1"],"campfire_rested":4,"item_purchase_floors":[4,4,11,11,20],"current_hp_per_floor":[76,69,67,67,57,57,41,41,41,64,64,64,64,59,59,31,77,60,60,60,41,37,60,46,46,46,24,47,33,24,18,41,0],"gold":178,"neow_bonus":"TEN_PERCENT_HP_BONUS","is_prod":false,"is_daily":false,"chose_seed":false,"campfire_upgraded":3,"win_rate":0.0,"timestamp":1561779999,"path_taken":["M","M","?","$","M","R","E","R","T","R","$","M","?","M","R","BOSS","M","?","$","M","?","R","M","?","T","E","R","M","E","M","R","BOSS"],"build_version":"2019-01-23","purchased_purges":0,"victory":false,"max_hp_per_floor":[77,77,77,77,77,77,77,77,77,77,77,77,77,77,77,77,77,77,77,77,77,77,77,77,77,77,77,77,77,77,77,77,77],"card_choices":[{"not_picked":["Outmaneuver","Dodge and Roll"],"picked":"Poisoned Stab","floor":1},{"not_picked":["Blade Dance","Outmaneuver"],"picked":"Dagger Throw","floor":2},{"not_picked":["Skewer","Finisher"],"picked":"Dagger Spray","floor":3},{"not_picked":["Dagger Throw","Well Laid Plans"],"picked":"Flying Knee","floor":5},{"not_picked":["Sucker Punch","Terror"],"picked":"Dodge and Roll","floor":7},{"not_picked":["Bouncing Flask","Phantasmal Killer"],"picked":"PiercingWail","floor":12},{"not_picked":["Sucker Punch+1","Outmaneuver"],"picked":"Deflect","floor":14},{"not_picked":["Phantasmal Killer","Doppelganger"],"picked":"Unload+1","floor":16},{"not_picked":["Dodge and Roll","Backflip+1"],"picked":"Slice+1","floor":18},{"not_picked":["PiercingWail","Slice+1"],"picked":"Poisoned Stab+1","floor":21},{"not_picked":["Dagger Throw+1","Acrobatics"],"picked":"Blur","floor":22},{"not_picked":["Slice+1","Blade Dance+1"],"picked":"Well Laid Plans+1","floor":24},{"not_picked":["Blade Dance+1","Choke+1"],"picked":"PiercingWail+1","floor":27},{"not_picked":["Dodge and Roll","Poisoned Stab+1"],"picked":"Flechettes+1","floor":29},{"not_picked":["Reflex","Skewer+1"],"picked":"Underhanded Strike+1","floor":30},{"not_picked":["Dagger Throw+1","Deflect"],"picked":"Infinite Blades","floor":31}],"player_experience":4912,"relics_obtained":[{"floor":7,"key":"Molten Egg 2"},{"floor":9,"key":"Ancient Tea Set"},{"floor":26,"key":"Pen Nib"},{"floor":27,"key":"Potion Belt"},{"floor":30,"key":"Bottled Flame"}],"event_choices":[{"damage_healed":0,"gold_gain":0,"player_choice":"Leave","damage_taken":0,"max_hp_gain":0,"max_hp_loss":0,"event_name":"The Cleric","floor":13,"gold_loss":0},{"damage_healed":0,"gold_gain":0,"player_choice":"Upgraded Two","damage_taken":0,"max_hp_gain":0,"max_hp_loss":0,"event_name":"Designer","floor":19,"gold_loss":40,"cards_upgraded":["Strike_G","Strike_G"]},{"damage_healed":0,"gold_gain":0,"player_choice":"2 cards matched","damage_taken":0,"max_hp_gain":0,"max_hp_loss":0,"event_name":"Match and Keep!","floor":25,"gold_loss":0,"cards_obtained":["Mind Blast","Backflip"]}],"is_beta":false,"boss_relics":[{"not_picked":["HoveringKite","Busted Crown"],"picked":"Velvet Choker"}],"items_purged_floors":[],"is_endless":false,"potions_floor_spawned":[5,12,14,16,22,27,29,30],"killed_by":"Automaton","ascension_level":0}