{"gold_per_floor":[116,41,41,57,77,77,152,163,163,163,163,163,28,42,42,42],"floor_reached":16,"playtime":467,"items_purged":[],"score":180,"play_id":"15df4ff2-38aa-4bec-977c-18fad5c0f0d1","local_time":"20190704172220","is_ascension_mode":true,"campfire_choices":[{"data":"Neutralize","floor":6,"key":"SMITH"},{"data":"Well Laid Plans","floor":10,"key":"SMITH"},{"data":"Dodge and Roll","floor":12,"key":"SMITH"},{"data":"Noxious Fumes","floor":15,"key":"SMITH"}],"neow_cost":"NONE","seed_source_timestamp":0,"circlet_count":0,"master_deck":["AscendersBane","Strike_G","Strike_G","Strike_G","Strike_G","Defend_G","Defend_G","Defend_G","Survivor","Neutralize+1","Dodge and Roll+1","Quick Slash","Well Laid Plans+1","Noxious Fumes+1","PiercingWail","Acrobatics"],"special_seed":0,"relics":["Ring of the Snake","Meat on the Bone"],"potions_floor_usage":[],"damage_taken":[{"damage":3.0,"enemies":"Small Slimes","floor":1.0,"turns":4.0},{"damage":0,"enemies":"2 Louse","floor":4,"turns":3},{"damage":2,"enemies":"Cultist","floor":5,"turns":4},{"damage":12,"enemies":"Red Slaver","floor":8,"turns":4},{"damage":4,"enemies":"Gremlin Gang","floor":14,"turns":8},{"damage":40,"enemies":"Hexaghost","floor":16,"turns":11}],"seed_played":"-7880702381508915542","potions_obtained":[],"is_trial":false,"path_per_floor":["M","?","?","M","M","R","?","M","T","R","?","R","$","M","R","B"],"character_chosen":"THE_SILENT","items_purchased":["Noxious Fumes","PiercingWail"],"campfire_rested":0,"item_purchase_floors":[13,13],"current_hp_per_floor":[56,56,56,56,54,54,43,31,31,31,31,31,31,39,39,0],"gold":42,"neow_bonus":"REMOVE_CARD","is_prod":false,"is_daily":false,"chose_seed":false,"campfire_upgraded":4,"win_rate":0,"timestamp":1562232140,"path_taken":["M","?","?","M","M","R","?","M","T","R","?","R","$","M","R","BOSS"],"build_version":"2019-07-01","purchased_purges":0,"victory":false,"max_hp_per_floor":[66,66,66,66,66,66,66,66,66,66,66,66,66,66,66,66],"card_choices":[{"not_picked":["Cloak And Dagger","Acrobatics"],"picked":"Dodge and Roll","floor":1.0},{"not_picked":["Quick Slash","Bane","Flying Knee"],"picked":"SKIP","floor":4},{"not_picked":["Reflex","Caltrops"],"picked":"Quick Slash","floor":5},{"not_picked":["Flechettes","Escape Plan"],"picked":"Well Laid Plans","floor":8},{"not_picked":["Tactician","Endless Agony"],"picked":"Acrobatics","floor":14}],"player_experience":750045,"relics_obtained":[{"floor":9,"key":"Meat on the Bone"}],"event_choices":[{"cards_removed":["Defend_G"],"damage_healed":0.0,"max_hp_gain":0.0,"max_hp_loss":0.0,"gold_gain":0.0,"event_name":"The Cleric","player_choice":"Card Removal","floor":2.0,"gold_loss":75.0,"damage_taken":0.0},{"damage_healed":0,"gold_gain":0,"player_choice":"Fled","damage_taken":0,"max_hp_gain":0,"max_hp_loss":0,"event_name":"Scrap Ooze","floor":3,"gold_loss":0},{"damage_healed":0,"gold_gain":75,"player_choice":"Gather Gold","damage_taken":11,"max_hp_gain":0,"max_hp_loss":0,"event_name":"World of Goop","floor":7,"gold_loss":0},{"cards_removed":["Strike_G"],"damage_healed":0,"gold_gain":0,"player_choice":"Offered Basic","damage_taken":0,"max_hp_gain":0,"max_hp_loss":0,"event_name":"Bonfire Elementals","floor":11,"gold_loss":0}],"is_beta":false,"boss_relics":[],"items_purged_floors":[],"is_endless":false,"potions_floor_spawned":[],"killed_by":"Hexaghost","ascension_level":20}