{"gold_per_floor":[111,111,61,72,88,88,120,120,144,169,203,219,219,219,219,317,317,333,346,359,73,89,89,99,114,193,46,82,82,95,95],"floor_reached":31,"playtime":1953,"items_purged":[],"score":386,"play_id":"b0b5c9a3-d0bd-4a1e-a88c-687a4d228934","local_time":"20190708094951","is_ascension_mode":true,"campfire_choices":[{"data":"Footwork","floor":6,"key":"SMITH"},{"floor":8,"key":"REST"},{"floor":13,"key":"REST"},{"data":"Dash","floor":15,"key":"SMITH"},{"floor":23,"key":"REST"},{"floor":29,"key":"REST"}],"neow_cost":"NONE","seed_source_timestamp":289969165190482,"circlet_count":0,"master_deck":["AscendersBane","Strike_G","Strike_G","Strike_G","Strike_G","Strike_G","Defend_G","Defend_G","Defend_G","Defend_G","Survivor","Neutralize","Dash+1","Footwork+1","Choke+1","Terror+1","Tools of the Trade","Infinite Blades+1","Footwork+1","A Thousand Cuts","Underhanded Strike+1","Dodge and Roll","After Image","HandOfGreed+1"],"relics":["Ring of the Snake","NeowsBlessing","Boot","Orichalcum","Odd Mushroom","Molten Egg 2","Fusion Hammer","The Courier"],"potions_floor_usage":[7,10,16,21,28],"damage_taken":[{"damage":0,"enemies":"Jaw Worm","floor":1,"turns":1},{"damage":0,"enemies":"2 Louse","floor":4,"turns":1},{"damage":0,"enemies":"Cultist","floor":5,"turns":1},{"damage":24,"enemies":"Lagavulin","floor":7,"turns":9},{"damage":10,"enemies":"The Mushroom Lair","floor":10,"turns":5},{"damage":18,"enemies":"Gremlin Nob","floor":11,"turns":6},{"damage":4,"enemies":"Lots of Slimes","floor":12,"turns":6},{"damage":21,"enemies":"Hexaghost","floor":16,"turns":10},{"damage":12,"enemies":"2 Thieves","floor":18,"turns":5},{"damage":0,"enemies":"3 Byrds","floor":19,"turns":4},{"damage":0,"enemies":"Shelled Parasite and Fungi","floor":20,"turns":8},{"damage":24,"enemies":"Snake Plant","floor":22,"turns":5},{"damage":8,"enemies":"Cultist and Chosen","floor":24,"turns":7},{"damage":26,"enemies":"Centurion and Healer","floor":25,"turns":6},{"damage":0,"enemies":"Snecko","floor":28,"turns":4},{"damage":19,"enemies":"Snake Plant","floor":30,"turns":4},{"damage":25,"enemies":"Cultist and Chosen","floor":31,"turns":4}],"seed_played":"-6504802052186212715","potions_obtained":[{"floor":1,"key":"Fire Potion"},{"floor":4,"key":"PowerPotion"},{"floor":10,"key":"PowerPotion"},{"floor":19,"key":"SteroidPotion"},{"floor":24,"key":"Swift Potion"}],"is_trial":false,"path_per_floor":["M","?","?","M","M","R","E","R","T","?","E","M","R","?","R","B",null,"M","M","M","$","M","R","M","M","T","$","M","R","M","M"],"character_chosen":"THE_SILENT","items_purchased":["A Thousand Cuts","Underhanded Strike+1","Fruit Juice","HandOfGreed+1"],"campfire_rested":4,"item_purchase_floors":[21,21,21,27],"current_hp_per_floor":[63,63,63,63,63,63,39,60,60,50,32,28,49,49,49,28,60,48,48,48,53,29,51,43,17,17,17,17,39,20,0],"gold":95,"neow_bonus":"THREE_ENEMY_KILL","is_prod":false,"is_daily":false,"chose_seed":false,"campfire_upgraded":2,"win_rate":0,"timestamp":1562593791,"path_taken":["M","?","?","M","M","R","E","R","T","?","E","M","R","?","R","BOSS","M","M","?","$","M","R","M","M","T","?","M","R","M","M"],"build_version":"2019-07-03","purchased_purges":0,"victory":false,"max_hp_per_floor":[70,70,70,70,70,70,70,70,70,70,70,70,70,70,70,70,70,70,70,70,75,75,75,75,75,75,75,75,75,75,75],"card_choices":[{"not_picked":["Backstab","Blade Dance"],"picked":"Dash","floor":1},{"not_picked":["Concentrate","Accuracy","Bane"],"picked":"SKIP","floor":4},{"not_picked":["Deadly Poison","Dagger Spray"],"picked":"Footwork","floor":5},{"not_picked":["Choke","Poisoned Stab","PiercingWail"],"picked":"SKIP","floor":7},{"not_picked":["Crippling Poison","Endless Agony"],"picked":"Choke","floor":11},{"not_picked":["Bane+1","Deadly Poison"],"picked":"Terror","floor":12},{"not_picked":["Die Die Die+1","Unload+1"],"picked":"Tools of the Trade","floor":16},{"not_picked":["Setup","Sucker Punch+1"],"picked":"Infinite Blades+1","floor":18},{"not_picked":["All Out Attack+1","Bane+1"],"picked":"Footwork+1","floor":19},{"not_picked":["Slice+1","All Out Attack+1","Catalyst"],"picked":"SKIP","floor":20},{"not_picked":["Dagger Spray+1","Caltrops"],"picked":"Dodge and Roll","floor":22},{"not_picked":["Heel Hook+1","Sucker Punch+1","Poisoned Stab+1"],"picked":"SKIP","floor":24},{"not_picked":["Skewer+1","Deflect"],"picked":"After Image","floor":25},{"not_picked":["Well Laid Plans","Leg Sweep+1","PiercingWail+1"],"picked":"SKIP","floor":28},{"not_picked":["Quick Slash+1","Outmaneuver","Infinite Blades+1"],"picked":"SKIP","floor":30}],"player_experience":704741,"relics_obtained":[{"floor":7,"key":"Boot"},{"floor":9,"key":"Orichalcum"},{"floor":10,"key":"Odd Mushroom"},{"floor":11,"key":"Molten Egg 2"},{"floor":26,"key":"The Courier"}],"event_choices":[{"damage_healed":0,"gold_gain":0,"player_choice":"Fled","damage_taken":0,"max_hp_gain":0,"max_hp_loss":0,"event_name":"Scrap Ooze","floor":2,"gold_loss":0},{"cards_removed":["Defend_G"],"damage_healed":0,"gold_gain":0,"player_choice":"Card Removal","damage_taken":0,"max_hp_gain":0,"max_hp_loss":0,"event_name":"The Cleric","floor":3,"gold_loss":50},{"damage_healed":0,"gold_gain":0,"player_choice":"Fought Mushrooms","damage_taken":0,"max_hp_gain":0,"max_hp_loss":0,"event_name":"Mushrooms","floor":10,"gold_loss":0},{"damage_healed":0,"gold_gain":0,"player_choice":"Upgraded","damage_taken":0,"max_hp_gain":0,"max_hp_loss":0,"event_name":"Upgrade Shrine","floor":14,"gold_loss":0,"cards_upgraded":["Terror"]}],"is_beta":true,"boss_relics":[{"not_picked":["Snecko Eye","Lizard Tail"],"picked":"Fusion Hammer"}],"items_purged_floors":[],"is_endless":false,"potions_floor_spawned":[1,4,10,19,24,25],"killed_by":"Cultist and Chosen","ascension_level":11}