{"gold_per_floor":[113,62,72,147,157,157,185,198,198,198,218,237,26,43,43,141,141,156,168,168,168,3,3],"floor_reached":23,"playtime":1218,"items_purged":[],"score":193,"play_id":"9735669f-5980-4032-89cb-c9b723d01149","local_time":"20190702234919","is_ascension_mode":false,"campfire_choices":[{"data":"Bash","floor":6.0,"key":"SMITH"},{"floor":10,"key":"REST"},{"floor":15,"key":"REST"}],"neow_cost":"NONE","seed_source_timestamp":0,"circlet_count":0,"master_deck":["Strike_R","Strike_R","Strike_R","Strike_R","Strike_R","Defend_R","Defend_R","Defend_R","Defend_R","Bash+1","Thunderclap","Warcry","Clash","Headbutt","Carnage","Warcry","Infernal Blade","Anger","Feel No Pain","Thinking Ahead","Headbutt","Dark Embrace","Headbutt","Anger","Dramatic Entrance","Dual Wield"],"special_seed":0,"relics":["Black Blood","NeowsBlessing","Regal Pillow","Pear"],"potions_floor_usage":[],"damage_taken":[{"damage":0.0,"enemies":"Small Slimes","floor":1.0,"turns":1.0},{"damage":0.0,"enemies":"Cultist","floor":3.0,"turns":1.0},{"damage":0.0,"enemies":"2 Louse","floor":5.0,"turns":1.0},{"damage":31.0,"enemies":"3 Sentries","floor":7.0,"turns":7.0},{"damage":22,"enemies":"Exordium Wildlife","floor":8,"turns":5},{"damage":0,"enemies":"Large Slime","floor":11,"turns":3},{"damage":6,"enemies":"Lots of Slimes","floor":12,"turns":4},{"damage":31,"enemies":"Exordium Thugs","floor":14,"turns":4},{"damage":65,"enemies":"Hexaghost","floor":16,"turns":9},{"damage":16,"enemies":"Chosen","floor":18,"turns":6},{"damage":30,"enemies":"2 Thieves","floor":19,"turns":3},{"damage":70,"enemies":"Slavers","floor":23,"turns":4}],"seed_played":"7837535652312999175","potions_obtained":[{"floor":1.0,"key":"Poison Potion"},{"floor":5.0,"key":"SkillPotion"},{"floor":11,"key":"Block Potion"}],"is_trial":false,"path_per_floor":["M","$","M","?","M","R","E","M","T","R","M","M","$","M","R","B",null,"M","M","?","?","$","E"],"character_chosen":"IRONCLAD","items_purchased":["Warcry","Feel No Pain","Thinking Ahead","Dramatic Entrance","Dual Wield"],"campfire_rested":2,"item_purchase_floors":[2,13,13,22,22],"current_hp_per_floor":[80,80,80,72,78,78,53,37,47,89,90,90,90,65,90,31,90,84,64,64,64,64,0],"gold":3,"neow_bonus":"THREE_ENEMY_KILL","is_prod":false,"is_daily":false,"chose_seed":false,"campfire_upgraded":1,"win_rate":0.0,"timestamp":1562122159,"path_taken":["M","$","M","?","?","R","E","M","T","R","M","M","$","M","R","BOSS","M","M","?","?","$","E"],"build_version":"2019-07-01","purchased_purges":0,"victory":false,"max_hp_per_floor":[80,80,80,80,80,80,80,80,90,90,90,90,90,90,90,90,90,90,90,90,90,90,90],"card_choices":[{"not_picked":["Intimidate","Heavy Blade"],"picked":"Thunderclap","floor":1.0},{"not_picked":["Uppercut","Pommel Strike"],"picked":"Clash","floor":3.0},{"not_picked":["Combust","Shrug It Off"],"picked":"Headbutt","floor":5.0},{"not_picked":["Perfected Strike","Bludgeon"],"picked":"Carnage","floor":7.0},{"not_picked":["Perfected Strike","Blood for Blood"],"picked":"Warcry","floor":8},{"not_picked":["Clash","Hemokinesis"],"picked":"Infernal Blade","floor":11},{"not_picked":["Pommel Strike","Body Slam"],"picked":"Anger","floor":12},{"not_picked":["Hemokinesis","Second Wind"],"picked":"Headbutt","floor":14},{"not_picked":["Berserk","Barricade"],"picked":"Dark Embrace","floor":16},{"not_picked":["Intimidate+1","Twin Strike"],"picked":"Headbutt","floor":18},{"not_picked":["Disarm","Headbutt"],"picked":"Anger","floor":19}],"player_experience":17951,"relics_obtained":[{"floor":7.0,"key":"Regal Pillow"},{"floor":9,"key":"Pear"}],"event_choices":[{"damage_healed":0.0,"max_hp_gain":0.0,"max_hp_loss":0.0,"gold_gain":75.0,"event_name":"FaceTrader","player_choice":"Touch","floor":4.0,"gold_loss":0.0,"damage_taken":8.0},{"damage_healed":0,"gold_gain":0,"player_choice":"Ignored","damage_taken":0,"max_hp_gain":0,"max_hp_loss":0,"event_name":"Vampires","floor":20,"gold_loss":0},{"damage_healed":0,"gold_gain":0,"player_choice":"Ignored","damage_taken":0,"max_hp_gain":0,"max_hp_loss":0,"event_name":"Beggar","floor":21,"gold_loss":0}],"is_beta":false,"boss_relics":[{"not_picked":["Mark of Pain","Empty Cage"],"picked":"Black Blood"}],"items_purged_floors":[],"is_endless":false,"potions_floor_spawned":[1,5,11,12,18],"killed_by":"Slavers","ascension_level":0}