{"gold_per_floor":[109,109,109,129,147,173,173,184,234,309,309,321,351,351,351,452,452,465,479,389,389,409,409,444,444,467,486,486,486,506,59,59,156,156,170,180,195,295,295,295,330,330,355,50,60,112,127,147,147,147,147,147,50,75,75],"floor_reached":56,"playtime":7553,"items_purged":["Strike_B"],"score":1227,"play_id":"2837978d-82c3-46ee-9bb8-f92ce1acc43e","local_time":"20190708051210","is_ascension_mode":true,"campfire_choices":[{"floor":7,"key":"REST"},{"floor":11,"key":"REST"},{"data":"Chaos","floor":15,"key":"SMITH"},{"data":"Chill","floor":23,"key":"SMITH"},{"data":"Creative AI","floor":25,"key":"SMITH"},{"floor":32,"key":"RECALL"},{"data":"Turbo","floor":40,"key":"SMITH"},{"data":"Barrage","floor":42,"key":"SMITH"},{"floor":49,"key":"REST"},{"data":"Buffer","floor":52,"key":"SMITH"}],"neow_cost":"TEN_PERCENT_HP_LOSS","seed_source_timestamp":484838837542859,"circlet_count":0,"master_deck":["Defend_B+1","Defend_B+1","Defend_B+1","Zap","Dualcast+1","Machine Learning","Storm","Leap","Sweeping Beam","Go for the Eyes","Sweeping Beam","Conserve Battery","Chill+1","Chaos+1","Echo Form","Steam+1","Self Repair+1","Go for the Eyes","Creative AI+1","Beam Cell","Capacitor","FTL","Panacea","Compile Driver","Consume","Buffer+1","Barrage+1","Turbo+1","Melter+1","Glacier+1","Coolheaded+1","Enlightenment","Turbo","Reboot","Double Energy+1"],"relics":["Cracked Core","Bottled Tornado","Bag of Preparation","Juzu Bracelet","Unceasing Top","Inserter","Enchiridion","War Paint","Ancient Tea Set","Lizard Tail","Peace Pipe","Strawberry","Vajra","OrangePellets","Torii","Happy Flower"],"potions_floor_usage":[16,16,16,16,18,19,24,24,33,33,36,38,46,46,46,48,54,55,55,55],"damage_taken":[{"damage":0,"enemies":"Small Slimes","floor":1,"turns":3},{"damage":0,"enemies":"2 Louse","floor":4,"turns":2},{"damage":0,"enemies":"Cultist","floor":5,"turns":5},{"damage":27,"enemies":"3 Sentries","floor":6,"turns":8},{"damage":0,"enemies":"3 Louse","floor":8,"turns":2},{"damage":0,"enemies":"Blue Slaver","floor":12,"turns":4},{"damage":1,"enemies":"Lagavulin","floor":13,"turns":8},{"damage":8,"enemies":"Hexaghost","floor":16,"turns":11},{"damage":1,"enemies":"3 Byrds","floor":18,"turns":7},{"damage":7,"enemies":"Spheric Guardian","floor":19,"turns":6},{"damage":0,"enemies":"Shelled Parasite and Fungi","floor":22,"turns":11},{"damage":0,"enemies":"Gremlin Leader","floor":24,"turns":5},{"damage":8,"enemies":"Snake Plant","floor":27,"turns":4},{"damage":3,"enemies":"Snecko","floor":30,"turns":8},{"damage":61,"enemies":"Collector","floor":33,"turns":8},{"damage":3,"enemies":"3 Shapes","floor":35,"turns":6},{"damage":3,"enemies":"Orb Walker","floor":36,"turns":3},{"damage":12,"enemies":"3 Darklings","floor":37,"turns":4},{"damage":0,"enemies":"Mind Bloom Boss Battle","floor":38,"turns":5},{"damage":20,"enemies":"Giant Head","floor":41,"turns":8},{"damage":0,"enemies":"Sphere and 2 Shapes","floor":45,"turns":5},{"damage":78,"enemies":"2 Orb Walkers","floor":46,"turns":8},{"damage":0,"enemies":"Jaw Worm Horde","floor":47,"turns":6},{"damage":15,"enemies":"3 Darklings","floor":48,"turns":5},{"damage":10,"enemies":"Time Eater","floor":50,"turns":8},{"damage":39,"enemies":"Shield and Spear","floor":54,"turns":7},{"damage":45,"enemies":"The Heart","floor":55,"turns":10}],"seed_played":"365113765948828620","potions_obtained":[{"floor":1,"key":"Regen Potion"},{"floor":8,"key":"EntropicBrew"},{"floor":12,"key":"Fire Potion"},{"floor":16,"key":"FocusPotion"},{"floor":19,"key":"AttackPotion"},{"floor":22,"key":"LiquidBronze"},{"floor":27,"key":"Regen Potion"},{"floor":35,"key":"EntropicBrew"},{"floor":41,"key":"Ancient Potion"},{"floor":46,"key":"EssenceOfSteel"},{"floor":48,"key":"SteroidPotion"},{"floor":54,"key":"FocusPotion"}],"is_trial":false,"path_per_floor":["M","?","?","M","M","E","R","M","T","?","R","M","E","?","R","B",null,"M","M","?","?","M","R","E","R","T","M","?","?","M","$","R","B",null,"M","M","M","?","?","R","E","R","T","$","M","?","M","M","R","B",null,"R","$","E","B",null],"character_chosen":"DEFECT","items_purchased":["Ancient Tea Set","Panacea","Compile Driver","Consume","OrangePellets","Enlightenment","PowerPotion","Dexterity Potion"],"campfire_rested":3,"item_purchase_floors":[31,31,31,31,44,44,53,53],"current_hp_per_floor":[68,54,54,54,54,27,47,47,47,36,56,56,55,48,48,55,68,67,60,60,44,54,54,68,68,68,68,68,56,63,63,63,17,73,73,70,58,68,68,68,65,65,65,65,75,40,50,45,69,59,80,80,80,61,26],"gold":75,"neow_bonus":"TRANSFORM_TWO_CARDS","is_prod":false,"is_daily":false,"chose_seed":false,"campfire_upgraded":6,"win_rate":0,"timestamp":1562577130,"path_taken":["M","?","?","M","M","E","R","M","T","?","R","M","E","?","R","BOSS","M","M","?","?","M","R","E","R","T","M","?","?","M","$","R","BOSS","M","M","M","?","?","R","E","R","T","$","M","?","M","M","R","BOSS","R","$","E","BOSS"],"build_version":"2019-07-05","purchased_purges":1,"victory":true,"max_hp_per_floor":[68,68,68,68,68,68,68,68,68,68,68,68,68,68,68,68,68,68,68,68,68,68,68,68,68,68,68,68,73,73,73,73,73,73,73,73,73,73,73,73,80,80,80,80,80,80,80,80,80,80,80,80,80,80,80],"card_choices":[{"not_picked":["Double Energy","Heatsinks"],"picked":"Leap","floor":1},{"not_picked":["Loop","Compile Driver"],"picked":"Sweeping Beam","floor":4},{"not_picked":["Conserve Battery","Turbo"],"picked":"Go for the Eyes","floor":5},{"not_picked":["Lockon","Chaos"],"picked":"Sweeping Beam","floor":6},{"not_picked":["Redo","Cold Snap"],"picked":"Conserve Battery","floor":8},{"not_picked":["Ball Lightning","Lockon"],"picked":"Chill","floor":12},{"not_picked":["Ball Lightning","Double Energy"],"picked":"Chaos","floor":13},{"not_picked":["Thunder Strike","Meteor Strike"],"picked":"Echo Form","floor":16},{"not_picked":["Gash","Double Energy"],"picked":"Steam","floor":18},{"not_picked":["Cold Snap","Auto Shields"],"picked":"Self Repair+1","floor":19},{"not_picked":["Cold Snap","Scrape"],"picked":"Go for the Eyes","floor":22},{"not_picked":["Redo+1","Doom and Gloom"],"picked":"Creative AI","floor":24},{"not_picked":["Stack","Barrage"],"picked":"Beam Cell","floor":27},{"not_picked":["Coolheaded","Hello World"],"picked":"FTL","floor":30},{"not_picked":["Reboot","All For One"],"picked":"Buffer","floor":33},{"not_picked":["Steam","Steam Power"],"picked":"Barrage","floor":35},{"not_picked":["Auto Shields+1","Loop+1"],"picked":"Turbo","floor":36},{"not_picked":["Stack+1","Self Repair+1"],"picked":"Melter+1","floor":37},{"not_picked":["Ball Lightning","Go for the Eyes+1"],"picked":"Glacier+1","floor":38},{"not_picked":["Meteor Strike","Ball Lightning+1"],"picked":"Coolheaded+1","floor":41},{"not_picked":["Ball Lightning","Go for the Eyes","Streamline+1"],"picked":"SKIP","floor":45},{"not_picked":["Beam Cell","Leap+1"],"picked":"Turbo","floor":46},{"not_picked":["Aggregate","Genetic Algorithm+1"],"picked":"Reboot","floor":47},{"not_picked":["Streamline+1","Compile Driver","Ball Lightning"],"picked":"SKIP","floor":48},{"not_picked":["Barrage","Rebound+1"],"picked":"Double Energy+1","floor":54}],"player_experience":173459,"relics_obtained":[{"floor":6,"key":"Bottled Tornado"},{"floor":9,"key":"Bag of Preparation"},{"floor":13,"key":"Juzu Bracelet"},{"floor":21,"key":"Enchiridion"},{"floor":24,"key":"War Paint"},{"floor":38,"key":"Peace Pipe"},{"floor":41,"key":"Strawberry"},{"floor":43,"key":"Vajra"},{"floor":46,"key":"Torii"},{"floor":54,"key":"Happy Flower"}],"event_choices":[{"damage_healed":0,"gold_gain":0,"player_choice":"Entered Light","damage_taken":14,"max_hp_gain":0,"max_hp_loss":0,"event_name":"Shining Light","floor":2,"gold_loss":0,"cards_upgraded":["Defend_B","Defend_B"]},{"damage_healed":0,"gold_gain":0,"player_choice":"Ignored","damage_taken":0,"max_hp_gain":0,"max_hp_loss":0,"event_name":"Liars Game","floor":3,"gold_loss":0},{"damage_healed":0,"gold_gain":75,"player_choice":"Gather Gold","damage_taken":11,"max_hp_gain":0,"max_hp_loss":0,"event_name":"World of Goop","floor":10,"gold_loss":0},{"damage_healed":0,"gold_gain":0,"player_choice":"Success","damage_taken":7,"relics_obtained":["Unceasing Top"],"max_hp_gain":0,"max_hp_loss":0,"event_name":"Scrap Ooze","floor":14,"gold_loss":0},{"cards_removed":["Strike_B"],"damage_healed":0,"gold_gain":0,"player_choice":"Upgrade and Remove","damage_taken":0,"max_hp_gain":0,"max_hp_loss":0,"event_name":"Designer","floor":20,"gold_loss":90,"cards_upgraded":["Steam"]},{"damage_healed":0,"gold_gain":0,"player_choice":"Obtained Book","damage_taken":16,"max_hp_gain":0,"max_hp_loss":0,"event_name":"Cursed Tome","floor":21,"gold_loss":0},{"damage_healed":0,"gold_gain":0,"player_choice":"Read","damage_taken":0,"max_hp_gain":0,"max_hp_loss":0,"event_name":"The Library","floor":28,"gold_loss":0,"cards_obtained":["Capacitor"]},{"damage_healed":0,"gold_gain":0,"player_choice":"Shed Blood","damage_taken":17,"max_hp_gain":5,"max_hp_loss":0,"event_name":"Forgotten Altar","floor":29,"gold_loss":0},{"damage_healed":0,"gold_gain":0,"player_choice":"Fight","damage_taken":0,"max_hp_gain":0,"max_hp_loss":0,"event_name":"MindBloom","floor":38,"gold_loss":0},{"cards_removed":["Defend_B"],"damage_healed":0,"gold_gain":0,"player_choice":"Removed Skill","damage_taken":0,"max_hp_gain":0,"max_hp_loss":0,"event_name":"Falling","floor":39,"gold_loss":0},{"damage_healed":0,"gold_gain":0,"player_choice":"Fight","damage_taken":0,"max_hp_gain":0,"max_hp_loss":0,"event_name":"Mysterious Sphere","floor":46,"gold_loss":0}],"is_beta":false,"boss_relics":[{"not_picked":["Coffee Dripper","FrozenCore"],"picked":"Inserter"},{"not_picked":["Orrery","Runic Pyramid"],"picked":"Lizard Tail"}],"items_purged_floors":[31],"is_endless":false,"potions_floor_spawned":[1,8,12,16,19,22,27,35,41,46,48,54],"ascension_level":1}