{"gold_per_floor":[117,190,203,203,222,254,254,287,287,287,302,302,302,332,332,436,436,454,454,369,386,399,399,399],"floor_reached":24,"playtime":860,"items_purged":[],"score":304,"play_id":"3e675672-bf0b-41a7-a334-f24a018d2f5e","local_time":"20190708131225","is_ascension_mode":true,"campfire_choices":[{"data":"Seeing Red","floor":7,"key":"SMITH"},{"data":"Juggernaut","floor":10,"key":"SMITH"},{"data":"Combust","floor":12,"key":"SMITH"},{"floor":15,"key":"REST"},{"data":"Body Slam","floor":23,"key":"SMITH"}],"neow_cost":"TEN_PERCENT_HP_LOSS","seed_source_timestamp":845464906739500,"circlet_count":0,"master_deck":["Strike_R","Strike_R","Strike_R","Strike_R","Defend_R","Defend_R","Defend_R","Defend_R","Bash","Apotheosis","Forethought","Infernal Blade","Seeing Red+1","Juggernaut+1","Whirlwind","Feel No Pain","Havoc","Combust+1","Entrench","Dark Embrace","Armaments","Bloodletting","Body Slam+1"],"relics":["Burning Blood","Pear","Boot","Pen Nib","Thread and Needle","Matryoshka","Magic Flower","Sozu","Nunchaku"],"potions_floor_usage":[6,16,16],"damage_taken":[{"damage":0,"enemies":"Cultist","floor":1,"turns":4},{"damage":0,"enemies":"2 Louse","floor":3,"turns":4},{"damage":11,"enemies":"Small Slimes","floor":5,"turns":4},{"damage":24,"enemies":"Gremlin Nob","floor":6,"turns":4},{"damage":18,"enemies":"Lagavulin","floor":8,"turns":8},{"damage":8,"enemies":"Exordium Wildlife","floor":11,"turns":6},{"damage":27,"enemies":"3 Sentries","floor":14,"turns":4},{"damage":3,"enemies":"Hexaghost","floor":16,"turns":6},{"damage":10,"enemies":"3 Byrds","floor":18,"turns":4},{"damage":9,"enemies":"Spheric Guardian","floor":21,"turns":6},{"damage":29,"enemies":"Snake Plant","floor":22,"turns":6},{"damage":101,"enemies":"Book of Stabbing","floor":24,"turns":6}],"seed_played":"-5903324258174325795","potions_obtained":[{"floor":1,"key":"FairyPotion"},{"floor":3,"key":"Dexterity Potion"},{"floor":11,"key":"Poison Potion"},{"floor":14,"key":"SkillPotion"}],"is_trial":false,"path_per_floor":["M","T","M","?","M","E","R","E","T","R","M","R","?","E","R","B",null,"M","?","?","M","M","R","E"],"character_chosen":"IRONCLAD","items_purchased":[],"campfire_rested":1,"item_purchase_floors":[],"current_hp_per_floor":[72,82,82,82,77,59,59,47,47,47,45,45,33,12,36,42,82,81,81,81,81,61,61,0],"gold":399,"neow_bonus":"RANDOM_COLORLESS_2","is_prod":false,"is_daily":false,"chose_seed":false,"campfire_upgraded":4,"win_rate":0,"timestamp":1562605945,"path_taken":["M","?","M","?","M","E","R","E","T","R","M","R","?","E","R","BOSS","M","?","?","M","M","R","E"],"build_version":"2019-01-23","purchased_purges":0,"victory":false,"max_hp_per_floor":[72,82,82,82,82,82,82,82,82,82,82,82,82,82,82,82,82,82,82,82,82,82,82,82],"card_choices":[{"not_picked":["Battle Trance","Sword Boomerang"],"picked":"Infernal Blade","floor":1},{"not_picked":["Sword Boomerang","Searing Blow"],"picked":"Seeing Red","floor":3},{"not_picked":["Seeing Red","Thunderclap"],"picked":"Whirlwind","floor":5},{"not_picked":["Spot Weakness","Ghostly Armor"],"picked":"Feel No Pain","floor":6},{"not_picked":["Clothesline","Reckless Charge"],"picked":"Havoc","floor":8},{"not_picked":["Clash","Sword Boomerang"],"picked":"Combust","floor":11},{"not_picked":["Exhume","Twin Strike"],"picked":"Entrench","floor":14},{"not_picked":["Brutality","Feed"],"picked":"Dark Embrace","floor":16},{"not_picked":["True Grit","Dropkick"],"picked":"Armaments","floor":18},{"not_picked":["Clothesline","Cleave"],"picked":"Bloodletting","floor":21},{"not_picked":["Shockwave","Battle Trance"],"picked":"Body Slam","floor":22}],"player_experience":175287,"relics_obtained":[{"floor":2,"key":"Pear"},{"floor":6,"key":"Boot"},{"floor":8,"key":"Pen Nib"},{"floor":9,"key":"Thread and Needle"},{"floor":14,"key":"Magic Flower"}],"event_choices":[{"damage_healed":0,"gold_gain":0,"cards_transformed":["Strike_R"],"player_choice":"Change","damage_taken":0,"max_hp_gain":0,"max_hp_loss":0,"event_name":"Living Wall","floor":4,"gold_loss":0,"cards_obtained":["Juggernaut"]},{"damage_healed":0,"gold_gain":0,"player_choice":"Success","damage_taken":12,"relics_obtained":["Matryoshka"],"max_hp_gain":0,"max_hp_loss":0,"event_name":"Scrap Ooze","floor":13,"gold_loss":0},{"damage_healed":0,"gold_gain":0,"player_choice":"Ignored","damage_taken":0,"max_hp_gain":0,"max_hp_loss":0,"event_name":"Vampires","floor":19,"gold_loss":0},{"damage_healed":0,"gold_gain":0,"player_choice":"Obtained Relic","damage_taken":0,"relics_obtained":["Nunchaku"],"max_hp_gain":0,"max_hp_loss":0,"event_name":"Addict","floor":20,"gold_loss":85}],"is_beta":false,"boss_relics":[{"not_picked":["Mark of Pain","Fusion Hammer"],"picked":"Sozu"}],"items_purged_floors":[],"is_endless":false,"potions_floor_spawned":[1,3,11,14,21,22],"killed_by":"Book of Stabbing","ascension_level":3}