{"gold_per_floor":[118,137,16,16,36,36,50,83,135,135,135,146,146,163,163,266,266,283,283,245,265,290,290,290,290,290,307,307,257,272,272,272,272],"floor_reached":33,"playtime":2026,"items_purged":[],"score":245,"play_id":"5ce84896-2851-4f59-83c2-f0c92dbc0d6e","local_time":"20190703203208","is_ascension_mode":false,"campfire_choices":[{"data":"Armaments","floor":6,"key":"SMITH"},{"floor":13,"key":"REST"},{"data":"Double Tap","floor":15,"key":"SMITH"},{"floor":23,"key":"REST"},{"floor":25,"key":"REST"},{"floor":28,"key":"REST"},{"floor":32,"key":"REST"}],"neow_cost":"NONE","seed_source_timestamp":255704183103971,"circlet_count":0,"master_deck":["Strike_R","Strike_R","Strike_R+1","Strike_R","Defend_R+1","Defend_R","Defend_R","Defend_R","Bash","Rampage","Armaments+1","Metallicize","Armaments","Iron Wave","Headbutt","Double Tap+1","Dual Wield","Disarm","Juggernaut","Armaments","Shrug It Off","Iron Wave","Warcry","Cleave","Power Through","Cleave+1","Twin Strike+1","Dropkick","Infernal Blade"],"relics":["Burning Blood","NeowsBlessing","Letter Opener","Strawberry","Boot","Orrery","Oddly Smooth Stone","Omamori"],"potions_floor_usage":[16,30,33,33],"damage_taken":[{"damage":0,"enemies":"Small Slimes","floor":1,"turns":1},{"damage":0,"enemies":"2 Louse","floor":2,"turns":1},{"damage":0,"enemies":"Cultist","floor":5,"turns":1},{"damage":20,"enemies":"Exordium Thugs","floor":7,"turns":7},{"damage":15,"enemies":"Lagavulin","floor":8,"turns":6},{"damage":6,"enemies":"Blue Slaver","floor":12,"turns":4},{"damage":2,"enemies":"Large Slime","floor":14,"turns":6},{"damage":40,"enemies":"Hexaghost","floor":16,"turns":11},{"damage":11,"enemies":"Shell Parasite","floor":18,"turns":8},{"damage":17,"enemies":"3 Byrds","floor":21,"turns":7},{"damage":21,"enemies":"Snake Plant","floor":27,"turns":5},{"damage":11,"enemies":"Snecko","floor":30,"turns":7},{"damage":98,"enemies":"Champ","floor":33,"turns":19}],"seed_played":"958690100968135906","potions_obtained":[{"floor":1,"key":"PowerPotion"},{"floor":5,"key":"Weak Potion"},{"floor":14,"key":"AttackPotion"},{"floor":16,"key":"AttackPotion"}],"is_trial":false,"path_per_floor":["M","M","$","?","M","R","M","E","T","?","?","M","R","M","R","B",null,"M","?","$","M","T","R","?","R","T","M","R","?","M","?","R","B"],"character_chosen":"IRONCLAD","items_purchased":["Metallicize","Armaments","Power Through"],"campfire_rested":5,"item_purchase_floors":[3,3,20],"current_hp_per_floor":[80,80,80,64,70,70,56,47,54,36,65,65,87,87,87,53,87,82,87,87,76,76,87,70,92,92,77,92,92,87,87,92,0],"gold":272,"neow_bonus":"THREE_ENEMY_KILL","is_prod":false,"is_daily":false,"chose_seed":false,"campfire_upgraded":2,"win_rate":0.0,"timestamp":1562196728,"path_taken":["M","M","$","?","M","R","M","E","T","?","?","M","R","M","R","BOSS","M","?","$","?","?","R","?","R","T","M","R","?","?","?","R","BOSS"],"build_version":"2019-07-01","purchased_purges":0,"victory":false,"max_hp_per_floor":[80,80,80,80,80,80,80,80,87,87,87,87,87,87,87,87,87,87,87,87,87,87,87,92,92,92,92,92,92,92,92,92,92],"card_choices":[{"not_picked":["Flame Barrier","Shrug It Off"],"picked":"Rampage","floor":1},{"not_picked":["Battle Trance","Hemokinesis"],"picked":"Armaments","floor":2},{"not_picked":["Perfected Strike","Heavy Blade"],"picked":"Iron Wave","floor":5},{"not_picked":["Perfected Strike","Iron Wave"],"picked":"Headbutt","floor":7},{"not_picked":["Bloodletting","Reckless Charge"],"picked":"Double Tap","floor":8},{"not_picked":["Perfected Strike","Armaments"],"picked":"Dual Wield","floor":12},{"not_picked":["Flame Barrier","Clothesline"],"picked":"Disarm","floor":14},{"not_picked":["Demon Form","Reaper"],"picked":"Juggernaut","floor":16},{"not_picked":["Flex","Spot Weakness"],"picked":"Armaments","floor":17},{"not_picked":["Spot Weakness","Rupture"],"picked":"Shrug It Off","floor":17},{"not_picked":["Clothesline","Heavy Blade"],"picked":"Iron Wave","floor":17},{"not_picked":["Clash","Dual Wield"],"picked":"Warcry","floor":17},{"not_picked":["Disarm","Armaments"],"picked":"Cleave","floor":17},{"not_picked":["Entrench","Infernal Blade"],"picked":"Battle Trance+1","floor":18},{"not_picked":["Twin Strike","Bloodletting"],"picked":"Cleave+1","floor":21},{"not_picked":["Berserk","Burning Pact"],"picked":"Twin Strike+1","floor":27},{"not_picked":["Flame Barrier","Twin Strike"],"picked":"Dropkick","floor":30}],"player_experience":36068,"relics_obtained":[{"floor":8,"key":"Letter Opener"},{"floor":9,"key":"Strawberry"},{"floor":22,"key":"Oddly Smooth Stone"},{"floor":26,"key":"Omamori"}],"event_choices":[{"damage_healed":0,"gold_gain":0,"player_choice":"Entered Light","damage_taken":16,"max_hp_gain":0,"max_hp_loss":0,"event_name":"Shining Light","floor":4,"gold_loss":0,"cards_upgraded":["Defend_R","Strike_R"]},{"damage_healed":0,"gold_gain":0,"player_choice":"Success","damage_taken":18,"relics_obtained":["Boot"],"max_hp_gain":0,"max_hp_loss":0,"event_name":"Scrap Ooze","floor":10,"gold_loss":0},{"damage_healed":29,"gold_gain":0,"player_choice":"Banana","damage_taken":0,"max_hp_gain":0,"max_hp_loss":0,"event_name":"Big Fish","floor":11,"gold_loss":0},{"cards_removed":["Battle Trance"],"damage_healed":5,"gold_gain":0,"player_choice":"Offered Uncommon","damage_taken":0,"max_hp_gain":0,"max_hp_loss":0,"event_name":"Bonfire Elementals","floor":19,"gold_loss":0},{"damage_healed":0,"gold_gain":0,"player_choice":"Shed Blood","damage_taken":22,"max_hp_gain":5,"max_hp_loss":0,"event_name":"Forgotten Altar","floor":24,"gold_loss":0},{"damage_healed":0,"gold_gain":0,"player_choice":"Bet on Murderer","damage_taken":0,"max_hp_gain":0,"max_hp_loss":0,"event_name":"The Joust","floor":29,"gold_loss":50},{"damage_healed":0,"gold_gain":0,"cards_transformed":["Strike_R"],"player_choice":"Transformed","damage_taken":0,"max_hp_gain":0,"max_hp_loss":0,"event_name":"Transmorgrifier","floor":31,"gold_loss":0,"cards_obtained":["Infernal Blade"]}],"is_beta":false,"boss_relics":[{"not_picked":["Ectoplasm","Calling Bell"],"picked":"Orrery"}],"items_purged_floors":[],"is_endless":false,"potions_floor_spawned":[1,5,14,16],"killed_by":"Champ","ascension_level":0}