{"gold_per_floor":[111,111,111,111,124,188,205,232,232,78,78,97,132,132,132,236,236,236,236,251,263,363,363,377,377,401,301,317,167,167,179,179,278,328,343,343,125,144,163,163,182,182,206,206,31,31,44,44],"floor_reached":48,"playtime":3375,"items_purged":["Strike_B","Strike_B","Defend_B","Defend_B","Defend_B"],"score":502,"play_id":"bd9ddf2b-1e5f-44be-a1ee-494900b2ad60","local_time":"20190709031905","is_ascension_mode":false,"campfire_choices":[{"floor":15,"key":"REST"},{"data":"Defragment","floor":23,"key":"SMITH"},{"floor":25,"key":"REST"},{"data":"Zap","floor":30,"key":"SMITH"},{"floor":32,"key":"REST"},{"floor":40,"key":"REST"},{"data":"Redo","floor":42,"key":"SMITH"},{"data":"Redo","floor":44,"key":"SMITH"}],"neow_cost":"NONE","seed_source_timestamp":1379780568456000,"circlet_count":0,"master_deck":["Strike_B+1","Strike_B+1","Defend_B","Zap+1","Dualcast","Capacitor","Loop","Turbo","Reinforced Body","Heatsinks","Defragment+1","Genetic Algorithm","Loop+1","Rip and Tear","Redo+1","Buffer+1","Sunder","Skim","Compile Driver+1","Go for the Eyes","Biased Cognition+1","Coolheaded","Ball Lightning","Go for the Eyes","Hologram+1","Creative AI+1","Redo+1","Storm+1","Heatsinks+1","Compile Driver+1","Ball Lightning","Lockon+1","Thunder Strike","Machine Learning+1","Undo"],"relics":["Cracked Core","NeowsBlessing","Tiny Chest","Torii","Matryoshka","Frozen Egg 2","Dream Catcher","Calipers","Sozu","Omamori","Happy Flower","Tiny House","Juzu Bracelet"],"potions_floor_usage":[8,13,14,48],"damage_taken":[{"damage":0,"enemies":"2 Louse","floor":1,"turns":1},{"damage":0,"enemies":"Small Slimes","floor":5,"turns":1},{"damage":0,"enemies":"Lagavulin","floor":6,"turns":1},{"damage":3,"enemies":"Jaw Worm","floor":7,"turns":4},{"damage":29,"enemies":"3 Sentries","floor":8,"turns":7},{"damage":1,"enemies":"3 Louse","floor":12,"turns":3},{"damage":34,"enemies":"Gremlin Nob","floor":13,"turns":5},{"damage":2,"enemies":"Exordium Thugs","floor":14,"turns":5},{"damage":16,"enemies":"Hexaghost","floor":16,"turns":9},{"damage":9,"enemies":"Chosen","floor":18,"turns":5},{"damage":1,"enemies":"Shell Parasite","floor":20,"turns":6},{"damage":19,"enemies":"Shelled Parasite and Fungi","floor":21,"turns":6},{"damage":9,"enemies":"Cultist and Chosen","floor":24,"turns":6},{"damage":10,"enemies":"Snake Plant","floor":28,"turns":4},{"damage":0,"enemies":"Snecko","floor":31,"turns":6},{"damage":40,"enemies":"Collector","floor":33,"turns":7},{"damage":19,"enemies":"3 Shapes","floor":35,"turns":4},{"damage":1,"enemies":"Orb Walker","floor":38,"turns":3},{"damage":19,"enemies":"Jaw Worm Horde","floor":39,"turns":3},{"damage":0,"enemies":"Transient","floor":41,"turns":5},{"damage":38,"enemies":"Sphere and 2 Shapes","floor":47,"turns":4},{"damage":29,"enemies":"4 Shapes","floor":48,"turns":1}],"seed_played":"-846356372735075119","potions_obtained":[{"floor":1,"key":"Regen Potion"},{"floor":7,"key":"EssenceOfSteel"},{"floor":8,"key":"FocusPotion"},{"floor":13,"key":"SkillPotion"}],"is_trial":false,"path_per_floor":["M","?","?","?","M","E","M","E","T","$","T","M","E","M","R","B",null,"M","?","M","M","?","R","M","R","T","$","M","$","R","M","R","B",null,"M","?","$","M","M","R","M","R","T","R","$","?","M","M"],"character_chosen":"DEFECT","items_purchased":["Defragment","Go for the Eyes","Heatsinks+1"],"campfire_rested":4,"item_purchase_floors":[10,29,37],"current_hp_per_floor":[75,60,60,60,60,60,57,42,42,42,42,41,7,5,27,11,75,66,66,65,46,46,46,37,59,59,59,49,49,49,49,71,31,80,61,61,61,60,41,65,65,65,65,65,65,65,27,0],"gold":44,"neow_bonus":"THREE_ENEMY_KILL","is_prod":false,"is_daily":false,"chose_seed":false,"campfire_upgraded":4,"win_rate":0.0,"timestamp":1562609945,"path_taken":["M","?","?","?","M","E","M","E","T","$","?","M","E","M","R","BOSS","M","?","M","M","?","R","M","R","T","$","M","$","R","?","R","BOSS","M","?","$","M","M","R","M","R","T","R","$","?","M","M"],"build_version":"2019-07-05","purchased_purges":5,"victory":false,"max_hp_per_floor":[75,75,75,75,75,75,75,75,75,75,75,75,75,75,75,75,75,75,75,75,75,75,75,75,75,75,75,75,75,75,75,75,75,80,80,80,80,80,80,80,80,80,80,80,80,80,80,80],"card_choices":[{"not_picked":["Ball Lightning","Barrage"],"picked":"Capacitor","floor":1},{"not_picked":["Gash","Hologram"],"picked":"Loop","floor":5},{"not_picked":["Compile Driver","Steam"],"picked":"Turbo","floor":6},{"not_picked":["Redo","Capacitor"],"picked":"Reinforced Body","floor":7},{"not_picked":["Doom and Gloom","Rebound"],"picked":"Heatsinks","floor":8},{"not_picked":["Lockon","Beam Cell"],"picked":"Genetic Algorithm","floor":12},{"not_picked":["Turbo","Amplify"],"picked":"Loop+1","floor":13},{"not_picked":["Chaos","Rebound"],"picked":"Rip and Tear","floor":14},{"not_picked":["Rebound","Hologram"],"picked":"Redo","floor":15},{"not_picked":["Amplify","Seek"],"picked":"Buffer+1","floor":16},{"not_picked":["Skim+1","Rebound+1"],"picked":"Sunder","floor":18},{"not_picked":["Leap+1","Doom and Gloom"],"picked":"Compile Driver+1","floor":20},{"not_picked":["Coolheaded+1","Aggregate"],"picked":"Go for the Eyes","floor":21},{"not_picked":["Barrage","Steam"],"picked":"Biased Cognition+1","floor":24},{"not_picked":["Lockon","BootSequence"],"picked":"Coolheaded","floor":25},{"not_picked":["Streamline","Static Discharge+1"],"picked":"Ball Lightning","floor":28},{"not_picked":["Go for the Eyes","Steam","Rebound"],"picked":"SKIP","floor":31},{"not_picked":["Capacitor+1","Beam Cell"],"picked":"Hologram","floor":32},{"not_picked":["Reboot","Core Surge"],"picked":"Creative AI+1","floor":33},{"not_picked":["Steam","Go for the Eyes+1"],"picked":"Redo","floor":34},{"not_picked":["Turbo","Rebound+1"],"picked":"Storm+1","floor":35},{"not_picked":["Genetic Algorithm","Beam Cell+1"],"picked":"Compile Driver+1","floor":38},{"not_picked":["Coolheaded+1","Sweeping Beam+1"],"picked":"Ball Lightning","floor":39},{"not_picked":["Compile Driver+1","Coolheaded+1"],"picked":"Lockon+1","floor":40},{"not_picked":["Compile Driver","Hologram"],"picked":"Thunder Strike","floor":41},{"not_picked":["Gash+1","Conserve Battery+1"],"picked":"Undo","floor":47}],"player_experience":63557,"relics_obtained":[{"floor":6,"key":"Tiny Chest"},{"floor":8,"key":"Torii"},{"floor":9,"key":"Matryoshka"},{"floor":11,"key":"Frozen Egg 2"},{"floor":11,"key":"Dream Catcher"},{"floor":13,"key":"Calipers"},{"floor":26,"key":"Omamori"},{"floor":26,"key":"Happy Flower"},{"floor":43,"key":"Juzu Bracelet"}],"event_choices":[{"damage_healed":0,"gold_gain":0,"player_choice":"Entered Light","damage_taken":15,"max_hp_gain":0,"max_hp_loss":0,"event_name":"Shining Light","floor":2,"gold_loss":0,"cards_upgraded":["Strike_B","Strike_B"]},{"damage_healed":0,"gold_gain":0,"player_choice":"Ignored","damage_taken":0,"max_hp_gain":0,"max_hp_loss":0,"event_name":"Liars Game","floor":3,"gold_loss":0},{"damage_healed":0,"gold_gain":0,"player_choice":"Ignored","damage_taken":0,"max_hp_gain":0,"max_hp_loss":0,"event_name":"Golden Idol","floor":4,"gold_loss":0},{"damage_healed":0,"gold_gain":0,"player_choice":"Read","damage_taken":0,"max_hp_gain":0,"max_hp_loss":0,"event_name":"The Library","floor":19,"gold_loss":0,"cards_obtained":["Skim"]},{"damage_healed":0,"gold_gain":100,"player_choice":"Pray","damage_taken":0,"max_hp_gain":0,"max_hp_loss":0,"event_name":"Golden Shrine","floor":22,"gold_loss":0},{"damage_healed":0,"gold_gain":0,"player_choice":"Ignored","damage_taken":0,"max_hp_gain":0,"max_hp_loss":0,"event_name":"Tomb of Lord Red Mask","floor":36,"gold_loss":0},{"damage_healed":0,"gold_gain":0,"player_choice":"1 cards matched","damage_taken":0,"max_hp_gain":0,"max_hp_loss":0,"event_name":"Match and Keep!","floor":46,"gold_loss":0,"cards_obtained":["Machine Learning"]}],"is_beta":false,"boss_relics":[{"not_picked":["Black Star","Runic Pyramid"],"picked":"Sozu"},{"not_picked":["Philosopher\u0027s Stone","Coffee Dripper"],"picked":"Tiny House"}],"items_purged_floors":[10,27,29,37,45],"is_endless":false,"potions_floor_spawned":[1,7,8,13,20,21,24,31,33,35,39,47],"killed_by":"4 Shapes","ascension_level":0}