{"gold_per_floor":[13,13,13,30,40,65,65,95,142,142,160,160,160,85,85,156,156,172,272,272,283,283],"floor_reached":22,"playtime":1029,"items_purged":["Strike_B"],"score":362,"play_id":"c81d4650-b9ca-4110-b7c3-abc8d9d2cc9a","local_time":"20190621062630","is_ascension_mode":true,"campfire_choices":[{"data":"Zap","floor":7,"key":"SMITH"},{"data":"Dualcast","floor":10,"key":"SMITH"},{"data":"Gash","floor":12,"key":"SMITH"},{"floor":15,"key":"REST"}],"neow_cost":"NO_GOLD","seed_source_timestamp":776428208748510,"circlet_count":0,"master_deck":["AscendersBane","Strike_B","Strike_B","Strike_B","Defend_B","Defend_B","Defend_B","Defend_B","Zap+1","Dualcast+1","Hologram+1","Reboot","Cold Snap","Capacitor","Melter","Gash+1","Electrodynamics","Cold Snap","FTL","Coolheaded"],"relics":["Cracked Core","Regal Pillow","Mango","Vajra","Omamori","Cursed Key","Gambling Chip","Shuriken"],"potions_floor_usage":[6,6,19,21],"damage_taken":[{"damage":2,"enemies":"Jaw Worm","floor":1,"turns":3},{"damage":1,"enemies":"Cultist","floor":4,"turns":3},{"damage":5,"enemies":"Small Slimes","floor":5,"turns":3},{"damage":29,"enemies":"Gremlin Nob","floor":6,"turns":5},{"damage":11,"enemies":"Looter","floor":11,"turns":3},{"damage":22,"enemies":"The Guardian","floor":16,"turns":10},{"damage":2,"enemies":"3 Byrds","floor":18,"turns":2},{"damage":27,"enemies":"Colosseum Slavers","floor":19,"turns":2},{"damage":20,"enemies":"Colosseum Nobs","floor":19,"turns":3},{"damage":10,"enemies":"2 Thieves","floor":21,"turns":3},{"damage":24,"enemies":"Snake Plant","floor":22,"turns":1}],"seed_played":"-1490330449258559291","potions_obtained":[{"floor":4,"key":"LiquidBronze"},{"floor":5,"key":"Regen Potion"},{"floor":16,"key":"SteroidPotion"},{"floor":19,"key":"SteroidPotion"},{"floor":20,"key":"Block Potion"}],"is_trial":false,"path_per_floor":["M","?","?","M","M","E","R","?","T","R","M","R","?","$","R","B",null,"M","?","?","M","M"],"character_chosen":"DEFECT","items_purchased":[],"campfire_rested":1,"item_purchase_floors":[],"current_hp_per_floor":[76,76,76,75,70,55,55,69,69,69,58,58,13,13,57,35,83,81,34,34,24,0],"gold":283,"neow_bonus":"TWENTY_PERCENT_HP_BONUS","is_prod":false,"is_daily":false,"chose_seed":false,"campfire_upgraded":3,"win_rate":0,"timestamp":1561112790,"path_taken":["M","?","?","M","?","E","R","?","T","R","M","R","?","?","R","BOSS","M","?","?","M","?"],"build_version":"2019-06-20","purchased_purges":1,"victory":false,"max_hp_per_floor":[85,85,85,85,85,85,85,99,99,99,99,99,99,99,99,99,99,99,99,99,99,99],"card_choices":[{"not_picked":["Barrage","Streamline"],"picked":"Hologram","floor":1},{"not_picked":["Leap","Consume"],"picked":"Cold Snap","floor":4},{"not_picked":["Steam","Reinforced Body"],"picked":"Capacitor","floor":5},{"not_picked":["Leap","Reinforced Body"],"picked":"Melter","floor":6},{"not_picked":["Redo","Hologram"],"picked":"Gash","floor":11},{"not_picked":["Multi-Cast","Thunder Strike"],"picked":"Electrodynamics","floor":16},{"not_picked":["Conserve Battery","Double Energy"],"picked":"Cold Snap","floor":18},{"not_picked":["Sweeping Beam","Auto Shields+1"],"picked":"FTL","floor":19},{"not_picked":["Blizzard","Double Energy"],"picked":"Coolheaded","floor":21}],"player_experience":640473,"relics_obtained":[{"floor":6,"key":"Regal Pillow"},{"floor":9,"key":"Vajra"},{"floor":19,"key":"Gambling Chip"},{"floor":19,"key":"Shuriken"}],"event_choices":[{"damage_healed":0,"gold_gain":0,"player_choice":"Grow","damage_taken":0,"max_hp_gain":0,"max_hp_loss":0,"event_name":"Living Wall","floor":2,"gold_loss":0,"cards_upgraded":["Hologram"]},{"damage_healed":0,"gold_gain":0,"player_choice":"1 cards matched","damage_taken":0,"max_hp_gain":0,"max_hp_loss":0,"event_name":"Match and Keep!","floor":3,"gold_loss":0,"cards_obtained":["Reboot"]},{"damage_healed":0,"gold_gain":30,"player_choice":"Searched \u00272\u0027 times","damage_taken":0,"relics_obtained":["Mango"],"max_hp_gain":0,"max_hp_loss":0,"event_name":"Dead Adventurer","floor":8,"gold_loss":0},{"damage_healed":0,"gold_gain":0,"player_choice":"Success","damage_taken":45,"relics_obtained":["Omamori"],"max_hp_gain":0,"max_hp_loss":0,"event_name":"Scrap Ooze","floor":13,"gold_loss":0},{"damage_healed":0,"gold_gain":0,"player_choice":"Fight","damage_taken":0,"max_hp_gain":0,"max_hp_loss":0,"event_name":"Colosseum","floor":19,"gold_loss":0},{"damage_healed":0,"gold_gain":0,"player_choice":"Fought Nobs","damage_taken":0,"max_hp_gain":0,"max_hp_loss":0,"event_name":"Colosseum","floor":19,"gold_loss":0},{"damage_healed":0,"gold_gain":0,"player_choice":"Got Potions","damage_taken":0,"max_hp_gain":0,"max_hp_loss":0,"event_name":"Lab","floor":20,"gold_loss":0}],"is_beta":true,"boss_relics":[{"not_picked":["Runic Pyramid","Busted Crown"],"picked":"Cursed Key"}],"items_purged_floors":[14],"is_endless":false,"potions_floor_spawned":[4,5,16,19],"killed_by":"Snake Plant","ascension_level":17}