{"gold_per_floor":[116,116,116,130,146,146,176,176,251,266,284,319,339,339,339,436,436,455,182,182,197,1,1,1,1,1,11,40,40,65,84,84,186,186,205,205,57,57,57,57,9,33,33,46,6,6,22,41,41,41],"floor_reached":50,"playtime":1581,"items_purged":["Strike_R","Shame"],"score":538,"play_id":"459b9aa0-ee5a-47b6-8a8a-441e34a829d1","local_time":"20190328181338","is_ascension_mode":false,"campfire_choices":[{"data":"Sword Boomerang","floor":6,"key":"SMITH"},{"data":"Inflame","floor":8,"key":"SMITH"},{"data":"Flame Barrier","floor":15,"key":"SMITH"},{"data":"Shrug It Off","floor":23,"key":"SMITH"},{"data":"Whirlwind","floor":29,"key":"SMITH"},{"data":"Shrug It Off","floor":32,"key":"SMITH"},{"data":"Limit Break","floor":40,"key":"SMITH"},{"data":"Sword Boomerang","floor":46,"key":"SMITH"},{"data":"Pommel Strike","floor":49,"key":"SMITH"}],"neow_cost":"PERCENT_DAMAGE","seed_source_timestamp":1238983514477063,"circlet_count":0,"master_deck":["Strike_R+1","Defend_R","Defend_R","Defend_R","Defend_R","Bash","Sword Boomerang+1","Shrug It Off+1","Sword Boomerang+1","Inflame+1","Flame Barrier+1","True Grit+1","Decay","Shrug It Off+1","Whirlwind+1","Sword Boomerang+1","Limit Break+1","Dropkick","Pommel Strike","Pommel Strike+1","Evolve+1"],"relics":["Burning Blood","Oddly Smooth Stone","Vajra","Singing Bowl","Coffee Dripper","Toolbox","Nloth\u0027s Gift","HandDrill","Self Forming Clay","Frozen Egg 2","Ancient Tea Set","Whetstone","Velvet Choker","Pen Nib","Meat on the Bone"],"potions_floor_usage":[7,7,12,27,27,27,28,47,50],"damage_taken":[{"damage":10,"enemies":"Jaw Worm","floor":1,"turns":4},{"damage":0,"enemies":"Small Slimes","floor":4,"turns":4},{"damage":6,"enemies":"Cultist","floor":5,"turns":3},{"damage":36,"enemies":"3 Sentries","floor":7,"turns":9},{"damage":1,"enemies":"Large Slime","floor":10,"turns":4},{"damage":0,"enemies":"2 Fungi Beasts","floor":11,"turns":2},{"damage":14,"enemies":"Lagavulin","floor":12,"turns":9},{"damage":6,"enemies":"Lots of Slimes","floor":13,"turns":3},{"damage":0,"enemies":"Slime Boss","floor":16,"turns":3},{"damage":0,"enemies":"Chosen","floor":18,"turns":3},{"damage":0,"enemies":"Spheric Guardian","floor":21,"turns":2},{"damage":3,"enemies":"Centurion and Healer","floor":27,"turns":4},{"damage":4,"enemies":"Book of Stabbing","floor":28,"turns":4},{"damage":34,"enemies":"Slavers","floor":30,"turns":5},{"damage":12,"enemies":"Shelled Parasite and Fungi","floor":31,"turns":5},{"damage":27,"enemies":"Champ","floor":33,"turns":7},{"damage":37,"enemies":"3 Shapes","floor":35,"turns":3},{"damage":0,"enemies":"Orb Walker","floor":44,"turns":2},{"damage":24,"enemies":"Maw","floor":47,"turns":5},{"damage":2,"enemies":"Transient","floor":48,"turns":5},{"damage":76,"enemies":"Awakened One","floor":50,"turns":6}],"seed_played":"6636682009500312652","potions_obtained":[{"floor":4,"key":"EntropicBrew"},{"floor":7,"key":"BloodPotion"},{"floor":12,"key":"Energy Potion"},{"floor":18,"key":"Fire Potion"},{"floor":27,"key":"SteroidPotion"},{"floor":35,"key":"SkillPotion"},{"floor":47,"key":"FearPotion"}],"is_trial":false,"path_per_floor":["M","?","?","M","M","R","E","R","T","M","M","E","M","?","R","B",null,"M","$","?","M","$","R","?","?","T","M","E","R","E","M","R","B",null,"M","?","$","?","?","R","$","T","T","M","$","R","M","M","R","B"],"character_chosen":"IRONCLAD","items_purchased":["Toolbox","HandDrill","Pommel Strike","Pommel Strike","Evolve+1"],"campfire_rested":0,"item_purchase_floors":[19,22,37,41,45],"current_hp_per_floor":[52,45,80,80,80,80,50,50,50,55,63,65,70,70,70,81,88,90,90,90,90,90,90,90,90,90,90,90,90,62,58,58,37,92,61,61,61,61,61,61,61,61,61,69,69,69,53,59,59,0],"gold":41,"neow_bonus":"TRANSFORM_TWO_CARDS","is_prod":false,"is_daily":false,"chose_seed":false,"campfire_upgraded":9,"win_rate":0.0,"timestamp":1553811218,"path_taken":["M","?","?","?","M","R","E","R","T","M","M","E","M","?","R","BOSS","M","$","?","?","$","R","?","?","T","?","E","R","E","M","R","BOSS","M","?","$","?","?","R","?","?","T","M","$","R","M","M","R","BOSS"],"build_version":"2019-01-23","purchased_purges":2,"victory":false,"max_hp_per_floor":[80,80,80,80,80,80,80,80,80,80,82,84,86,86,86,88,88,90,90,90,90,90,90,90,90,90,90,90,90,90,92,92,92,92,92,92,92,87,87,87,87,87,87,89,89,89,91,93,93,93],"card_choices":[{"not_picked":["Thunderclap","Anger"],"picked":"Shrug It Off","floor":1},{"not_picked":["Fire Breathing","Heavy Blade"],"picked":"Sword Boomerang","floor":4},{"not_picked":["Iron Wave","Dual Wield","Sentinel"],"picked":"SKIP","floor":5},{"not_picked":["Bludgeon","Hemokinesis"],"picked":"Inflame","floor":7},{"not_picked":["Clash","Carnage"],"picked":"Flame Barrier","floor":10},{"not_picked":["Iron Wave","Searing Blow","Headbutt"],"picked":"Singing Bowl","floor":11},{"not_picked":["Power Through","Clash","Flex"],"picked":"Singing Bowl","floor":12},{"not_picked":["Headbutt","Anger","Burning Pact"],"picked":"SKIP","floor":13},{"not_picked":["Headbutt","Anger","Burning Pact"],"picked":"Singing Bowl","floor":13},{"not_picked":["Brutality","Juggernaut","Bludgeon"],"picked":"Singing Bowl","floor":16},{"not_picked":["Intimidate","Cleave","Warcry"],"picked":"Singing Bowl","floor":18},{"not_picked":["Pummel","Perfected Strike"],"picked":"True Grit+1","floor":21},{"not_picked":["Twin Strike+1","Cleave"],"picked":"Shrug It Off","floor":27},{"not_picked":["Double Tap","Headbutt+1"],"picked":"Whirlwind","floor":28},{"not_picked":["Pommel Strike+1","Twin Strike"],"picked":"Sword Boomerang","floor":30},{"not_picked":["Sever Soul","Body Slam","Juggernaut+1"],"picked":"Singing Bowl","floor":31},{"not_picked":["Double Tap","Fiend Fire"],"picked":"Limit Break","floor":33},{"not_picked":["Sword Boomerang+1","Shockwave+1"],"picked":"Dropkick","floor":35},{"not_picked":["Clash","Twin Strike+1","Impervious"],"picked":"Singing Bowl","floor":44},{"not_picked":["Metallicize+1","Uppercut","Armaments+1"],"picked":"Singing Bowl","floor":47},{"not_picked":["Twin Strike+1","Thunderclap","Burning Pact"],"picked":"Singing Bowl","floor":48}],"player_experience":70661,"relics_obtained":[{"floor":7,"key":"Vajra"},{"floor":9,"key":"Singing Bowl"},{"floor":12,"key":"Magic Flower"},{"floor":26,"key":"Frozen Egg 2"},{"floor":28,"key":"Ancient Tea Set"},{"floor":30,"key":"Whetstone"},{"floor":42,"key":"Pen Nib"},{"floor":43,"key":"Meat on the Bone"}],"event_choices":[{"damage_healed":0,"gold_gain":0,"player_choice":"Success","damage_taken":7,"relics_obtained":["Oddly Smooth Stone"],"max_hp_gain":0,"max_hp_loss":0,"event_name":"Scrap Ooze","floor":2,"gold_loss":0},{"cards_removed":["Rupture"],"damage_healed":35,"gold_gain":0,"player_choice":"Offered Uncommon","damage_taken":0,"max_hp_gain":0,"max_hp_loss":0,"event_name":"Bonfire Elementals","floor":3,"gold_loss":0},{"damage_healed":0,"gold_gain":0,"player_choice":"Grow","damage_taken":0,"max_hp_gain":0,"max_hp_loss":0,"event_name":"Living Wall","floor":14,"gold_loss":0,"cards_upgraded":["Sword Boomerang"]},{"damage_healed":0,"gold_gain":0,"player_choice":"Traded Relic","damage_taken":0,"relics_obtained":["Nloth\u0027s Gift"],"max_hp_gain":0,"max_hp_loss":0,"event_name":"N\u0027loth","floor":20,"relics_lost":["Magic Flower"],"gold_loss":0},{"damage_healed":0,"gold_gain":0,"player_choice":"Stole Relic","damage_taken":0,"relics_obtained":["Self Forming Clay"],"max_hp_gain":0,"max_hp_loss":0,"event_name":"Addict","floor":24,"gold_loss":0,"cards_obtained":["Shame"]},{"damage_healed":0,"gold_gain":0,"player_choice":"Cursed","damage_taken":0,"max_hp_gain":0,"max_hp_loss":0,"event_name":"Wheel of Change","floor":25,"gold_loss":0,"cards_obtained":["Decay"]},{"damage_healed":0,"gold_gain":0,"player_choice":"Ignored","damage_taken":0,"max_hp_gain":0,"max_hp_loss":0,"event_name":"Mysterious Sphere","floor":36,"gold_loss":0},{"damage_healed":0,"gold_gain":0,"player_choice":"Max HP","damage_taken":0,"max_hp_gain":0,"max_hp_loss":5,"event_name":"Winding Halls","floor":38,"gold_loss":0},{"cards_removed":["Strike_R"],"damage_healed":0,"gold_gain":0,"player_choice":"Removed Attack","damage_taken":0,"max_hp_gain":0,"max_hp_loss":0,"event_name":"Falling","floor":39,"gold_loss":0}],"is_beta":false,"boss_relics":[{"not_picked":["White Beast Statue","Philosopher\u0027s Stone"],"picked":"Coffee Dripper"},{"not_picked":["Fusion Hammer","Runic Cube"],"picked":"Velvet Choker"}],"items_purged_floors":[19,37],"is_endless":false,"potions_floor_spawned":[4,7,11,12,18,27,35,47],"killed_by":"Awakened One","ascension_level":0}