{"gold_per_floor":[118,118,118,130,205,205,216,216,216,241,258,271,290,290,290,388,388,406,506,506,506,506,506,204,204,284,46,46],"floor_reached":28,"playtime":890,"items_purged":["Strike_R"],"score":257,"play_id":"8ed1f593-5321-418a-be77-4dd2ad905d56","local_time":"20190709130239","is_ascension_mode":true,"campfire_choices":[{"data":"Double Tap","floor":6,"key":"SMITH"},{"data":"Feel No Pain","floor":8,"key":"SMITH"},{"data":"Clash","floor":15,"key":"SMITH"},{"floor":23,"key":"REST"},{"data":"Barricade","floor":25,"key":"SMITH"}],"neow_cost":"PERCENT_DAMAGE","seed_source_timestamp":931255193213800,"circlet_count":0,"master_deck":["Strike_R","Defend_R","Defend_R","Defend_R","Defend_R","Bash","Clash+1","Double Tap+1","Sword Boomerang","Feel No Pain+1","Corruption","Sentinel","True Grit","Shrug It Off","Barricade+1","Clash+1","Rampage","Decay","Reckless Charge","Wild Strike","Shrug It Off+1"],"relics":["Burning Blood","Charon\u0027s Ashes","Ancient Tea Set","Darkstone Periapt","Letter Opener","Philosopher\u0027s Stone","Pocketwatch","Toxic Egg 2","HandDrill","Bottled Flame","Matryoshka"],"potions_floor_usage":[11,13,18,28],"damage_taken":[{"damage":6,"enemies":"Jaw Worm","floor":1,"turns":5},{"damage":6,"enemies":"2 Louse","floor":4,"turns":3},{"damage":0,"enemies":"Small Slimes","floor":7,"turns":3},{"damage":32,"enemies":"Lagavulin","floor":10,"turns":6},{"damage":10,"enemies":"2 Fungi Beasts","floor":11,"turns":3},{"damage":11,"enemies":"3 Louse","floor":12,"turns":3},{"damage":6,"enemies":"Looter","floor":13,"turns":4},{"damage":18,"enemies":"The Guardian","floor":16,"turns":12},{"damage":20,"enemies":"Chosen","floor":18,"turns":5},{"damage":5,"enemies":"Colosseum Slavers","floor":19,"turns":3},{"damage":63,"enemies":"Colosseum Nobs","floor":19,"turns":8},{"damage":47,"enemies":"Book of Stabbing","floor":28,"turns":5}],"seed_played":"6862745486456419214","potions_obtained":[{"floor":10,"key":"Regen Potion"},{"floor":12,"key":"FearPotion"},{"floor":13,"key":"SpeedPotion"},{"floor":16,"key":"Block Potion"},{"floor":19,"key":"Energy Potion"}],"is_trial":false,"path_per_floor":["M","?","?","M","?","R","M","R","T","E","M","M","M","?","R","B",null,"M","?","?","?","?","R","$","R","T","$","E"],"character_chosen":"IRONCLAD","items_purchased":["HandDrill","Shrug It Off+1","Matryoshka"],"campfire_rested":1,"item_purchase_floors":[24,24,27],"current_hp_per_floor":[56,56,49,49,38,38,44,44,44,18,19,14,14,40,40,28,80,66,10,16,16,16,41,41,41,41,41,0],"gold":46,"neow_bonus":"ONE_RARE_RELIC","is_prod":false,"is_daily":false,"chose_seed":false,"campfire_upgraded":4,"win_rate":0,"timestamp":1562691759,"path_taken":["M","?","?","M","?","R","M","R","T","E","M","M","M","?","R","BOSS","M","?","?","?","?","R","$","R","T","?","E"],"build_version":"2019-01-23","purchased_purges":1,"victory":false,"max_hp_per_floor":[80,80,80,80,80,80,80,80,80,80,80,80,80,80,80,80,80,80,80,86,86,86,86,86,86,86,86,86],"card_choices":[{"not_picked":["Wild Strike","Warcry"],"picked":"Clash","floor":1},{"not_picked":["Berserk","Clothesline"],"picked":"Sword Boomerang","floor":4},{"not_picked":["Shrug It Off","Twin Strike"],"picked":"Feel No Pain","floor":7},{"not_picked":["Iron Wave","Clash"],"picked":"Corruption","floor":10},{"not_picked":["Iron Wave","Heavy Blade"],"picked":"Sentinel","floor":11},{"not_picked":["Flex","Body Slam"],"picked":"True Grit","floor":12},{"not_picked":["Flex","True Grit"],"picked":"Shrug It Off","floor":13},{"not_picked":["Exhume","Feed"],"picked":"Barricade","floor":16},{"not_picked":["Sword Boomerang","Havoc+1"],"picked":"Clash+1","floor":18},{"not_picked":["Hemokinesis","Clash"],"picked":"Rampage","floor":19}],"player_experience":191771,"relics_obtained":[{"floor":9,"key":"Darkstone Periapt"},{"floor":10,"key":"Letter Opener"},{"floor":19,"key":"Pocketwatch"},{"floor":19,"key":"Toxic Egg 2"},{"floor":26,"key":"Bottled Flame"}],"event_choices":[{"damage_healed":0,"gold_gain":0,"cards_transformed":["Strike_R"],"player_choice":"Change","damage_taken":0,"max_hp_gain":0,"max_hp_loss":0,"event_name":"Living Wall","floor":2,"gold_loss":0,"cards_obtained":["Double Tap"]},{"damage_healed":0,"gold_gain":0,"player_choice":"Success","damage_taken":7,"relics_obtained":["Ancient Tea Set"],"max_hp_gain":0,"max_hp_loss":0,"event_name":"Scrap Ooze","floor":3,"gold_loss":0},{"damage_healed":0,"gold_gain":75,"player_choice":"Gather Gold","damage_taken":11,"max_hp_gain":0,"max_hp_loss":0,"event_name":"World of Goop","floor":5,"gold_loss":0},{"damage_healed":26,"gold_gain":0,"player_choice":"Banana","damage_taken":0,"max_hp_gain":0,"max_hp_loss":0,"event_name":"Big Fish","floor":14,"gold_loss":0},{"damage_healed":0,"gold_gain":0,"player_choice":"Fight","damage_taken":0,"max_hp_gain":0,"max_hp_loss":0,"event_name":"Colosseum","floor":19,"gold_loss":0},{"damage_healed":0,"gold_gain":0,"player_choice":"Fought Nobs","damage_taken":0,"max_hp_gain":0,"max_hp_loss":0,"event_name":"Colosseum","floor":19,"gold_loss":0},{"damage_healed":0,"gold_gain":0,"player_choice":"Smashed Altar","damage_taken":0,"max_hp_gain":0,"max_hp_loss":0,"event_name":"Forgotten Altar","floor":20,"gold_loss":0,"cards_obtained":["Decay"]},{"damage_healed":0,"gold_gain":0,"player_choice":"Ignored","damage_taken":0,"max_hp_gain":0,"max_hp_loss":0,"event_name":"The Mausoleum","floor":21,"gold_loss":0},{"damage_healed":0,"gold_gain":0,"cards_transformed":["Strike_R","Strike_R"],"player_choice":"Became Test Subject","damage_taken":0,"max_hp_gain":0,"max_hp_loss":0,"event_name":"Drug Dealer","floor":22,"gold_loss":0,"cards_obtained":["Reckless Charge","Wild Strike"]}],"is_beta":false,"boss_relics":[{"not_picked":["Calling Bell","Orrery"],"picked":"Philosopher\u0027s Stone"}],"items_purged_floors":[24],"is_endless":false,"potions_floor_spawned":[10,12,13,16,19,19],"killed_by":"Book of Stabbing","ascension_level":4}