{"gold_per_floor":[115,115,136,136,161,161,194,217,217,240,240,111,130,143,143,232,232,253,73,73,96,96,96,96],"floor_reached":24,"playtime":1293,"items_purged":["Pain","Strike_B"],"score":376,"play_id":"13c0c14e-458d-4c2e-969e-dd7e0fa70666","local_time":"20190709082540","is_ascension_mode":true,"campfire_choices":[{"floor":6,"key":"REST"},{"floor":11,"key":"REST"},{"floor":15,"key":"REST"},{"floor":23,"key":"REST"}],"neow_cost":"NONE","seed_source_timestamp":352107233916864,"circlet_count":0,"master_deck":["AscendersBane","Strike_B","Strike_B","Defend_B","Defend_B","Defend_B","Defend_B","Zap","Dualcast","Hologram","Cold Snap","Double Energy","Blizzard","Biased Cognition","Capacitor","Seek","Barrage","Glacier","Loop","Chill"],"relics":["Cracked Core","Golden Idol","WarpedTongs","Juzu Bracelet","Smiling Mask","Fusion Hammer"],"potions_floor_usage":[13,24],"damage_taken":[{"damage":27,"enemies":"Small Slimes","floor":1,"turns":4},{"damage":7,"enemies":"Jaw Worm","floor":3,"turns":2},{"damage":2,"enemies":"Cultist","floor":5,"turns":3},{"damage":17,"enemies":"Lagavulin","floor":7,"turns":6},{"damage":13,"enemies":"Red Slaver","floor":8,"turns":3},{"damage":11,"enemies":"Exordium Wildlife","floor":10,"turns":3},{"damage":10,"enemies":"Lots of Slimes","floor":13,"turns":2},{"damage":3,"enemies":"Blue Slaver","floor":14,"turns":3},{"damage":36,"enemies":"Hexaghost","floor":16,"turns":12},{"damage":19,"enemies":"3 Byrds","floor":18,"turns":4},{"damage":14,"enemies":"Shell Parasite","floor":21,"turns":4},{"damage":53,"enemies":"Slavers","floor":24,"turns":7}],"seed_played":"-4888813656748011363","potions_obtained":[{"floor":3,"key":"Explosive Potion"},{"floor":7,"key":"SkillPotion"},{"floor":8,"key":"EssenceOfSteel"},{"floor":13,"key":"FairyPotion"}],"is_trial":false,"path_per_floor":["M","?","M","?","M","R","E","M","T","M","R","$","M","M","R","B",null,"M","$","?","M","?","R","E"],"character_chosen":"DEFECT","items_purchased":["Capacitor","Glacier","Loop"],"campfire_rested":4,"item_purchase_floors":[12,19,19],"current_hp_per_floor":[37,37,30,30,28,47,30,17,17,6,25,25,15,12,31,6,50,31,31,74,60,60,74,21],"gold":96,"neow_bonus":"TRANSFORM_CARD","is_prod":false,"is_daily":false,"chose_seed":false,"campfire_upgraded":0,"win_rate":0,"timestamp":1562675140,"path_taken":["M","?","M","?","?","R","E","M","T","M","R","?","M","M","R","BOSS","M","$","?","M","?","R","E"],"build_version":"2019-07-03","purchased_purges":2,"victory":false,"max_hp_per_floor":[71,64,64,64,64,64,64,64,64,64,64,64,64,64,64,64,64,64,64,74,74,74,74,74],"card_choices":[{"not_picked":["Consume","Sweeping Beam"],"picked":"Hologram","floor":1},{"not_picked":["Force Field","Capacitor"],"picked":"Cold Snap","floor":3},{"not_picked":["Conserve Battery","Lockon","Melter"],"picked":"SKIP","floor":5},{"not_picked":["Consume","Steam"],"picked":"Double Energy","floor":7},{"not_picked":["Go for the Eyes","Melter"],"picked":"Blizzard","floor":8},{"not_picked":["Hologram","Barrage"],"picked":"Biased Cognition","floor":10},{"not_picked":["Steam","Fusion","Conserve Battery"],"picked":"SKIP","floor":13},{"not_picked":["Chaos","Scrape","Turbo"],"picked":"SKIP","floor":14},{"not_picked":["Machine Learning","Hyperbeam"],"picked":"Seek","floor":16},{"not_picked":["Streamline","Go for the Eyes"],"picked":"Barrage","floor":18},{"not_picked":["Rebound","Stack"],"picked":"Chill","floor":21}],"player_experience":729868,"relics_obtained":[{"floor":7,"key":"Juzu Bracelet"},{"floor":9,"key":"Smiling Mask"}],"event_choices":[{"damage_healed":0,"gold_gain":0,"player_choice":"Lose Max HP","damage_taken":0,"relics_obtained":["Golden Idol"],"max_hp_gain":0,"max_hp_loss":7,"event_name":"Golden Idol","floor":2,"gold_loss":0},{"damage_healed":0,"gold_gain":0,"player_choice":"Rummage","damage_taken":0,"relics_obtained":["WarpedTongs"],"max_hp_gain":0,"max_hp_loss":0,"event_name":"Accursed Blacksmith","floor":4,"gold_loss":0,"cards_obtained":["Pain"]},{"cards_removed":["Rainbow"],"damage_healed":33,"gold_gain":0,"player_choice":"Offered Rare","damage_taken":0,"max_hp_gain":10,"max_hp_loss":0,"event_name":"Bonfire Elementals","floor":20,"gold_loss":0},{"damage_healed":0,"gold_gain":0,"player_choice":"Ignored","damage_taken":0,"max_hp_gain":0,"max_hp_loss":0,"event_name":"Vampires","floor":22,"gold_loss":0}],"is_beta":true,"boss_relics":[{"not_picked":["Runic Pyramid","Inserter"],"picked":"Fusion Hammer"}],"items_purged_floors":[12,19],"is_endless":false,"potions_floor_spawned":[3,7,8,13,14],"killed_by":"Slavers","ascension_level":18}