{"gold_per_floor":[109,124,124,141,160,185,185,217,217,93,110,110,110,130,130,130],"floor_reached":16,"playtime":779,"items_purged":["Strike_B"],"score":190,"play_id":"55f05df7-c63d-494e-a485-14b426cdceda","local_time":"20190710105830","is_ascension_mode":true,"campfire_choices":[{"data":"Zap","floor":7.0,"key":"SMITH"},{"floor":12.0,"key":"REST"},{"floor":15,"key":"REST"}],"neow_cost":"TEN_PERCENT_HP_LOSS","seed_source_timestamp":1031410991552440,"circlet_count":0,"master_deck":["AscendersBane","Strike_B","Strike_B","Strike_B","Defend_B","Defend_B","Defend_B","Defend_B","Zap+1","Dualcast","Rainbow+1","Steam","Lockon","Static Discharge","Loop","Compile Driver","Coolheaded","Melter"],"special_seed":0,"relics":["Cracked Core","WingedGreaves","Omamori","Singing Bowl","Girya"],"potions_floor_usage":[],"damage_taken":[{"damage":2.0,"enemies":"Jaw Worm","floor":1.0,"turns":4.0},{"damage":0.0,"enemies":"Cultist","floor":2.0,"turns":4.0},{"damage":6.0,"enemies":"Small Slimes","floor":4.0,"turns":3.0},{"damage":4.0,"enemies":"Red Slaver","floor":5.0,"turns":3.0},{"damage":15.0,"enemies":"Lagavulin","floor":6.0,"turns":5.0},{"damage":24.0,"enemies":"Gremlin Nob","floor":8.0,"turns":4.0},{"damage":0.0,"enemies":"Large Slime","floor":11.0,"turns":4.0},{"damage":30,"enemies":"Lots of Slimes","floor":14,"turns":4},{"damage":22,"enemies":"The Guardian","floor":16,"turns":8}],"seed_played":"1832728843926029360","potions_obtained":[{"floor":4.0,"key":"Poison Potion"},{"floor":6.0,"key":"Ancient Potion"}],"is_trial":false,"path_per_floor":["M","M","?","M","M","E","R","E","T","$","M","R","?","M","R","B"],"character_chosen":"DEFECT","items_purchased":["Compile Driver"],"campfire_rested":2,"item_purchase_floors":[10],"current_hp_per_floor":[62,62,62,56,52,37,37,13,13,13,13,32,32,2,21,0],"gold":130,"neow_bonus":"THREE_RARE_CARDS","is_prod":false,"is_daily":false,"chose_seed":false,"campfire_upgraded":1,"win_rate":0,"timestamp":1562727510,"path_taken":["M","M","?","M","?","E","R","E","T","$","M","R","?","M","R","BOSS"],"build_version":"2019-07-05","purchased_purges":1,"victory":false,"max_hp_per_floor":[64,64,64,64,64,64,64,64,64,64,64,64,64,64,64,64],"card_choices":[{"not_picked":["Fission","Thunder Strike"],"picked":"Rainbow","floor":0.0},{"not_picked":["Beam Cell","Force Field","Turbo"],"picked":"SKIP","floor":1.0},{"not_picked":["Barrage","Reinforced Body"],"picked":"Steam","floor":2.0},{"not_picked":["Capacitor","Rebound"],"picked":"Lockon","floor":4.0},{"not_picked":["Rebound","Amplify","Force Field"],"picked":"SKIP","floor":5.0},{"not_picked":["Self Repair","Glacier"],"picked":"Static Discharge","floor":6.0},{"not_picked":["Scrape","Double Energy","Loop"],"picked":"SKIP","floor":8.0},{"not_picked":["Scrape","Double Energy"],"picked":"Loop","floor":8.0},{"not_picked":["Steam","Capacitor"],"picked":"Coolheaded","floor":11.0},{"not_picked":["Compile Driver","Steam"],"picked":"Melter","floor":14}],"player_experience":834940,"relics_obtained":[{"floor":6.0,"key":"WingedGreaves"},{"floor":8.0,"key":"Omamori"},{"floor":9.0,"key":"Singing Bowl"}],"event_choices":[{"damage_healed":0.0,"max_hp_gain":0.0,"max_hp_loss":0.0,"gold_gain":0.0,"event_name":"Upgrade Shrine","player_choice":"Upgraded","floor":3.0,"gold_loss":0.0,"damage_taken":0.0,"cards_upgraded":["Rainbow"]},{"damage_healed":0,"gold_gain":0,"player_choice":"Box","damage_taken":0,"relics_obtained":["Girya"],"max_hp_gain":0,"max_hp_loss":0,"event_name":"Big Fish","floor":13,"gold_loss":0,"cards_obtained":["Regret"]}],"is_beta":false,"boss_relics":[],"items_purged_floors":[10],"is_endless":false,"potions_floor_spawned":[4,6,14],"killed_by":"The Guardian","ascension_level":14}