{"gold_per_floor":[117,117,128,128,128,128,153,153,176,188,188,188],"floor_reached":12,"playtime":328,"items_purged":[],"score":152,"play_id":"9e942864-8a8c-48ad-8179-57e5b62ed2f1","local_time":"20190707204807","is_ascension_mode":true,"campfire_choices":[{"data":"Backflip","floor":6,"key":"SMITH"},{"data":"Leg Sweep","floor":8,"key":"SMITH"},{"floor":11,"key":"REST"}],"neow_cost":"NONE","seed_source_timestamp":1099922711312000,"circlet_count":0,"master_deck":["AscendersBane","Strike_G","Strike_G","Strike_G","Strike_G","Strike_G","Defend_G","Defend_G","Defend_G","Defend_G","Survivor","Neutralize","Backflip+1","Neutralize","Cloak And Dagger","Dodge and Roll","Leg Sweep+1","Well Laid Plans"],"special_seed":0,"relics":["Ring of the Snake","Darkstone Periapt","Orichalcum"],"potions_floor_usage":[12],"damage_taken":[{"damage":8.0,"enemies":"Jaw Worm","floor":1.0,"turns":6.0},{"damage":8,"enemies":"Cultist","floor":3,"turns":5},{"damage":33,"enemies":"3 Sentries","floor":7,"turns":15},{"damage":0,"enemies":"2 Louse","floor":10,"turns":3},{"damage":31,"enemies":"Gremlin Nob","floor":12,"turns":6}],"seed_played":"1750964251995124981","potions_obtained":[{"floor":7,"key":"AttackPotion"}],"is_trial":false,"path_per_floor":["M","?","M","$","?","R","E","R","T","M","R","E"],"character_chosen":"THE_SILENT","items_purchased":[],"campfire_rested":1,"item_purchase_floors":[],"current_hp_per_floor":[57,57,49,49,42,42,9,9,9,9,30,0],"gold":188,"neow_bonus":"TEN_PERCENT_HP_BONUS","is_prod":false,"is_daily":false,"chose_seed":false,"campfire_upgraded":2,"win_rate":0,"timestamp":1562503687,"path_taken":["M","?","?","$","?","R","E","R","T","M","R","E"],"build_version":"2019-07-05","purchased_purges":0,"victory":false,"max_hp_per_floor":[72,72,72,72,72,72,72,72,72,72,72,72],"card_choices":[{"not_picked":["Slice","Terror"],"picked":"Backflip","floor":1.0},{"not_picked":["Concentrate","Quick Slash"],"picked":"Dodge and Roll","floor":3},{"not_picked":["Poisoned Stab","Heel Hook"],"picked":"Leg Sweep","floor":7},{"not_picked":["Cloak And Dagger","Dagger Spray"],"picked":"Well Laid Plans","floor":10}],"player_experience":756652,"relics_obtained":[{"floor":7,"key":"Darkstone Periapt"},{"floor":9,"key":"Orichalcum"}],"event_choices":[{"damage_healed":0,"gold_gain":0,"player_choice":"2 cards matched","damage_taken":0,"max_hp_gain":0,"max_hp_loss":0,"event_name":"Match and Keep!","floor":2,"gold_loss":0,"cards_obtained":["Neutralize","Cloak And Dagger"]},{"cards_removed":["Defend_G"],"damage_healed":0,"gold_gain":0,"player_choice":"Card Removal","damage_taken":7,"max_hp_gain":0,"max_hp_loss":0,"event_name":"Golden Wing","floor":5,"gold_loss":0}],"is_beta":false,"boss_relics":[],"items_purged_floors":[],"is_endless":false,"potions_floor_spawned":[7],"killed_by":"Gremlin Nob","ascension_level":20}