{"gold_per_floor":[111,126,126,126,142,142,177,201,279,292,292,316,316,316],"floor_reached":14,"playtime":404,"items_purged":[],"score":106,"play_id":"1bd7ccf9-1ba1-4a25-82b1-b163a4da0769","local_time":"20190703113526","is_ascension_mode":true,"campfire_choices":[{"data":"Entrench","floor":6,"key":"SMITH"},{"data":"Shrug It Off","floor":13,"key":"SMITH"}],"neow_cost":"NONE","seed_source_timestamp":408105235943400,"circlet_count":0,"master_deck":["Strike_R","Strike_R","Strike_R","Strike_R","Strike_R","Defend_R","Defend_R","Defend_R","Defend_R","Bash+1","Entrench+1","Thunderclap","Thunderclap","Armaments","Shrug It Off+1","Shrug It Off+1"],"relics":["Burning Blood","Golden Idol","Ice Cream","Mummified Hand"],"potions_floor_usage":[2,12,14,14,14,14],"damage_taken":[{"damage":4,"enemies":"Small Slimes","floor":1,"turns":3},{"damage":2,"enemies":"Jaw Worm","floor":2,"turns":4},{"damage":8,"enemies":"2 Louse","floor":5,"turns":3},{"damage":32,"enemies":"Gremlin Nob","floor":7,"turns":4},{"damage":23,"enemies":"Red Slaver","floor":8,"turns":4},{"damage":18,"enemies":"Looter","floor":10,"turns":4},{"damage":9,"enemies":"Blue Slaver","floor":12,"turns":5},{"damage":19,"enemies":"3 Sentries","floor":14,"turns":6}],"seed_played":"-4526602431172219762","potions_obtained":[{"floor":1,"key":"Poison Potion"},{"floor":8,"key":"Weak Potion"},{"floor":12,"key":"EntropicBrew"}],"is_trial":false,"path_per_floor":["M","M","?","?","M","R","E","M","T","M","?","M","R","E"],"character_chosen":"IRONCLAD","items_purchased":[],"campfire_rested":0,"item_purchase_floors":[],"current_hp_per_floor":[80,80,74,79,77,77,51,34,34,22,22,19,19,0],"gold":316,"neow_bonus":"UPGRADE_CARD","is_prod":false,"is_daily":false,"chose_seed":false,"campfire_upgraded":2,"win_rate":0,"timestamp":1562168126,"path_taken":["M","M","?","?","M","R","E","M","T","M","?","?","R","E"],"build_version":"2019-01-23","purchased_purges":0,"victory":false,"max_hp_per_floor":[80,80,74,79,79,79,79,79,79,79,79,79,79,79],"card_choices":[{"not_picked":["Wild Strike","Thunderclap"],"picked":"Entrench","floor":1},{"not_picked":["Iron Wave","Hemokinesis"],"picked":"Thunderclap","floor":2},{"not_picked":["Rampage","Second Wind"],"picked":"Thunderclap","floor":5},{"not_picked":["Corruption","Perfected Strike","Clothesline"],"picked":"SKIP","floor":7},{"not_picked":["Twin Strike","Thunderclap"],"picked":"Armaments","floor":8},{"not_picked":["Burning Pact","Blood for Blood"],"picked":"Shrug It Off","floor":10},{"not_picked":["Heavy Blade","Rampage"],"picked":"Shrug It Off","floor":12}],"player_experience":161898,"relics_obtained":[{"floor":7,"key":"Ice Cream"},{"floor":9,"key":"Mummified Hand"}],"event_choices":[{"damage_healed":0,"gold_gain":0,"player_choice":"Lose Max HP","damage_taken":0,"relics_obtained":["Golden Idol"],"max_hp_gain":0,"max_hp_loss":6,"event_name":"Golden Idol","floor":3,"gold_loss":0},{"damage_healed":0,"gold_gain":0,"player_choice":"Donut","damage_taken":0,"max_hp_gain":5,"max_hp_loss":0,"event_name":"Big Fish","floor":4,"gold_loss":0},{"damage_healed":0,"gold_gain":0,"player_choice":"Forge","damage_taken":0,"max_hp_gain":0,"max_hp_loss":0,"event_name":"Accursed Blacksmith","floor":11,"gold_loss":0,"cards_upgraded":["Shrug It Off"]}],"is_beta":false,"boss_relics":[],"items_purged_floors":[],"is_endless":false,"potions_floor_spawned":[1,8,12],"killed_by":"3 Sentries","ascension_level":3}