{"gold_per_floor":[11,23,47,47,47,47,60,74,121,25,25,56,56,89,89,166,166,180,70,81,42,75,75],"floor_reached":23,"playtime":1962,"items_purged":["Regret"],"score":364,"play_id":"0c6dfc1a-05c9-4859-89a8-5aad4152fc19","local_time":"20190619192733","is_ascension_mode":true,"campfire_choices":[{"data":"Thinking Ahead","floor":6,"key":"SMITH"},{"data":"Armaments","floor":11,"key":"SMITH"},{"data":"True Grit","floor":13,"key":"SMITH"},{"data":"Demon Form","floor":15,"key":"SMITH"}],"neow_cost":"NO_GOLD","seed_source_timestamp":649562715883262,"circlet_count":0,"master_deck":["AscendersBane","Strike_R","Strike_R","Strike_R","Strike_R","Defend_R","Defend_R+1","Defend_R","Bash","Thinking Ahead+1","Blind","Disarm","Feel No Pain","Sentinel","Armaments+1","True Grit+1","Shrug It Off","Demon Form+1","Reaper","Armaments","Inflame"],"relics":["Burning Blood","Smiling Mask","Vajra","MawBank","Bronze Scales","Meat on the Bone","Busted Crown","Red Mask"],"potions_floor_usage":[12,14,18,22,23],"damage_taken":[{"damage":9,"enemies":"Cultist","floor":1,"turns":4},{"damage":2,"enemies":"2 Louse","floor":2,"turns":4},{"damage":6,"enemies":"Small Slimes","floor":7,"turns":5},{"damage":13,"enemies":"Blue Slaver","floor":8,"turns":8},{"damage":10,"enemies":"3 Sentries","floor":12,"turns":14},{"damage":17,"enemies":"Gremlin Nob","floor":14,"turns":6},{"damage":31,"enemies":"Slime Boss","floor":16,"turns":10},{"damage":3,"enemies":"2 Thieves","floor":18,"turns":3},{"damage":0,"enemies":"3 Byrds","floor":20,"turns":4},{"damage":62,"enemies":"Masked Bandits","floor":22,"turns":6},{"damage":33,"enemies":"Slavers","floor":23,"turns":6}],"seed_played":"815909155404901665","potions_obtained":[{"floor":1,"key":"SpeedPotion"},{"floor":2,"key":"Weak Potion"},{"floor":8,"key":"SteroidPotion"},{"floor":12,"key":"SpeedPotion"},{"floor":16,"key":"AttackPotion"},{"floor":20,"key":"Weak Potion"}],"is_trial":false,"path_per_floor":["M","M","T","?","?","R","M","M","T","$","R","E","R","E","R","B",null,"M","?","M","$","?","E"],"character_chosen":"IRONCLAD","items_purchased":["True Grit","Inflame"],"campfire_rested":0,"item_purchase_floors":[10,21],"current_hp_per_floor":[65,69,69,62,62,62,62,55,55,55,55,51,51,40,40,27,63,71,71,75,75,36,3],"gold":75,"neow_bonus":"RANDOM_COLORLESS_2","is_prod":false,"is_daily":false,"chose_seed":false,"campfire_upgraded":4,"win_rate":0,"timestamp":1560986853,"path_taken":["M","M","?","?","?","R","M","M","T","$","R","E","R","E","R","BOSS","M","?","M","?","?","E"],"build_version":"2019-06-18","purchased_purges":1,"victory":false,"max_hp_per_floor":[75,75,75,75,75,75,75,75,75,75,75,75,75,75,75,75,75,75,75,75,75,75,75],"card_choices":[{"not_picked":["Blood for Blood","Reckless Charge"],"picked":"Disarm","floor":1},{"not_picked":["Body Slam","Hemokinesis"],"picked":"Feel No Pain","floor":2},{"not_picked":["Carnage","Sword Boomerang"],"picked":"Sentinel","floor":7},{"not_picked":["Sword Boomerang","Shrug It Off"],"picked":"Armaments","floor":8},{"not_picked":["Anger","Headbutt"],"picked":"Shrug It Off","floor":12},{"not_picked":["Rage","Clash"],"picked":"Demon Form","floor":14},{"not_picked":["Immolate","Brutality"],"picked":"Reaper","floor":16},{"not_picked":["Searing Blow"],"picked":"SKIP","floor":18},{"not_picked":[],"picked":"Armaments","floor":20}],"player_experience":624210,"relics_obtained":[{"floor":3,"key":"Smiling Mask"},{"floor":9,"key":"MawBank"},{"floor":12,"key":"Bronze Scales"},{"floor":14,"key":"Meat on the Bone"},{"floor":22,"key":"Red Mask"}],"event_choices":[{"cards_removed":["Strike_R"],"damage_healed":0,"gold_gain":0,"player_choice":"Card Removal","damage_taken":7,"max_hp_gain":0,"max_hp_loss":0,"event_name":"Golden Wing","floor":4,"gold_loss":0},{"damage_healed":0,"gold_gain":0,"player_choice":"Box","damage_taken":0,"relics_obtained":["Vajra"],"max_hp_gain":0,"max_hp_loss":0,"event_name":"Big Fish","floor":5,"gold_loss":0,"cards_obtained":["Regret"]},{"cards_removed":["Defend_R"],"damage_healed":0,"gold_gain":0,"player_choice":"Upgrade and Remove","damage_taken":0,"max_hp_gain":0,"max_hp_loss":0,"event_name":"Designer","floor":19,"gold_loss":110,"cards_upgraded":["Defend_R"]},{"damage_healed":0,"gold_gain":0,"player_choice":"Fought Bandits","damage_taken":0,"max_hp_gain":0,"max_hp_loss":0,"event_name":"Masked Bandits","floor":22,"gold_loss":0}],"is_beta":true,"boss_relics":[{"not_picked":["Tiny House","Orrery"],"picked":"Busted Crown"}],"items_purged_floors":[10],"is_endless":false,"potions_floor_spawned":[1,2,8,12,16,20],"killed_by":"Slavers","ascension_level":17}