{"gold_per_floor":[114,19,19,19,194,228,249,249,249,264,307,307,342,367,367,491,491,505,529,542,457,481,481,522,522,522,542,560,560,584,584],"floor_reached":31,"playtime":1828,"items_purged":[],"score":347,"play_id":"1eb9d723-1512-498c-a59f-c45d4e0f0ed1","local_time":"20190703232345","is_ascension_mode":false,"campfire_choices":[{"floor":8,"key":"REST"},{"floor":12,"key":"REST"},{"floor":15,"key":"REST"},{"floor":23,"key":"REST"},{"floor":25,"key":"REST"}],"neow_cost":"NONE","seed_source_timestamp":266198468517031,"circlet_count":0,"master_deck":["Strike_G","Strike_G","Strike_G","Strike_G","Strike_G","Defend_G","Defend_G","Defend_G","Defend_G","Defend_G","Survivor","Neutralize","Finisher","All Out Attack","Acrobatics","Flying Knee","Infinite Blades","PiercingWail","Quick Slash","Quick Slash","Corpse Explosion","Dodge and Roll","Blade Dance","Deadly Poison+1","Caltrops","Blade Dance","Calculated Gamble","Dodge and Roll"],"relics":["Ring of the Snake","NeowsBlessing","Golden Idol","Bottled Flame","Pear","Omamori","Shuriken","Orichalcum","Runic Pyramid","Boot","Potion Belt","PreservedInsect","Bag of Preparation","Spirit Poop"],"potions_floor_usage":[13,13,19,24,27,28],"damage_taken":[{"damage":0,"enemies":"Cultist","floor":1,"turns":1},{"damage":0,"enemies":"Lagavulin","floor":6,"turns":1},{"damage":0,"enemies":"2 Louse","floor":7,"turns":1},{"damage":0,"enemies":"Small Slimes","floor":10,"turns":3},{"damage":15,"enemies":"3 Sentries","floor":11,"turns":9},{"damage":28,"enemies":"Gremlin Nob","floor":13,"turns":6},{"damage":0,"enemies":"Slime Boss","floor":16,"turns":6},{"damage":26,"enemies":"Shell Parasite","floor":18,"turns":8},{"damage":28,"enemies":"2 Thieves","floor":19,"turns":3},{"damage":24,"enemies":"Cultist and Chosen","floor":20,"turns":6},{"damage":9,"enemies":"Gremlin Leader","floor":24,"turns":8},{"damage":17,"enemies":"3 Cultists","floor":27,"turns":5},{"damage":6,"enemies":"Snake Plant","floor":28,"turns":4},{"damage":16,"enemies":"Centurion and Healer","floor":30,"turns":7},{"damage":3,"enemies":"Sentry and Sphere","floor":31,"turns":2}],"seed_played":"2162072932380780112","potions_obtained":[{"floor":1,"key":"SteroidPotion"},{"floor":7,"key":"Poison Potion"},{"floor":11,"key":"Block Potion"},{"floor":13,"key":"Ancient Potion"},{"floor":20,"key":"GamblersBrew"},{"floor":27,"key":"Energy Potion"}],"is_trial":false,"path_per_floor":["M","$","$","?","?","E","M","R","T","M","E","R","E","T","R","B",null,"M","M","M","?","T","R","E","R","T","M","M","?","M","M"],"character_chosen":"THE_SILENT","items_purchased":["All Out Attack","Acrobatics"],"campfire_rested":5,"item_purchase_floors":[2,2],"current_hp_per_floor":[70,70,70,53,53,53,53,70,80,80,65,80,52,52,76,76,80,54,26,2,2,2,26,17,41,41,24,18,18,2,0],"gold":584,"neow_bonus":"THREE_ENEMY_KILL","is_prod":false,"is_daily":false,"chose_seed":false,"campfire_upgraded":0,"win_rate":0.0,"timestamp":1562207025,"path_taken":["M","?","$","?","?","E","M","R","T","M","E","R","E","?","R","BOSS","M","M","M","?","?","R","E","R","T","M","?","?","M","?"],"build_version":"2019-07-01","purchased_purges":0,"victory":false,"max_hp_per_floor":[70,70,70,70,70,70,70,70,80,80,80,80,80,80,80,80,80,80,80,80,80,80,80,80,80,80,80,80,80,80,80],"card_choices":[{"not_picked":["Choke","Outmaneuver"],"picked":"Finisher","floor":1},{"not_picked":["Eviscerate","Venomology"],"picked":"Flying Knee","floor":6},{"not_picked":["Deadly Poison","Well Laid Plans"],"picked":"Infinite Blades","floor":7},{"not_picked":["Acrobatics","Outmaneuver"],"picked":"PiercingWail","floor":10},{"not_picked":["Expertise","Leg Sweep"],"picked":"Quick Slash","floor":11},{"not_picked":["Acrobatics","Outmaneuver"],"picked":"Quick Slash","floor":13},{"not_picked":["Adrenaline","Doppelganger"],"picked":"Corpse Explosion","floor":16},{"not_picked":["Footwork","Poisoned Stab"],"picked":"Dodge and Roll","floor":18},{"not_picked":["Noxious Fumes+1","Quick Slash"],"picked":"Blade Dance","floor":19},{"not_picked":["Distraction","Phantasmal Killer"],"picked":"Deadly Poison+1","floor":20},{"not_picked":["Dodge and Roll","Backstab+1"],"picked":"Caltrops","floor":24},{"not_picked":["Blur","Prepared"],"picked":"Blade Dance","floor":27},{"not_picked":["Backflip","Poisoned Stab"],"picked":"Calculated Gamble","floor":28},{"not_picked":["Reflex","Blur"],"picked":"Dodge and Roll","floor":30}],"player_experience":38611,"relics_obtained":[{"floor":6,"key":"Bottled Flame"},{"floor":9,"key":"Pear"},{"floor":11,"key":"Omamori"},{"floor":13,"key":"Shuriken"},{"floor":14,"key":"Orichalcum"},{"floor":22,"key":"Potion Belt"},{"floor":24,"key":"PreservedInsect"},{"floor":26,"key":"Bag of Preparation"}],"event_choices":[{"damage_healed":0,"gold_gain":0,"player_choice":"Take Damage","damage_taken":17,"relics_obtained":["Golden Idol"],"max_hp_gain":0,"max_hp_loss":0,"event_name":"Golden Idol","floor":4,"gold_loss":0},{"damage_healed":0,"gold_gain":175,"player_choice":"AGREE","damage_taken":0,"max_hp_gain":0,"max_hp_loss":0,"event_name":"Liars Game","floor":5,"gold_loss":0,"cards_obtained":["Doubt"]},{"damage_healed":0,"gold_gain":0,"player_choice":"Obtained Relic","damage_taken":0,"relics_obtained":["Boot"],"max_hp_gain":0,"max_hp_loss":0,"event_name":"Addict","floor":21,"gold_loss":85},{"cards_removed":["Doubt"],"damage_healed":0,"gold_gain":0,"player_choice":"Offered Curse","damage_taken":0,"relics_obtained":["Spirit Poop"],"max_hp_gain":0,"max_hp_loss":0,"event_name":"Bonfire Elementals","floor":29,"gold_loss":0}],"is_beta":false,"boss_relics":[{"not_picked":["Sozu","Snecko Eye"],"picked":"Runic Pyramid"}],"items_purged_floors":[],"is_endless":false,"potions_floor_spawned":[1,7,11,13,20,27],"killed_by":"Sentry and Sphere","ascension_level":0}