{"gold_per_floor":[113,130,130,230,249,283,302,302,302,302,322,130,130,130,130,234,234,250,349,359,359,359,359,385,397,422,422,439,439],"floor_reached":29,"playtime":987,"items_purged":["Strike_R"],"score":243,"play_id":"965ec392-abda-452e-94d1-076033aebb79","local_time":"20190328095209","is_ascension_mode":false,"campfire_choices":[{"data":"Combust","floor":8,"key":"SMITH"},{"data":"Iron Wave","floor":10,"key":"SMITH"},{"data":"Inflame","floor":13,"key":"SMITH"},{"data":"Whirlwind","floor":15,"key":"SMITH"},{"floor":23,"key":"REST"},{"data":"Demon Form","floor":27,"key":"SMITH"}],"neow_cost":"NONE","seed_source_timestamp":1209485230981418,"circlet_count":0,"master_deck":["Strike_R","Strike_R","Strike_R","Defend_R","Defend_R","Defend_R","Defend_R","Bash","Iron Wave+1","Combust+1","Whirlwind","Shrug It Off","Whirlwind+1","Inflame+1","Demon Form+1","Shrug It Off"],"relics":["Burning Blood","NeowsBlessing","Self Forming Clay","Pantograph","Busted Crown","Paper Frog","Bag of Preparation"],"potions_floor_usage":[16,16,24,24],"damage_taken":[{"damage":0,"enemies":"Jaw Worm","floor":1,"turns":1},{"damage":0,"enemies":"2 Louse","floor":2,"turns":1},{"damage":0,"enemies":"Cultist","floor":5,"turns":1},{"damage":47,"enemies":"Gremlin Nob","floor":6,"turns":5},{"damage":13,"enemies":"Exordium Wildlife","floor":7,"turns":4},{"damage":0,"enemies":"2 Fungi Beasts","floor":11,"turns":3},{"damage":26,"enemies":"Slime Boss","floor":16,"turns":6},{"damage":35,"enemies":"2 Thieves","floor":18,"turns":4},{"damage":17,"enemies":"Spheric Guardian","floor":20,"turns":4},{"damage":27,"enemies":"Colosseum Slavers","floor":21,"turns":4},{"damage":26,"enemies":"Slavers","floor":24,"turns":6},{"damage":3,"enemies":"3 Cultists","floor":25,"turns":5},{"damage":29,"enemies":"Snake Plant","floor":28,"turns":5},{"damage":20,"enemies":"Snecko","floor":29,"turns":4}],"seed_played":"-763862478879606150","potions_obtained":[{"floor":6,"key":"Weak Potion"},{"floor":11,"key":"EssenceOfSteel"},{"floor":16,"key":"Weak Potion"},{"floor":20,"key":"Regen Potion"}],"is_trial":false,"path_per_floor":["M","M","?","?","M","E","M","R","T","R","M","$","R","?","R","B",null,"M","?","M","?","?","R","E","M","T","R","M","M"],"character_chosen":"IRONCLAD","items_purchased":["Whirlwind","Inflame"],"campfire_rested":1,"item_purchase_floors":[12,12],"current_hp_per_floor":[80,80,73,73,79,38,31,31,31,31,37,37,37,37,37,42,80,51,51,40,19,19,43,37,40,40,40,17,0],"gold":439,"neow_bonus":"THREE_ENEMY_KILL","is_prod":false,"is_daily":false,"chose_seed":false,"campfire_upgraded":5,"win_rate":0.0,"timestamp":1553781129,"path_taken":["M","M","?","?","?","E","M","R","T","R","M","$","R","?","R","BOSS","M","?","M","?","?","R","E","M","T","R","?","M"],"build_version":"2019-01-23","purchased_purges":1,"victory":false,"max_hp_per_floor":[80,80,80,80,80,80,80,80,80,80,80,80,80,80,80,80,80,80,80,80,80,80,80,80,80,80,80,80,80],"card_choices":[{"not_picked":["Armaments","Flex"],"picked":"Iron Wave","floor":1},{"not_picked":["Clothesline","Shockwave"],"picked":"Combust","floor":2},{"not_picked":["Searing Blow","Armaments","Corruption"],"picked":"SKIP","floor":5},{"not_picked":["Thunderclap","Immolate"],"picked":"Whirlwind","floor":6},{"not_picked":["Twin Strike","Sword Boomerang","Headbutt"],"picked":"SKIP","floor":7},{"not_picked":["Seeing Red","Anger"],"picked":"Shrug It Off","floor":11},{"not_picked":["Dark Embrace","Immolate"],"picked":"Demon Form","floor":16},{"not_picked":["Sword Boomerang"],"picked":"SKIP","floor":18},{"not_picked":["Rage"],"picked":"SKIP","floor":20},{"not_picked":["Headbutt"],"picked":"SKIP","floor":24},{"not_picked":["Reckless Charge+1"],"picked":"SKIP","floor":25},{"not_picked":["Dropkick"],"picked":"SKIP","floor":28}],"player_experience":60746,"relics_obtained":[{"floor":6,"key":"Self Forming Clay"},{"floor":9,"key":"Pantograph"},{"floor":24,"key":"Paper Frog"},{"floor":26,"key":"Bag of Preparation"}],"event_choices":[{"cards_removed":["Strike_R"],"damage_healed":0,"gold_gain":0,"player_choice":"Card Removal","damage_taken":7,"max_hp_gain":0,"max_hp_loss":0,"event_name":"Golden Wing","floor":3,"gold_loss":0},{"damage_healed":0,"gold_gain":100,"player_choice":"Pray","damage_taken":0,"max_hp_gain":0,"max_hp_loss":0,"event_name":"Golden Shrine","floor":4,"gold_loss":0},{"damage_healed":0,"gold_gain":0,"player_choice":"Ignored","damage_taken":0,"max_hp_gain":0,"max_hp_loss":0,"event_name":"Golden Idol","floor":14,"gold_loss":0},{"damage_healed":0,"gold_gain":99,"player_choice":"Stole From Cult","damage_taken":0,"max_hp_gain":0,"max_hp_loss":0,"event_name":"Nest","floor":19,"gold_loss":0},{"damage_healed":0,"gold_gain":0,"player_choice":"Fight","damage_taken":0,"max_hp_gain":0,"max_hp_loss":0,"event_name":"Colosseum","floor":21,"gold_loss":0},{"damage_healed":0,"gold_gain":0,"player_choice":"Fled From Nobs","damage_taken":0,"max_hp_gain":0,"max_hp_loss":0,"event_name":"Colosseum","floor":21,"gold_loss":0},{"damage_healed":0,"gold_gain":0,"player_choice":"Copied","damage_taken":0,"max_hp_gain":0,"max_hp_loss":0,"event_name":"Duplicator","floor":22,"gold_loss":0,"cards_obtained":["Shrug It Off"]}],"is_beta":false,"boss_relics":[{"not_picked":["Runic Cube","Lizard Tail"],"picked":"Busted Crown"}],"items_purged_floors":[12],"is_endless":false,"potions_floor_spawned":[6,11,16,20,21],"killed_by":"Snecko","ascension_level":0}