{"gold_per_floor":[113,23,23,23,40,40,58,58,58,9,27,45,76,76,76,176,226,241,18,28,28,39,39,73,5,29,45,45,72,20,20,20,20],"floor_reached":33,"playtime":1707,"items_purged":["Strike_R"],"score":325,"play_id":"2f564330-b5b2-43ff-8f1f-98481dd89805","local_time":"20190703124333","is_ascension_mode":true,"campfire_choices":[{"data":"Armaments","floor":6,"key":"SMITH"},{"data":"Combust","floor":8,"key":"SMITH"},{"data":"Flame Barrier","floor":15,"key":"SMITH"},{"data":"Barricade","floor":23,"key":"SMITH"},{"data":"Brutality","floor":28,"key":"SMITH"},{"data":"True Grit","floor":32,"key":"SMITH"}],"neow_cost":"NONE","seed_source_timestamp":410870716125000,"circlet_count":0,"master_deck":["Strike_R","Strike_R","Strike_R","Defend_R","Defend_R","Defend_R+1","Defend_R","Bash","Inflame+1","Seeing Red+1","Combust+1","Pommel Strike","Armaments+1","Shrug It Off","Flame Barrier+1","Shrug It Off","Pommel Strike","Brutality+1","Body Slam","Combust","Battle Trance+1","Barricade+1","True Grit","Inflame","Inflame","True Grit+1"],"relics":["Burning Blood","Gremlin Horn","Mummified Hand","Ancient Tea Set","Tiny House","Blood Vial","Blue Candle","Omamori","Vajra"],"potions_floor_usage":[12,13,13,16,18,27],"damage_taken":[{"damage":11,"enemies":"Small Slimes","floor":1,"turns":4},{"damage":4,"enemies":"Jaw Worm","floor":5,"turns":3},{"damage":4,"enemies":"Cultist","floor":7,"turns":4},{"damage":1,"enemies":"Looter","floor":11,"turns":3},{"damage":8,"enemies":"Exordium Wildlife","floor":12,"turns":5},{"damage":28,"enemies":"Lagavulin","floor":13,"turns":7},{"damage":41,"enemies":"The Guardian","floor":16,"turns":14},{"damage":9,"enemies":"3 Byrds","floor":18,"turns":4},{"damage":9,"enemies":"Chosen","floor":20,"turns":4},{"damage":11,"enemies":"Snecko","floor":22,"turns":4},{"damage":42,"enemies":"Book of Stabbing","floor":24,"turns":6},{"damage":22,"enemies":"Centurion and Healer","floor":27,"turns":6},{"damage":19,"enemies":"Gremlin Leader","floor":29,"turns":5},{"damage":39,"enemies":"Automaton","floor":33,"turns":6}],"seed_played":"5895059285417715363","potions_obtained":[{"floor":5,"key":"GamblersBrew"},{"floor":7,"key":"GamblersBrew"},{"floor":11,"key":"BloodPotion"},{"floor":12,"key":"Swift Potion"},{"floor":17,"key":"EssenceOfSteel"},{"floor":22,"key":"Regen Potion"}],"is_trial":false,"path_per_floor":["M","$","?","?","M","R","M","R","T","$","M","M","E","?","R","B",null,"M","$","M","?","M","R","E","$","T","M","R","E","$","?","R","B"],"character_chosen":"IRONCLAD","items_purchased":["Combust","Pommel Strike","Shrug It Off","Blood Vial","Inflame","True Grit"],"campfire_rested":0,"item_purchase_floors":[2,2,10,19,25,30],"current_hp_per_floor":[75,75,75,72,74,74,76,76,76,76,80,78,56,40,40,13,85,82,82,81,81,78,78,44,44,44,45,45,34,34,34,34,0],"gold":20,"neow_bonus":"THREE_CARDS","is_prod":false,"is_daily":false,"chose_seed":false,"campfire_upgraded":6,"win_rate":0,"timestamp":1562172213,"path_taken":["M","$","?","?","M","R","M","R","T","$","?","M","E","?","R","BOSS","M","$","M","?","M","R","E","?","T","M","R","E","$","?","R","BOSS"],"build_version":"2019-01-23","purchased_purges":1,"victory":false,"max_hp_per_floor":[80,80,80,80,80,80,80,80,80,80,80,80,80,80,80,80,85,85,85,85,85,85,85,85,85,85,85,85,85,85,85,85,85],"card_choices":[{"not_picked":["Battle Trance","Intimidate"],"picked":"Inflame","floor":0},{"not_picked":["Havoc","Cleave"],"picked":"Seeing Red","floor":1},{"not_picked":["Rupture","Perfected Strike"],"picked":"Armaments","floor":5},{"not_picked":["Shockwave","Twin Strike","Iron Wave"],"picked":"SKIP","floor":7},{"not_picked":["Power Through","Fire Breathing"],"picked":"Flame Barrier","floor":11},{"not_picked":["Anger","True Grit"],"picked":"Shrug It Off","floor":12},{"not_picked":["Sever Soul","Twin Strike"],"picked":"Pommel Strike","floor":13},{"not_picked":["Double Tap","Juggernaut"],"picked":"Brutality","floor":16},{"not_picked":["Dropkick","Headbutt"],"picked":"Body Slam","floor":17},{"not_picked":["Headbutt","Battle Trance"],"picked":"Combust","floor":18},{"not_picked":["Perfected Strike","Carnage"],"picked":"Battle Trance+1","floor":20},{"not_picked":["Clothesline","Clash"],"picked":"Barricade","floor":22},{"not_picked":["Cleave","Armaments+1"],"picked":"True Grit","floor":24},{"not_picked":["Pommel Strike","Iron Wave+1"],"picked":"Inflame","floor":27},{"not_picked":["Blood for Blood","Warcry","Thunderclap"],"picked":"SKIP","floor":29}],"player_experience":164611,"relics_obtained":[{"floor":9,"key":"Mummified Hand"},{"floor":13,"key":"Ancient Tea Set"},{"floor":24,"key":"Blue Candle"},{"floor":26,"key":"Omamori"},{"floor":29,"key":"Vajra"}],"event_choices":[{"damage_healed":0,"gold_gain":0,"player_choice":"Ignored","damage_taken":0,"max_hp_gain":0,"max_hp_loss":0,"event_name":"Liars Game","floor":3,"gold_loss":0},{"damage_healed":0,"gold_gain":0,"player_choice":"Success","damage_taken":3,"relics_obtained":["Gremlin Horn"],"max_hp_gain":0,"max_hp_loss":0,"event_name":"Scrap Ooze","floor":4,"gold_loss":0},{"damage_healed":0,"gold_gain":0,"player_choice":"Entered Light","damage_taken":16,"max_hp_gain":0,"max_hp_loss":0,"event_name":"Shining Light","floor":14,"gold_loss":0,"cards_upgraded":["Defend_R","Seeing Red"]},{"cards_removed":["Strike_R"],"damage_healed":0,"gold_gain":0,"player_choice":"Offered Basic","damage_taken":0,"max_hp_gain":0,"max_hp_loss":0,"event_name":"Bonfire Elementals","floor":21,"gold_loss":0},{"damage_healed":0,"gold_gain":0,"player_choice":"Ignored","damage_taken":0,"max_hp_gain":0,"max_hp_loss":0,"event_name":"Ghosts","floor":31,"gold_loss":0}],"is_beta":false,"boss_relics":[{"not_picked":["White Beast Statue","Snecko Eye"],"picked":"Tiny House"}],"items_purged_floors":[19],"is_endless":false,"potions_floor_spawned":[5,7,11,12,22],"killed_by":"Automaton","ascension_level":3}