{"gold_per_floor":[113,388,402,414,414,414,339,339,339,367,381,391,402,416,416,490,490,510,529,454,464,478,478,478,478,478,498,413,413],"floor_reached":29,"playtime":1218,"items_purged":["Strike_R"],"score":447,"play_id":"14813fd4-85d6-4f92-a959-2998ffca9140","local_time":"20190708033503","is_ascension_mode":true,"campfire_choices":[{"data":"Carnage","floor":6,"key":"SMITH"},{"data":"True Grit","floor":8,"key":"SMITH"},{"floor":15,"key":"REST"},{"floor":23,"key":"REST"},{"floor":25,"key":"REST"}],"neow_cost":"NONE","seed_source_timestamp":268236444276472,"circlet_count":0,"master_deck":["AscendersBane","Strike_R","Strike_R","Strike_R","Defend_R","Defend_R","Defend_R","Defend_R","Bash","True Grit+1","Carnage+1","True Grit","Feel No Pain+1","Entrench","Bludgeon","Shrug It Off","Demon Form+1","Fire Breathing+1","Flame Barrier","Infernal Blade+1"],"relics":["Burning Blood","NeowsBlessing","Frozen Egg 2","Juzu Bracelet","Cursed Key","Happy Flower"],"potions_floor_usage":[10,10,18,21,29],"damage_taken":[{"damage":0,"enemies":"2 Louse","floor":1,"turns":1},{"damage":0,"enemies":"Cultist","floor":3,"turns":1},{"damage":0,"enemies":"Jaw Worm","floor":4,"turns":1},{"damage":22,"enemies":"3 Sentries","floor":10,"turns":8},{"damage":9,"enemies":"3 Louse","floor":11,"turns":4},{"damage":1,"enemies":"2 Fungi Beasts","floor":12,"turns":4},{"damage":13,"enemies":"Blue Slaver","floor":13,"turns":4},{"damage":6,"enemies":"Looter","floor":14,"turns":3},{"damage":50,"enemies":"Slime Boss","floor":16,"turns":11},{"damage":16,"enemies":"Spheric Guardian","floor":18,"turns":4},{"damage":7,"enemies":"Chosen","floor":19,"turns":5},{"damage":10,"enemies":"Centurion and Healer","floor":21,"turns":8},{"damage":32,"enemies":"Snake Plant","floor":22,"turns":5},{"damage":35,"enemies":"Snecko","floor":27,"turns":8},{"damage":26,"enemies":"3 Cultists","floor":29,"turns":4}],"seed_played":"-2662917902706512644","potions_obtained":[{"floor":3,"key":"AttackPotion"},{"floor":4,"key":"Dexterity Potion"},{"floor":14,"key":"GamblersBrew"},{"floor":18,"key":"PowerPotion"},{"floor":19,"key":"Energy Potion"}],"is_trial":false,"path_per_floor":["M","?","M","M","?","R","$","R","T","E","M","M","M","M","R","B",null,"M","M","?","M","M","R","?","R","T","M","?","M"],"character_chosen":"IRONCLAD","items_purchased":[],"campfire_rested":3,"item_purchase_floors":[],"current_hp_per_floor":[74,74,75,75,68,68,68,68,68,52,49,54,47,47,69,25,63,53,52,52,48,22,44,23,47,47,18,18,0],"gold":413,"neow_bonus":"THREE_ENEMY_KILL","is_prod":false,"is_daily":false,"chose_seed":false,"campfire_upgraded":2,"win_rate":0,"timestamp":1562571303,"path_taken":["M","?","M","?","?","R","$","R","T","E","M","M","M","M","R","BOSS","M","M","?","M","M","R","?","R","T","M","?","M"],"build_version":"2019-07-03","purchased_purges":1,"victory":false,"max_hp_per_floor":[75,75,75,75,75,75,75,75,75,75,75,75,75,75,75,75,75,75,75,75,75,75,75,80,80,80,80,80,80],"card_choices":[{"not_picked":["Flex","Heavy Blade"],"picked":"True Grit","floor":1},{"not_picked":["Clothesline","Sword Boomerang"],"picked":"Carnage","floor":3},{"not_picked":["Thunderclap","Sword Boomerang"],"picked":"True Grit","floor":4},{"not_picked":["Perfected Strike","Rupture+1","Sever Soul"],"picked":"SKIP","floor":10},{"not_picked":["Sword Boomerang","Havoc"],"picked":"Feel No Pain+1","floor":11},{"not_picked":["Headbutt","Armaments"],"picked":"Entrench","floor":12},{"not_picked":["Armaments","Rampage"],"picked":"Bludgeon","floor":13},{"not_picked":["Perfected Strike","Anger"],"picked":"Shrug It Off","floor":14},{"not_picked":["Juggernaut+1","Immolate"],"picked":"Demon Form+1","floor":16},{"not_picked":["Warcry","Body Slam"],"picked":"Fire Breathing+1","floor":18},{"not_picked":["True Grit","Shockwave"],"picked":"Flame Barrier","floor":19},{"not_picked":["Warcry","Clash","Clothesline"],"picked":"SKIP","floor":21},{"not_picked":["Perfected Strike","Second Wind"],"picked":"Infernal Blade+1","floor":22},{"not_picked":["Body Slam","Clothesline+1","Twin Strike"],"picked":"SKIP","floor":27}],"player_experience":687388,"relics_obtained":[{"floor":9,"key":"Frozen Egg 2"},{"floor":10,"key":"Juzu Bracelet"}],"event_choices":[{"damage_healed":0,"gold_gain":275,"player_choice":"Desecrate","damage_taken":0,"max_hp_gain":0,"max_hp_loss":0,"event_name":"Golden Shrine","floor":2,"gold_loss":0,"cards_obtained":["Regret"]},{"cards_removed":["Regret"],"damage_healed":0,"gold_gain":0,"player_choice":"Card Removal","damage_taken":7,"max_hp_gain":0,"max_hp_loss":0,"event_name":"Golden Wing","floor":5,"gold_loss":0},{"cards_removed":["Strike_R"],"damage_healed":0,"gold_gain":0,"player_choice":"Gave Gold","damage_taken":0,"max_hp_gain":0,"max_hp_loss":0,"event_name":"Beggar","floor":20,"gold_loss":75},{"damage_healed":0,"gold_gain":0,"player_choice":"Shed Blood","damage_taken":26,"max_hp_gain":5,"max_hp_loss":0,"event_name":"Forgotten Altar","floor":24,"gold_loss":0},{"damage_healed":0,"gold_gain":0,"player_choice":"Obtained Relic","damage_taken":0,"relics_obtained":["Happy Flower"],"max_hp_gain":0,"max_hp_loss":0,"event_name":"Addict","floor":28,"gold_loss":85}],"is_beta":true,"boss_relics":[{"not_picked":["Orrery","Pandora\u0027s Box"],"picked":"Cursed Key"}],"items_purged_floors":[7],"is_endless":false,"potions_floor_spawned":[3,4,14,18,19],"killed_by":"3 Cultists","ascension_level":19}