{"gold_per_floor":[110,285,285,285,301,301,330,330,356,310,310,47,47,64,64,64],"floor_reached":16,"playtime":332,"items_purged":[],"score":121,"play_id":"4ef84806-1ff6-4c75-ba75-1aa0a465caa4","local_time":"20190328174702","is_ascension_mode":false,"campfire_choices":[{"data":"Thunderclap","floor":6,"key":"SMITH"},{"data":"Offering","floor":8,"key":"SMITH"},{"data":"Shrug It Off","floor":11,"key":"SMITH"},{"data":"True Grit","floor":13,"key":"SMITH"},{"data":"Rupture","floor":15,"key":"SMITH"}],"neow_cost":"NONE","seed_source_timestamp":1238637835618296,"circlet_count":0,"master_deck":["Strike_R","Strike_R","Strike_R","Strike_R","Strike_R","Defend_R","Defend_R","Defend_R","Defend_R","Bash","Disarm+1","Doubt","Thunderclap+1","Offering+1","Shrug It Off+1","True Grit+1","Rupture+1"],"relics":["Burning Blood","NeowsBlessing","Centennial Puzzle","Ancient Tea Set","Dream Catcher","Molten Egg 2"],"potions_floor_usage":[16],"damage_taken":[{"damage":0,"enemies":"2 Louse","floor":1,"turns":1},{"damage":0,"enemies":"Small Slimes","floor":5,"turns":1},{"damage":0,"enemies":"Lagavulin","floor":7,"turns":1},{"damage":0,"enemies":"Cultist","floor":14,"turns":3},{"damage":75,"enemies":"Slime Boss","floor":16,"turns":10}],"seed_played":"-5136454002933517207","potions_obtained":[{"floor":7,"key":"SteroidPotion"}],"is_trial":false,"path_per_floor":["M","?","?","?","M","R","E","R","T","$","R","$","R","M","R","B"],"character_chosen":"IRONCLAD","items_purchased":["Shrug It Off","Molten Egg 2","True Grit"],"campfire_rested":0,"item_purchase_floors":[10,12,12],"current_hp_per_floor":[80,80,73,73,79,79,80,80,80,80,80,80,80,80,80,5],"gold":64,"neow_bonus":"THREE_ENEMY_KILL","is_prod":false,"is_daily":false,"chose_seed":false,"campfire_upgraded":5,"win_rate":0.0,"timestamp":1553809622,"path_taken":["M","?","?","?","M","R","E","R","T","$","R","$","R","M","R","BOSS"],"build_version":"2019-01-23","purchased_purges":0,"victory":false,"max_hp_per_floor":[80,80,80,80,80,80,80,80,80,80,80,80,80,80,80,80],"card_choices":[{"not_picked":["Heavy Blade","Pummel"],"picked":"Disarm","floor":1},{"not_picked":["Sword Boomerang","Twin Strike"],"picked":"Thunderclap","floor":5},{"not_picked":["Twin Strike","Clash"],"picked":"Offering","floor":7},{"not_picked":["Flex","Sever Soul+1"],"picked":"Rupture","floor":14}],"player_experience":70329,"relics_obtained":[{"floor":7,"key":"Ancient Tea Set"},{"floor":9,"key":"Dream Catcher"}],"event_choices":[{"damage_healed":0,"gold_gain":175,"player_choice":"AGREE","damage_taken":0,"max_hp_gain":0,"max_hp_loss":0,"event_name":"Liars Game","floor":2,"gold_loss":0,"cards_obtained":["Doubt"]},{"damage_healed":0,"gold_gain":0,"player_choice":"Success","damage_taken":7,"relics_obtained":["Centennial Puzzle"],"max_hp_gain":0,"max_hp_loss":0,"event_name":"Scrap Ooze","floor":3,"gold_loss":0},{"damage_healed":0,"gold_gain":0,"player_choice":"Upgraded","damage_taken":0,"max_hp_gain":0,"max_hp_loss":0,"event_name":"Upgrade Shrine","floor":4,"gold_loss":0,"cards_upgraded":["Disarm"]}],"is_beta":false,"boss_relics":[],"items_purged_floors":[],"is_endless":false,"potions_floor_spawned":[7],"killed_by":"Slime Boss","ascension_level":0}