{"gold_per_floor":[17,17,32,32,48,80,80,80,133,145,158,158,187,137,137,235,235,252,177,92,92,68,68,42,42,68,87,186,186,198,216,216,312,312,329,429,439,459,478,478,491,291,291,306,306,27,27,52,52,52],"floor_reached":51,"playtime":5411,"items_purged":["Decay"],"score":756,"play_id":"5563ea2d-5b37-4fd9-9c09-62db3b34c1f2","local_time":"20190523002021","is_ascension_mode":true,"campfire_choices":[{"data":"Bash","floor":8.0,"key":"SMITH"},{"data":"Fiend Fire","floor":12.0,"key":"SMITH"},{"data":"Spot Weakness","floor":15.0,"key":"SMITH"},{"data":"True Grit","floor":23.0,"key":"SMITH"},{"data":"Barricade","floor":25.0,"key":"SMITH"},{"data":"Burning Pact","floor":29.0,"key":"SMITH"},{"data":"Impervious","floor":32,"key":"SMITH"},{"data":"Shrug It Off","floor":40,"key":"SMITH"},{"data":"Limit Break","floor":45,"key":"SMITH"},{"data":"Entrench","floor":47,"key":"SMITH"},{"data":"Evolve","floor":49,"key":"SMITH"}],"neow_cost":"NO_GOLD","seed_source_timestamp":119494478809547,"circlet_count":0,"master_deck":["Strike_R","Strike_R","Strike_R","Defend_R","Defend_R","Defend_R","Bash+1","Fiend Fire+1","Power Through","Spot Weakness+1","Shrug It Off+1","Burning Pact+1","Twin Strike","Impervious+1","Barricade+1","Clothesline+1","True Grit+1","Shrug It Off","Shrug It Off","Bludgeon","Body Slam","Pommel Strike+1","True Grit+1","Evolve+1","Limit Break+1","Entrench+1"],"special_seed":0,"relics":["Burning Blood","Happy Flower","Bird Faced Urn","Bag of Marbles","Strawberry","Dodecahedron","Coffee Dripper","Sundial","Vajra","Eternal Feather","Question Card","Medical Kit","Bag of Preparation"],"potions_floor_usage":[33,38,50,50],"damage_taken":[{"damage":0.0,"enemies":"2 Louse","floor":1.0,"turns":2.0},{"damage":12.0,"enemies":"Small Slimes","floor":3.0,"turns":4.0},{"damage":8.0,"enemies":"Jaw Worm","floor":5.0,"turns":4.0},{"damage":25.0,"enemies":"3 Sentries","floor":6.0,"turns":10.0},{"damage":1.0,"enemies":"2 Fungi Beasts","floor":10.0,"turns":2.0},{"damage":0.0,"enemies":"Looter","floor":11.0,"turns":1.0},{"damage":12.0,"enemies":"Lagavulin","floor":13.0,"turns":3.0},{"damage":12.0,"enemies":"The Guardian","floor":16.0,"turns":10.0},{"damage":13.0,"enemies":"2 Thieves","floor":18.0,"turns":3.0},{"damage":0.0,"enemies":"Shell Parasite","floor":27.0,"turns":6.0},{"damage":5.0,"enemies":"3 Cultists","floor":30.0,"turns":6.0},{"damage":0,"enemies":"Centurion and Healer","floor":31,"turns":5},{"damage":68,"enemies":"Collector","floor":33,"turns":9},{"damage":0,"enemies":"3 Shapes","floor":35,"turns":3},{"damage":12,"enemies":"3 Darklings","floor":37,"turns":9},{"damage":17,"enemies":"Jaw Worm Horde","floor":38,"turns":6},{"damage":13,"enemies":"Writhing Mass","floor":39,"turns":9},{"damage":39,"enemies":"3 Darklings","floor":41,"turns":7},{"damage":9,"enemies":"Spire Growth","floor":44,"turns":6},{"damage":59,"enemies":"Time Eater","floor":50,"turns":13}],"seed_played":"-2082330597896844536","potions_obtained":[{"floor":5.0,"key":"Strength Potion"},{"floor":10.0,"key":"Swift Potion"},{"floor":11.0,"key":"Dexterity Potion"},{"floor":16.0,"key":"GamblersBrew"},{"floor":18.0,"key":"FairyPotion"},{"floor":27.0,"key":"Ancient Potion"},{"floor":33,"key":"FearPotion"}],"is_trial":false,"path_per_floor":["M","?","M","?","M","E","?","R","T","M","M","R","E","?","R","B",null,"M","?","?","?","$","R","$","R","T","M","?","R","M","M","R","B",null,"M","?","M","M","M","R","M","$","T","M","R","$","R","T","R","B",null],"character_chosen":"IRONCLAD","items_purchased":["True Grit","Shrug It Off","Strength Potion","Evolve","Entrench","Medical Kit"],"campfire_rested":0,"item_purchase_floors":[22,24,42,42,46,46],"current_hp_per_floor":[80,73,67,64,62,43,43,43,50,55,61,61,55,55,55,49,87,80,80,80,80,80,80,80,80,80,87,87,87,87,87,87,25,87,87,87,83,72,67,79,48,48,48,47,62,62,77,77,87,36],"gold":52,"neow_bonus":"THREE_RARE_CARDS","is_prod":false,"is_daily":false,"chose_seed":false,"campfire_upgraded":11,"win_rate":0,"timestamp":1558585221,"path_taken":["M","?","M","?","M","E","?","R","T","M","?","R","E","?","R","BOSS","M","?","?","?","$","R","?","R","T","M","?","R","M","M","R","BOSS","M","?","?","M","M","R","M","$","T","M","R","$","R","?","R","BOSS"],"build_version":"2019-01-23","purchased_purges":1,"victory":true,"max_hp_per_floor":[80,80,80,80,80,80,80,80,87,87,87,87,87,87,87,87,87,87,87,87,87,87,87,87,87,87,87,87,87,87,87,87,87,87,87,87,87,87,87,87,87,87,87,87,87,87,87,87,87,87],"card_choices":[{"not_picked":["Offering","Brutality"],"picked":"Fiend Fire","floor":0.0},{"not_picked":["Perfected Strike","Heavy Blade"],"picked":"Power Through","floor":1.0},{"not_picked":["Rampage","Dual Wield"],"picked":"Spot Weakness","floor":3.0},{"not_picked":["Flame Barrier","True Grit"],"picked":"Shrug It Off","floor":5.0},{"not_picked":["Whirlwind","Iron Wave"],"picked":"Burning Pact","floor":6.0},{"not_picked":["Cleave","Anger"],"picked":"Twin Strike","floor":10.0},{"not_picked":["Flame Barrier","Perfected Strike"],"picked":"Impervious","floor":11.0},{"not_picked":["Fire Breathing","Armaments","Body Slam"],"picked":"SKIP","floor":13.0},{"not_picked":["Dark Embrace","Impervious"],"picked":"Barricade","floor":16.0},{"not_picked":["Twin Strike","Pommel Strike"],"picked":"Clothesline+1","floor":18.0},{"not_picked":["Headbutt","True Grit","Second Wind+1"],"picked":"SKIP","floor":27.0},{"not_picked":["Thunderclap","Clothesline+1"],"picked":"Shrug It Off","floor":30.0},{"not_picked":["Headbutt","Wild Strike","Havoc"],"picked":"SKIP","floor":31},{"not_picked":["Offering","Demon Form"],"picked":"Bludgeon","floor":33},{"not_picked":["Clash+1","Rupture"],"picked":"Body Slam","floor":35},{"not_picked":["Second Wind+1","Flex","Sword Boomerang"],"picked":"SKIP","floor":37},{"not_picked":["Thunderclap+1","Second Wind"],"picked":"Pommel Strike+1","floor":38},{"not_picked":["Thunderclap","Headbutt","Armaments"],"picked":"SKIP","floor":39},{"not_picked":["Combust+1","Clothesline"],"picked":"True Grit+1","floor":41},{"not_picked":["Body Slam","Shrug It Off","Warcry"],"picked":"Limit Break","floor":44}],"player_experience":181647,"relics_obtained":[{"floor":6.0,"key":"Bird Faced Urn"},{"floor":9.0,"key":"Strawberry"},{"floor":13.0,"key":"Dodecahedron"},{"floor":26.0,"key":"Vajra"},{"floor":43,"key":"Question Card"},{"floor":48,"key":"Bag of Preparation"}],"event_choices":[{"cards_removed":["Strike_R"],"damage_healed":0.0,"max_hp_gain":0.0,"max_hp_loss":0.0,"gold_gain":0.0,"event_name":"Golden Wing","player_choice":"Card Removal","floor":2.0,"gold_loss":0.0,"damage_taken":7.0},{"damage_healed":0.0,"max_hp_gain":0.0,"max_hp_loss":0.0,"gold_gain":0.0,"event_name":"Scrap Ooze","player_choice":"Success","floor":4.0,"gold_loss":0.0,"damage_taken":3.0,"relics_obtained":["Happy Flower"]},{"damage_healed":0.0,"max_hp_gain":0.0,"max_hp_loss":0.0,"gold_gain":0.0,"event_name":"Dead Adventurer","player_choice":"Searched \u00272\u0027 times","floor":7.0,"gold_loss":0.0,"damage_taken":0.0,"relics_obtained":["Bag of Marbles"]},{"cards_removed":["Defend_R"],"damage_healed":0.0,"max_hp_gain":0.0,"max_hp_loss":0.0,"gold_gain":0.0,"event_name":"The Cleric","player_choice":"Card Removal","floor":14.0,"gold_loss":50.0,"damage_taken":0.0},{"cards_removed":["Strike_R"],"damage_healed":0.0,"max_hp_gain":0.0,"max_hp_loss":0.0,"gold_gain":0.0,"event_name":"Beggar","player_choice":"Gave Gold","floor":19.0,"gold_loss":75.0,"damage_taken":0.0},{"damage_healed":0.0,"max_hp_gain":0.0,"max_hp_loss":0.0,"gold_gain":0.0,"event_name":"Addict","player_choice":"Obtained Relic","floor":20.0,"gold_loss":85.0,"damage_taken":0.0,"relics_obtained":["Sundial"]},{"damage_healed":0.0,"max_hp_gain":0.0,"max_hp_loss":0.0,"gold_gain":0.0,"event_name":"Forgotten Altar","player_choice":"Smashed Altar","floor":21.0,"gold_loss":0.0,"damage_taken":0.0,"cards_obtained":["Decay"]},{"damage_healed":0.0,"max_hp_gain":0.0,"max_hp_loss":0.0,"gold_gain":99.0,"event_name":"Nest","player_choice":"Stole From Cult","floor":28.0,"gold_loss":0.0,"damage_taken":0.0},{"damage_healed":0,"gold_gain":100,"player_choice":"Pray","damage_taken":0,"max_hp_gain":0,"max_hp_loss":0,"event_name":"Golden Shrine","floor":36,"gold_loss":0}],"is_beta":false,"boss_relics":[{"not_picked":["Empty Cage","Orrery"],"picked":"Coffee Dripper"},{"not_picked":["Black Star","Mark of Pain"],"picked":"Eternal Feather"}],"items_purged_floors":[42],"is_endless":false,"potions_floor_spawned":[5,10,11,16,18,27,33,35,44],"ascension_level":4}