{"gold_per_floor":[13,24,24,40,40,40,51,69,92,92,92,92,92,102,102,102],"floor_reached":16,"playtime":543,"items_purged":[],"score":179,"play_id":"94a13e6e-2d77-4e41-8a37-6dc9ed33cd66","local_time":"20190708031150","is_ascension_mode":true,"campfire_choices":[{"data":"Flame Barrier","floor":6,"key":"SMITH"},{"data":"Warcry","floor":10,"key":"SMITH"},{"data":"Feel No Pain","floor":12,"key":"SMITH"},{"floor":15,"key":"REST"}],"neow_cost":"NO_GOLD","seed_source_timestamp":267520838259492,"circlet_count":0,"master_deck":["AscendersBane","Strike_R","Strike_R+1","Strike_R","Strike_R+1","Defend_R","Defend_R","Defend_R","Defend_R","Bash","Headbutt","Ghostly Armor+1","Flame Barrier+1","Feel No Pain+1","Warcry+1","Ghostly Armor"],"relics":["Burning Blood","Thread and Needle","Juzu Bracelet"],"potions_floor_usage":[16],"damage_taken":[{"damage":0,"enemies":"2 Louse","floor":1,"turns":3},{"damage":0,"enemies":"Small Slimes","floor":2,"turns":4},{"damage":8,"enemies":"Jaw Worm","floor":4,"turns":5},{"damage":0,"enemies":"2 Fungi Beasts","floor":7,"turns":4},{"damage":7,"enemies":"Looter","floor":8,"turns":3},{"damage":5,"enemies":"Red Slaver","floor":14,"turns":6},{"damage":72,"enemies":"Hexaghost","floor":16,"turns":12}],"seed_played":"3668637750659470169","potions_obtained":[{"floor":4,"key":"Explosive Potion"},{"floor":8,"key":"FearPotion"}],"is_trial":false,"path_per_floor":["M","M","?","M","?","R","M","M","T","R","?","R","?","M","R","B"],"character_chosen":"IRONCLAD","items_purchased":[],"campfire_rested":1,"item_purchase_floors":[],"current_hp_per_floor":[74,75,75,73,66,66,72,71,71,71,48,48,48,49,71,0],"gold":102,"neow_bonus":"ONE_RARE_RELIC","is_prod":false,"is_daily":false,"chose_seed":false,"campfire_upgraded":3,"win_rate":0,"timestamp":1562569910,"path_taken":["M","M","?","M","?","R","M","M","T","R","?","R","?","M","R","BOSS"],"build_version":"2019-07-03","purchased_purges":0,"victory":false,"max_hp_per_floor":[75,75,75,75,75,75,75,75,75,75,75,75,75,75,75,75],"card_choices":[{"not_picked":["Intimidate","Twin Strike"],"picked":"Headbutt","floor":1},{"not_picked":["Havoc","Shrug It Off"],"picked":"Ghostly Armor","floor":2},{"not_picked":["Entrench","Battle Trance"],"picked":"Flame Barrier","floor":4},{"not_picked":["Havoc","Burning Pact"],"picked":"Feel No Pain","floor":7},{"not_picked":["Perfected Strike","Pommel Strike"],"picked":"Warcry","floor":8},{"not_picked":["Twin Strike","Sword Boomerang"],"picked":"Ghostly Armor","floor":14}],"player_experience":686690,"relics_obtained":[{"floor":9,"key":"Juzu Bracelet"}],"event_choices":[{"damage_healed":0,"gold_gain":0,"player_choice":"Grow","damage_taken":0,"max_hp_gain":0,"max_hp_loss":0,"event_name":"Living Wall","floor":3,"gold_loss":0,"cards_upgraded":["Ghostly Armor"]},{"cards_removed":["Strike_R"],"damage_healed":0,"gold_gain":0,"player_choice":"Card Removal","damage_taken":7,"max_hp_gain":0,"max_hp_loss":0,"event_name":"Golden Wing","floor":5,"gold_loss":0},{"damage_healed":0,"gold_gain":0,"player_choice":"Entered Light","damage_taken":23,"max_hp_gain":0,"max_hp_loss":0,"event_name":"Shining Light","floor":11,"gold_loss":0,"cards_upgraded":["Strike_R","Strike_R"]},{"damage_healed":0,"gold_gain":0,"player_choice":"Fled","damage_taken":0,"max_hp_gain":0,"max_hp_loss":0,"event_name":"Scrap Ooze","floor":13,"gold_loss":0}],"is_beta":true,"boss_relics":[],"items_purged_floors":[],"is_endless":false,"potions_floor_spawned":[4,8],"killed_by":"Hexaghost","ascension_level":19}