{"gold_per_floor":[118,118,118,130,144,176,176,187,211,225,225,225,30,56,56,56],"floor_reached":16,"playtime":734,"items_purged":[],"score":171,"play_id":"a5aa6713-b02d-475a-9c25-dc5c40859582","local_time":"20190709084847","is_ascension_mode":true,"campfire_choices":[{"floor":7,"key":"REST"},{"floor":11,"key":"REST"},{"floor":15,"key":"REST"}],"neow_cost":"NONE","seed_source_timestamp":354053317513872,"circlet_count":0,"master_deck":["AscendersBane","Strike_G","Strike_G","Strike_G","Strike_G","Defend_G","Defend_G","Defend_G","Defend_G","Defend_G","Survivor","Neutralize","Noxious Fumes","Heel Hook","Acrobatics","Deadly Poison","Footwork","Adrenaline","Calculated Gamble"],"relics":["Ring of the Snake","NeowsBlessing","Bronze Scales","Dream Catcher","Orichalcum"],"potions_floor_usage":[6,6,14,16,16,16],"damage_taken":[{"damage":0,"enemies":"2 Louse","floor":1,"turns":1},{"damage":0,"enemies":"Jaw Worm","floor":4,"turns":1},{"damage":0,"enemies":"Cultist","floor":5,"turns":1},{"damage":35,"enemies":"3 Sentries","floor":6,"turns":10},{"damage":21,"enemies":"3 Louse","floor":8,"turns":4},{"damage":21,"enemies":"Exordium Thugs","floor":10,"turns":4},{"damage":24,"enemies":"Lagavulin","floor":14,"turns":8},{"damage":33,"enemies":"Slime Boss","floor":16,"turns":10}],"seed_played":"-8810335711299797316","potions_obtained":[{"floor":1,"key":"GamblersBrew"},{"floor":3,"key":"PowerPotion"},{"floor":3,"key":"LiquidBronze"},{"floor":3,"key":"LiquidBronze"},{"floor":10,"key":"SteroidPotion"},{"floor":14,"key":"EntropicBrew"}],"is_trial":false,"path_per_floor":["M","?","?","M","M","E","R","M","T","M","R","?","$","E","R","B"],"character_chosen":"THE_SILENT","items_purchased":["Footwork","Adrenaline"],"campfire_rested":3,"item_purchase_floors":[13,13],"current_hp_per_floor":[63,63,63,63,63,28,49,28,28,7,28,33,33,9,31,0],"gold":56,"neow_bonus":"THREE_ENEMY_KILL","is_prod":false,"is_daily":false,"chose_seed":false,"campfire_upgraded":0,"win_rate":0,"timestamp":1562676527,"path_taken":["M","?","?","M","?","E","R","M","T","M","R","?","?","E","R","BOSS"],"build_version":"2019-07-03","purchased_purges":0,"victory":false,"max_hp_per_floor":[70,70,70,70,70,70,70,70,70,70,70,75,75,75,75,75],"card_choices":[{"not_picked":["Catalyst","Acrobatics"],"picked":"Noxious Fumes","floor":1},{"not_picked":["Quick Slash","Cloak And Dagger"],"picked":"Acrobatics","floor":4},{"not_picked":["Endless Agony","Sucker Punch","Dagger Throw"],"picked":"SKIP","floor":5},{"not_picked":["Masterful Stab","Underhanded Strike"],"picked":"Deadly Poison","floor":6},{"not_picked":["Dagger Spray","Deflect","PiercingWail"],"picked":"SKIP","floor":8},{"not_picked":["Prepared","Sucker Punch","Deflect"],"picked":"SKIP","floor":10},{"not_picked":["PiercingWail","Skewer","Dagger Throw"],"picked":"SKIP","floor":14},{"not_picked":["Grand Finale","Sucker Punch"],"picked":"Calculated Gamble","floor":15}],"player_experience":731780,"relics_obtained":[{"floor":6,"key":"Bronze Scales"},{"floor":9,"key":"Dream Catcher"},{"floor":14,"key":"Orichalcum"}],"event_choices":[{"damage_healed":0,"gold_gain":0,"cards_transformed":["Strike_G"],"player_choice":"Change","damage_taken":0,"max_hp_gain":0,"max_hp_loss":0,"event_name":"Living Wall","floor":2,"gold_loss":0,"cards_obtained":["Heel Hook"]},{"damage_healed":0,"gold_gain":0,"player_choice":"Got Potions","damage_taken":0,"max_hp_gain":0,"max_hp_loss":0,"event_name":"Lab","floor":3,"gold_loss":0},{"damage_healed":0,"gold_gain":0,"player_choice":"Donut","damage_taken":0,"max_hp_gain":5,"max_hp_loss":0,"event_name":"Big Fish","floor":12,"gold_loss":0}],"is_beta":true,"boss_relics":[],"items_purged_floors":[],"is_endless":false,"potions_floor_spawned":[1,5,10,14],"killed_by":"Slime Boss","ascension_level":11}