{"gold_per_floor":[14,24,24,48,68,68,84,84,163,163,179,204,204,204,204,294,294,313,338,338,338],"floor_reached":21,"playtime":1027,"items_purged":[],"score":333,"play_id":"1b49d47c-f0b4-4b34-871d-1cd11304fbb7","local_time":"20190707215149","is_ascension_mode":true,"campfire_choices":[{"floor":6,"key":"REST"},{"data":"Inflame","floor":8,"key":"SMITH"},{"data":"Shrug It Off","floor":10,"key":"SMITH"},{"floor":13,"key":"REST"},{"data":"Bash","floor":15,"key":"SMITH"}],"neow_cost":"NO_GOLD","seed_source_timestamp":262242624624448,"circlet_count":0,"master_deck":["AscendersBane","Strike_R","Strike_R","Strike_R","Strike_R","Strike_R","Defend_R","Defend_R","Defend_R","Defend_R","Bash+1","Headbutt","Inflame+1","Rampage","Corruption","Shrug It Off+1","Blood for Blood","Disarm","Offering","Iron Wave"],"relics":["Burning Blood","Bottled Lightning","Odd Mushroom","Velvet Choker","Nloth\u0027s Gift"],"potions_floor_usage":[16,16,21,21],"damage_taken":[{"damage":4,"enemies":"2 Louse","floor":1,"turns":3},{"damage":18,"enemies":"Small Slimes","floor":2,"turns":5},{"damage":6,"enemies":"Cultist","floor":4,"turns":4},{"damage":16,"enemies":"Blue Slaver","floor":5,"turns":5},{"damage":17,"enemies":"Looter","floor":7,"turns":3},{"damage":14,"enemies":"3 Louse","floor":11,"turns":4},{"damage":20,"enemies":"The Mushroom Lair","floor":12,"turns":4},{"damage":59,"enemies":"Hexaghost","floor":16,"turns":11},{"damage":33,"enemies":"Spheric Guardian","floor":18,"turns":4},{"damage":32,"enemies":"Shell Parasite","floor":19,"turns":4},{"damage":24,"enemies":"Shelled Parasite and Fungi","floor":21,"turns":3}],"seed_played":"-6012907622633938720","potions_obtained":[{"floor":2,"key":"Dexterity Potion"},{"floor":4,"key":"FearPotion"},{"floor":5,"key":"Regen Potion"},{"floor":11,"key":"EssenceOfSteel"},{"floor":16,"key":"Block Potion"},{"floor":19,"key":"Energy Potion"}],"is_trial":false,"path_per_floor":["M","M","?","M","M","R","M","R","T","R","M","?","R","?","R","B",null,"M","M","?","M"],"character_chosen":"IRONCLAD","items_purchased":[],"campfire_rested":2,"item_purchase_floors":[],"current_hp_per_floor":[84,72,41,41,31,57,46,46,46,46,38,24,50,55,55,17,75,48,22,22,0],"gold":338,"neow_bonus":"TWENTY_PERCENT_HP_BONUS","is_prod":false,"is_daily":false,"chose_seed":false,"campfire_upgraded":3,"win_rate":0,"timestamp":1562550709,"path_taken":["M","M","?","M","M","R","M","R","T","R","M","?","R","?","R","BOSS","M","M","?","?"],"build_version":"2019-07-03","purchased_purges":0,"victory":false,"max_hp_per_floor":[89,89,89,89,89,89,89,89,89,89,89,89,89,94,94,94,94,94,94,94,94],"card_choices":[{"not_picked":["Heavy Blade","Clothesline"],"picked":"Headbutt","floor":1},{"not_picked":["Whirlwind","Wild Strike"],"picked":"Inflame","floor":2},{"not_picked":["Carnage","Warcry"],"picked":"Rampage","floor":4},{"not_picked":["Disarm","Intimidate"],"picked":"Corruption","floor":5},{"not_picked":["Headbutt","Body Slam"],"picked":"Shrug It Off","floor":7},{"not_picked":["Rage","Thunderclap"],"picked":"Blood for Blood","floor":11},{"not_picked":["Metallicize","Thunderclap"],"picked":"Disarm","floor":12},{"not_picked":["Feed","Limit Break"],"picked":"Offering","floor":16},{"not_picked":["Headbutt","Burning Pact"],"picked":"Iron Wave","floor":18},{"not_picked":["Infernal Blade","Clothesline","Cleave+1"],"picked":"SKIP","floor":19}],"player_experience":684842,"relics_obtained":[{"floor":9,"key":"Bottled Lightning"},{"floor":12,"key":"Odd Mushroom"}],"event_choices":[{"damage_healed":0,"gold_gain":0,"player_choice":"Take Damage","damage_taken":31,"relics_obtained":["Golden Idol"],"max_hp_gain":0,"max_hp_loss":0,"event_name":"Golden Idol","floor":3,"gold_loss":0},{"damage_healed":0,"gold_gain":0,"player_choice":"Fought Mushrooms","damage_taken":0,"max_hp_gain":0,"max_hp_loss":0,"event_name":"Mushrooms","floor":12,"gold_loss":0},{"damage_healed":0,"gold_gain":0,"player_choice":"Donut","damage_taken":0,"max_hp_gain":5,"max_hp_loss":0,"event_name":"Big Fish","floor":14,"gold_loss":0},{"damage_healed":0,"gold_gain":0,"player_choice":"Traded Relic","damage_taken":0,"relics_obtained":["Nloth\u0027s Gift"],"max_hp_gain":0,"max_hp_loss":0,"event_name":"N\u0027loth","floor":20,"relics_lost":["Golden Idol"],"gold_loss":0}],"is_beta":true,"boss_relics":[{"not_picked":["Ectoplasm","Black Blood"],"picked":"Velvet Choker"}],"items_purged_floors":[],"is_endless":false,"potions_floor_spawned":[2,4,5,11,16,19],"killed_by":"Shelled Parasite and Fungi","ascension_level":19}