{"gold_per_floor":[119,137,150,35,15,15,43,43,43,43,53,53,84,99,99,195,195,214,227,227,227,243,243,243,260,284,284,138,138,166,178,178,280,280,293,306,306,316,6,6,6,18,18,29,49,63,63,79,79,79],"floor_reached":50,"playtime":38233,"items_purged":["Strike_G"],"score":551,"play_id":"2b3c3948-0e5b-4784-b03a-83f6a2a671c4","local_time":"20190630153156","is_ascension_mode":false,"campfire_choices":[{"data":"Crippling Poison","floor":6,"key":"SMITH"},{"data":"Poisoned Stab","floor":8,"key":"SMITH"},{"floor":15,"key":"REST"},{"floor":24,"key":"REST"},{"floor":27,"key":"REST"},{"floor":32,"key":"REST"},{"floor":40,"key":"REST"},{"floor":47,"key":"REST"},{"floor":49,"key":"REST"}],"neow_cost":"NONE","seed_source_timestamp":1496600658421500,"circlet_count":0,"master_deck":["Defend_G","Defend_G+1","Defend_G","Defend_G+1","Defend_G","Strike_G+1","Strike_G+1","Survivor","Neutralize","Poisoned Stab+1","Acrobatics","Crippling Poison+1","Dash","Dash","Crippling Poison","Adrenaline+1","Backstab","Wraith Form v2","Bane","Crippling Poison+1","Backstab+1","Dark Shackles","Die Die Die","Bane","Heel Hook","Crippling Poison","Envenom","Backstab","Catalyst","Regret","Parasite","Skewer+1","Deadly Poison+1"],"relics":["Ring of the Snake","Potion Belt","Bottled Flame","Whetstone","Gremlin Horn","Lizard Tail","Paper Crane","Dream Catcher","War Paint","Singing Bowl","Cursed Key","Thread and Needle","Darkstone Periapt"],"potions_floor_usage":[13,13,33,33,33,33,33,33,46,50,50,50,50],"damage_taken":[{"damage":2,"enemies":"Small Slimes","floor":1,"turns":4},{"damage":0,"enemies":"2 Louse","floor":2,"turns":3},{"damage":0,"enemies":"Cultist","floor":3,"turns":4},{"damage":0,"enemies":"Gremlin Nob","floor":7,"turns":4},{"damage":3,"enemies":"Red Slaver","floor":11,"turns":3},{"damage":13,"enemies":"3 Sentries","floor":13,"turns":6},{"damage":2,"enemies":"Exordium Thugs","floor":14,"turns":4},{"damage":29,"enemies":"The Guardian","floor":16,"turns":9},{"damage":5,"enemies":"3 Byrds","floor":18,"turns":4},{"damage":6,"enemies":"Shell Parasite","floor":19,"turns":4},{"damage":9,"enemies":"Chosen and Byrds","floor":22,"turns":5},{"damage":12,"enemies":"Snake Plant","floor":25,"turns":3},{"damage":9,"enemies":"Slavers","floor":30,"turns":4},{"damage":0,"enemies":"Centurion and Healer","floor":31,"turns":5},{"damage":35,"enemies":"Automaton","floor":33,"turns":12},{"damage":2,"enemies":"Orb Walker","floor":35,"turns":5},{"damage":8,"enemies":"3 Darklings","floor":36,"turns":6},{"damage":4,"enemies":"Transient","floor":38,"turns":5},{"damage":11,"enemies":"Maw","floor":42,"turns":8},{"damage":6,"enemies":"Writhing Mass","floor":44,"turns":4},{"damage":29,"enemies":"Transient","floor":45,"turns":5},{"damage":4,"enemies":"Sphere and 2 Shapes","floor":46,"turns":3},{"damage":0,"enemies":"Jaw Worm Horde","floor":48,"turns":5},{"damage":165,"enemies":"Time Eater","floor":50,"turns":15}],"seed_played":"-4351498452550254952","potions_obtained":[{"floor":3,"key":"SteroidPotion"},{"floor":7,"key":"GhostInAJar"},{"floor":11,"key":"Explosive Potion"},{"floor":14,"key":"SkillPotion"},{"floor":22,"key":"SkillPotion"},{"floor":25,"key":"FearPotion"},{"floor":29,"key":"EntropicBrew"},{"floor":29,"key":"Fruit Juice"},{"floor":29,"key":"LiquidBronze"},{"floor":33,"key":"Dexterity Potion"},{"floor":35,"key":"GamblersBrew"},{"floor":44,"key":"Regen Potion"}],"is_trial":false,"path_per_floor":["M","M","M","$","?","R","E","R","T","?","M","$","E","M","R","B",null,"M","M","?","T","M","?","R","M","T","R","$","?","E","M","R","B",null,"M","M","?","M","$","R","?","M","T","M","M","M","R","M","R","B"],"character_chosen":"THE_SILENT","items_purchased":["Dash","War Paint","Thread and Needle"],"campfire_rested":7,"item_purchase_floors":[4,28,39],"current_hp_per_floor":[68,68,68,68,68,68,68,68,68,68,65,65,52,50,70,41,70,65,59,59,59,50,36,57,45,45,66,66,66,57,57,70,40,75,75,69,69,67,67,81,81,70,70,72,45,53,80,82,95,0],"gold":79,"neow_bonus":"RANDOM_COMMON_RELIC","is_prod":false,"is_daily":false,"chose_seed":false,"campfire_upgraded":2,"win_rate":0.0,"timestamp":1561923116,"path_taken":["M","M","M","$","?","R","E","R","T","?","M","$","E","?","R","BOSS","M","M","?","?","M","?","R","?","T","R","?","?","E","M","R","BOSS","M","M","?","?","$","R","?","?","T","M","M","M","R","M","R","BOSS"],"build_version":"2019-01-23","purchased_purges":1,"victory":false,"max_hp_per_floor":[70,70,70,70,70,70,70,70,70,70,70,70,70,70,70,70,70,70,70,70,70,70,70,70,70,70,70,70,70,70,70,70,75,75,77,79,79,81,81,81,81,81,81,89,91,91,91,93,95,95],"card_choices":[{"not_picked":["Finisher","Well Laid Plans"],"picked":"Poisoned Stab","floor":1},{"not_picked":["PiercingWail","Blade Dance"],"picked":"Acrobatics","floor":2},{"not_picked":["Deadly Poison","Dodge and Roll"],"picked":"Crippling Poison","floor":3},{"not_picked":["Backstab","Flying Knee"],"picked":"Dash","floor":7},{"not_picked":["Quick Slash","Flying Knee"],"picked":"Crippling Poison","floor":11},{"not_picked":["Flying Knee","Underhanded Strike"],"picked":"Adrenaline","floor":13},{"not_picked":["Reflex","Dagger Throw"],"picked":"Backstab","floor":14},{"not_picked":["Adrenaline","Die Die Die"],"picked":"Wraith Form v2","floor":16},{"not_picked":["Outmaneuver","Sucker Punch"],"picked":"Bane","floor":18},{"not_picked":["Flying Knee","Skewer"],"picked":"Crippling Poison+1","floor":19},{"not_picked":["Skewer+1","Bouncing Flask"],"picked":"Backstab+1","floor":22},{"not_picked":["Dagger Spray+1","Tactician","Underhanded Strike"],"picked":"SKIP","floor":25},{"not_picked":["Sucker Punch+1","All Out Attack"],"picked":"Die Die Die","floor":27},{"not_picked":["Blade Dance+1","All Out Attack"],"picked":"Bane","floor":30},{"not_picked":["Footwork","Underhanded Strike"],"picked":"Heel Hook","floor":31},{"not_picked":["Riddle With Holes","Endless Agony"],"picked":"Crippling Poison","floor":32},{"not_picked":["Malaise","After Image"],"picked":"Envenom","floor":33},{"not_picked":["Backflip","Blur","Infinite Blades+1"],"picked":"Singing Bowl","floor":35},{"not_picked":["PiercingWail+1","Backflip+1","Tactician"],"picked":"Singing Bowl","floor":36},{"not_picked":["Dagger Throw+1","Sucker Punch","Predator+1"],"picked":"Singing Bowl","floor":38},{"not_picked":["Dagger Throw+1","PiercingWail"],"picked":"Backstab","floor":40},{"not_picked":["Dodge and Roll+1","Deflect"],"picked":"Catalyst","floor":42},{"not_picked":["Reflex+1","Quick Slash","Prepared"],"picked":"Singing Bowl","floor":44},{"not_picked":["Underhanded Strike","Bane","Quick Slash"],"picked":"Singing Bowl","floor":45},{"not_picked":["Heel Hook","Dodge and Roll+1"],"picked":"Skewer+1","floor":46},{"not_picked":["Dagger Throw","Die Die Die"],"picked":"Deadly Poison+1","floor":47},{"not_picked":["Quick Slash+1","Expertise","Reflex"],"picked":"Singing Bowl","floor":48},{"not_picked":["Quick Slash+1","Blur","Prepared"],"picked":"Singing Bowl","floor":49}],"player_experience":65224,"relics_obtained":[{"floor":7,"key":"Bottled Flame"},{"floor":9,"key":"Whetstone"},{"floor":13,"key":"Gremlin Horn"},{"floor":21,"key":"Paper Crane"},{"floor":26,"key":"Dream Catcher"},{"floor":30,"key":"Singing Bowl"},{"floor":43,"key":"Darkstone Periapt"}],"event_choices":[{"damage_healed":0,"gold_gain":0,"player_choice":"Left Gold","damage_taken":0,"max_hp_gain":0,"max_hp_loss":0,"event_name":"World of Goop","floor":5,"gold_loss":20},{"cards_removed":["Strike_G"],"damage_healed":0,"gold_gain":0,"player_choice":"Offered Basic","damage_taken":0,"max_hp_gain":0,"max_hp_loss":0,"event_name":"Bonfire Elementals","floor":10,"gold_loss":0},{"cards_removed":["Strike_G"],"damage_healed":0,"gold_gain":0,"player_choice":"Elegance","damage_taken":0,"max_hp_gain":0,"max_hp_loss":0,"event_name":"Back to Basics","floor":20,"gold_loss":0},{"damage_healed":0,"gold_gain":0,"player_choice":"CARD ","damage_taken":14,"max_hp_gain":0,"max_hp_loss":0,"event_name":"Knowing Skull","floor":23,"potions_obtained":[],"gold_loss":0,"cards_obtained":["Dark Shackles"]},{"damage_healed":0,"gold_gain":0,"player_choice":"Got Potions","damage_taken":0,"max_hp_gain":0,"max_hp_loss":0,"event_name":"Lab","floor":29,"gold_loss":0},{"damage_healed":0,"gold_gain":0,"player_choice":"Leave","damage_taken":0,"max_hp_gain":0,"max_hp_loss":0,"event_name":"FaceTrader","floor":37,"gold_loss":0},{"damage_healed":0,"gold_gain":0,"player_choice":"Forge","damage_taken":0,"max_hp_gain":0,"max_hp_loss":0,"event_name":"Accursed Blacksmith","floor":41,"gold_loss":0,"cards_upgraded":["Adrenaline"]}],"is_beta":false,"boss_relics":[{"not_picked":["Runic Dome","Velvet Choker"],"picked":"Lizard Tail"},{"not_picked":["Eternal Feather","Ring of the Serpent"],"picked":"Cursed Key"}],"items_purged_floors":[4],"is_endless":false,"potions_floor_spawned":[3,7,11,14,22,25,31,33,35,38,42,44],"killed_by":"Time Eater","ascension_level":0}