{"gold_per_floor":[117,135,15,25,25,53,228,228,253,253,266,277,202,214,214,319,319,337,337,12,30,30,30,30,30,30,30,44,54,72,9,9,112,112,123,50,63,63,81,81,81,31,31,0,0,16,32,48,48,48],"floor_reached":51,"playtime":4853,"items_purged":["Strike_B","Doubt","Redo","Writhe"],"score":651,"play_id":"31955f92-7ef3-4fe2-afe9-a15ad798aaab","local_time":"20190709203230","is_ascension_mode":false,"campfire_choices":[{"data":"Zap","floor":8,"key":"SMITH"},{"data":"Defragment","floor":15,"key":"SMITH"},{"floor":23,"key":"REST"},{"data":"Reinforced Body","floor":25,"key":"SMITH"},{"data":"Redo","floor":27,"key":"SMITH"},{"floor":32,"key":"REST"},{"floor":40,"key":"REST"},{"data":"Loop","floor":45,"key":"SMITH"},{"floor":49,"key":"REST"}],"neow_cost":"NONE","seed_source_timestamp":1440248953237800,"circlet_count":0,"master_deck":["Zap+1","Dualcast","Sunder","Ball Lightning","Conserve Battery","Loop+1","Ball Lightning","Defragment+1","Rainbow+1","Chaos+1","Redo+1","Melter","Capacitor","Reinforced Body+1","Hologram","Steam+1","Redo+1","Compile Driver","Turbo+1","Coolheaded+1","Conserve Battery+1","Coolheaded+1","Rainbow+1","Machine Learning+1","Barrage+1","Reprogram+1","Rip and Tear+1","Coolheaded+1","Redo+1","Conserve Battery+1","Loop+1","Conserve Battery+1","Hologram+1","Conserve Battery+1","Electrodynamics+1","Tempest+1"],"relics":["Cracked Core","Regal Pillow","Vajra","Smiling Mask","Dream Catcher","Matryoshka","Pandora\u0027s Box","Toxic Egg 2","Nilry\u0027s Codex","Frozen Egg 2","Shuriken","War Paint","Astrolabe","Ancient Tea Set","Boot","Red Mask"],"potions_floor_usage":[33,50,50,50],"damage_taken":[{"damage":0,"enemies":"Cultist","floor":1,"turns":4},{"damage":0,"enemies":"Small Slimes","floor":2,"turns":3},{"damage":6,"enemies":"Jaw Worm","floor":4,"turns":3},{"damage":12,"enemies":"3 Sentries","floor":6,"turns":5},{"damage":0,"enemies":"Exordium Wildlife","floor":11,"turns":2},{"damage":2,"enemies":"Blue Slaver","floor":12,"turns":3},{"damage":1,"enemies":"3 Louse","floor":14,"turns":2},{"damage":26,"enemies":"Hexaghost","floor":16,"turns":7},{"damage":1,"enemies":"Chosen","floor":18,"turns":4},{"damage":12,"enemies":"Shell Parasite","floor":19,"turns":4},{"damage":13,"enemies":"Chosen and Byrds","floor":21,"turns":5},{"damage":27,"enemies":"Snake Plant","floor":28,"turns":3},{"damage":8,"enemies":"Snecko","floor":29,"turns":3},{"damage":4,"enemies":"Cultist and Chosen","floor":30,"turns":5},{"damage":18,"enemies":"Collector","floor":33,"turns":8},{"damage":32,"enemies":"3 Darklings","floor":35,"turns":6},{"damage":26,"enemies":"3 Shapes","floor":37,"turns":3},{"damage":22,"enemies":"Transient","floor":39,"turns":5},{"damage":17,"enemies":"Jaw Worm Horde","floor":46,"turns":3},{"damage":11,"enemies":"Sphere and 2 Shapes","floor":47,"turns":5},{"damage":14,"enemies":"3 Darklings","floor":48,"turns":5},{"damage":28,"enemies":"Donu and Deca","floor":50,"turns":6}],"seed_played":"-103382672803537550","potions_obtained":[{"floor":4,"key":"Ancient Potion"},{"floor":6,"key":"Fire Potion"},{"floor":14,"key":"FairyPotion"},{"floor":16,"key":"FocusPotion"},{"floor":35,"key":"EssenceOfSteel"},{"floor":47,"key":"FocusPotion"}],"is_trial":false,"path_per_floor":["M","M","$","M","?","E","?","R","T","T","M","M","$","M","R","B",null,"M","M","$","M","?","R","?","R","T","R","M","M","M","?","R","B",null,"M","$","M","?","M","R","?","$","T","?","R","M","M","M","R","B",null],"character_chosen":"DEFECT","items_purchased":["Ball Lightning","Ball Lightning","Toxic Egg 2","Redo+1","Compile Driver","Redo+1"],"campfire_rested":4,"item_purchase_floors":[3,13,20,20,20,36],"current_hp_per_floor":[75,75,75,69,51,39,39,39,39,39,39,37,37,36,36,10,75,74,62,62,49,33,70,75,75,75,75,48,40,36,36,73,55,75,43,43,17,17,7,44,63,63,63,63,63,46,35,21,58,30],"gold":48,"neow_bonus":"RANDOM_COMMON_RELIC","is_prod":false,"is_daily":false,"chose_seed":false,"campfire_upgraded":5,"win_rate":0.0,"timestamp":1562671950,"path_taken":["M","M","?","?","?","E","?","R","T","?","M","M","$","?","R","BOSS","M","M","$","M","?","R","?","R","T","R","M","?","M","?","R","BOSS","M","?","M","?","M","R","?","$","T","?","R","M","M","M","R","BOSS"],"build_version":"2019-07-05","purchased_purges":4,"victory":true,"max_hp_per_floor":[75,75,75,75,75,75,75,75,75,75,75,75,75,75,75,75,75,75,75,75,75,75,75,75,75,75,75,75,75,75,75,75,75,75,75,75,75,75,75,75,75,75,75,75,75,75,75,75,75,75],"card_choices":[{"not_picked":["Steam","Consume"],"picked":"Sunder","floor":1},{"not_picked":["Gash","Steam"],"picked":"Redo","floor":2},{"not_picked":["Aggregate","Reprogram"],"picked":"Ball Lightning","floor":4},{"not_picked":["Barrage","Turbo"],"picked":"Conserve Battery","floor":6},{"not_picked":["Fusion","Beam Cell","Chaos"],"picked":"SKIP","floor":11},{"not_picked":["Force Field","Rebound"],"picked":"Loop","floor":12},{"not_picked":["Turbo","Auto Shields"],"picked":"Defragment","floor":14},{"not_picked":["Multi-Cast","Seek"],"picked":"Rainbow","floor":16},{"not_picked":["Gash","Cold Snap"],"picked":"Hologram","floor":18},{"not_picked":["Barrage","Go for the Eyes"],"picked":"Steam+1","floor":19},{"not_picked":["Sunder","Chaos+1"],"picked":"Genetic Algorithm+1","floor":21},{"not_picked":["Lockon","Recycle+1"],"picked":"Turbo+1","floor":23},{"not_picked":["Fusion+1","Blizzard"],"picked":"Coolheaded+1","floor":28},{"not_picked":["Cold Snap+1","Go for the Eyes"],"picked":"Conserve Battery+1","floor":29},{"not_picked":["Aggregate+1","Barrage"],"picked":"Coolheaded+1","floor":30},{"not_picked":["Steam Power+1","Ball Lightning"],"picked":"Rainbow+1","floor":32},{"not_picked":["Thunder Strike","Core Surge"],"picked":"Machine Learning+1","floor":33},{"not_picked":["Gash+1","Doom and Gloom"],"picked":"Coolheaded+1","floor":35},{"not_picked":["Leap+1","Storm+1"],"picked":"Conserve Battery+1","floor":37},{"not_picked":["Beam Cell+1","BootSequence+1"],"picked":"Loop+1","floor":39},{"not_picked":["Barrage","Sunder"],"picked":"Conserve Battery+1","floor":40},{"not_picked":["Stack+1","Static Discharge+1"],"picked":"Hologram+1","floor":46},{"not_picked":["Barrage+1","Cold Snap+1"],"picked":"Conserve Battery+1","floor":47},{"not_picked":["Recycle+1","Turbo+1"],"picked":"Electrodynamics+1","floor":48},{"not_picked":["Rebound","Compile Driver"],"picked":"Tempest+1","floor":49}],"player_experience":71844,"relics_obtained":[{"floor":6,"key":"Smiling Mask"},{"floor":9,"key":"Dream Catcher"},{"floor":10,"key":"Matryoshka"},{"floor":22,"key":"Nilry\u0027s Codex"},{"floor":26,"key":"Frozen Egg 2"},{"floor":26,"key":"Shuriken"},{"floor":43,"key":"Ancient Tea Set"},{"floor":43,"key":"Boot"}],"event_choices":[{"damage_healed":0,"gold_gain":0,"player_choice":"Success","damage_taken":18,"relics_obtained":["Vajra"],"max_hp_gain":0,"max_hp_loss":0,"event_name":"Scrap Ooze","floor":5,"gold_loss":0},{"damage_healed":0,"gold_gain":175,"player_choice":"AGREE","damage_taken":0,"max_hp_gain":0,"max_hp_loss":0,"event_name":"Liars Game","floor":7,"gold_loss":0,"cards_obtained":["Doubt"]},{"damage_healed":0,"gold_gain":0,"player_choice":"Obtained Book","damage_taken":16,"max_hp_gain":0,"max_hp_loss":0,"event_name":"Cursed Tome","floor":22,"gold_loss":0},{"damage_healed":5,"gold_gain":0,"player_choice":"Full Heal","damage_taken":0,"max_hp_gain":0,"max_hp_loss":0,"event_name":"Wheel of Change","floor":24,"gold_loss":0},{"damage_healed":0,"gold_gain":0,"player_choice":"Paid Gold","damage_taken":0,"relics_obtained":["War Paint"],"max_hp_gain":0,"max_hp_loss":0,"event_name":"WeMeetAgain","floor":31,"gold_loss":63},{"cards_removed":["Lockon"],"damage_healed":0,"gold_gain":0,"player_choice":"Removed Attack","damage_taken":0,"max_hp_gain":0,"max_hp_loss":0,"event_name":"Falling","floor":38,"gold_loss":0},{"damage_healed":19,"gold_gain":0,"player_choice":"Writhe","damage_taken":0,"max_hp_gain":0,"max_hp_loss":0,"event_name":"Winding Halls","floor":41,"gold_loss":0,"cards_obtained":["Writhe"]},{"damage_healed":0,"gold_gain":0,"player_choice":"Paid","damage_taken":0,"relics_obtained":["Red Mask"],"max_hp_gain":0,"max_hp_loss":0,"event_name":"Tomb of Lord Red Mask","floor":44,"gold_loss":31}],"is_beta":false,"boss_relics":[{"not_picked":["Philosopher\u0027s Stone","Coffee Dripper"],"picked":"Pandora\u0027s Box"},{"not_picked":["Velvet Choker","FrozenCore"],"picked":"Astrolabe"}],"items_purged_floors":[3,13,36,42],"is_endless":false,"potions_floor_spawned":[4,6,14,16,21,28,29,35,47],"ascension_level":0}