{"gold_per_floor":[117,128,146,157,233,233,246,246,295,311,311,327,340,369,369,466,466,478,478,490,134,334,334,351,26,74,94,105,105,123,138,138,237,287,287,287,287,306,156,189,209,309,361,361,373,385,400,430,430,430],"floor_reached":51,"playtime":7244,"items_purged":[],"score":792,"play_id":"35a2750e-6c55-499d-ae2d-64abdf3a7104","local_time":"20190629033018","is_ascension_mode":false,"campfire_choices":[{"data":"Bash","floor":6.0,"key":"SMITH"},{"data":"Inflame","floor":8.0,"key":"SMITH"},{"data":"Searing Blow","floor":11.0,"key":"SMITH"},{"floor":15.0,"key":"REST"},{"data":"Feed","floor":23.0,"key":"SMITH"},{"floor":29.0,"key":"REST"},{"floor":32.0,"key":"REST"},{"floor":44,"key":"REST"},{"floor":49,"key":"REST"}],"neow_cost":"NONE","seed_source_timestamp":0,"circlet_count":0,"master_deck":["Strike_R","Strike_R","Strike_R","Strike_R","Strike_R","Defend_R","Defend_R","Defend_R","Defend_R","Bash+1","Sever Soul","Dropkick","Ghostly Armor","Searing Blow+1","Inflame+1","Clothesline","Clash","Body Slam","Uppercut","Feed+1","Iron Wave","Feel No Pain","Metamorphosis","Fire Breathing","Finesse","Body Slam+1","Armaments+1","Mind Blast","Mind Blast","Metallicize","Warcry","Cleave","Metallicize","Demon Form","Shrug It Off","Finesse","Dramatic Entrance","Rage+1","Entrench+1","Parasite","Twin Strike+1","Disarm+1","Reaper","Pommel Strike","Flex+1","Disarm+1"],"special_seed":0,"relics":["Burning Blood","Bag of Preparation","Bottled Flame","Mark of Pain","MutagenicStrength","DollysMirror","Lantern","Tiny House","Bag of Marbles","Oddly Smooth Stone","Peace Pipe","Boot","Ice Cream"],"potions_floor_usage":[41,42,42,42,48,50],"damage_taken":[{"damage":9.0,"enemies":"2 Louse","floor":1.0,"turns":3.0},{"damage":1.0,"enemies":"Jaw Worm","floor":2.0,"turns":3.0},{"damage":0.0,"enemies":"Cultist","floor":3.0,"turns":2.0},{"damage":6.0,"enemies":"Large Slime","floor":4.0,"turns":10.0},{"damage":7.0,"enemies":"Blue Slaver","floor":7.0,"turns":3.0},{"damage":9.0,"enemies":"3 Louse","floor":10.0,"turns":5.0},{"damage":19.0,"enemies":"Exordium Thugs","floor":12.0,"turns":4.0},{"damage":16.0,"enemies":"Lots of Slimes","floor":13.0,"turns":4.0},{"damage":26.0,"enemies":"Lagavulin","floor":14.0,"turns":4.0},{"damage":18.0,"enemies":"Slime Boss","floor":16.0,"turns":8.0},{"damage":13.0,"enemies":"3 Byrds","floor":18.0,"turns":5.0},{"damage":25.0,"enemies":"Spheric Guardian","floor":20.0,"turns":4.0},{"damage":26.0,"enemies":"Snake Plant","floor":24.0,"turns":5.0},{"damage":17.0,"enemies":"Snecko","floor":27.0,"turns":5.0},{"damage":26.0,"enemies":"Shelled Parasite and Fungi","floor":28.0,"turns":7.0},{"damage":10.0,"enemies":"Centurion and Healer","floor":30.0,"turns":5.0},{"damage":0.0,"enemies":"Snake Plant","floor":31.0,"turns":2.0},{"damage":61.0,"enemies":"Collector","floor":33.0,"turns":9.0},{"damage":10,"enemies":"Orb Walker","floor":35,"turns":2},{"damage":20,"enemies":"3 Shapes","floor":38,"turns":2},{"damage":48,"enemies":"Reptomancer","floor":40,"turns":8},{"damage":15,"enemies":"Writhing Mass","floor":41,"turns":4},{"damage":0,"enemies":"Mind Bloom Boss Battle","floor":42,"turns":6},{"damage":0,"enemies":"Jaw Worm Horde","floor":45,"turns":2},{"damage":2,"enemies":"4 Shapes","floor":46,"turns":3},{"damage":8,"enemies":"Spire Growth","floor":47,"turns":3},{"damage":82,"enemies":"Giant Head","floor":48,"turns":10},{"damage":69,"enemies":"Awakened One","floor":50,"turns":13}],"seed_played":"8815687786298761828","potions_obtained":[{"floor":3.0,"key":"AttackPotion"},{"floor":4.0,"key":"EssenceOfSteel"},{"floor":12.0,"key":"Poison Potion"},{"floor":14.0,"key":"Explosive Potion"},{"floor":24.0,"key":"AttackPotion"},{"floor":27.0,"key":"Ancient Potion"},{"floor":30.0,"key":"AttackPotion"},{"floor":34,"key":"EssenceOfSteel"},{"floor":38,"key":"PowerPotion"},{"floor":40,"key":"Fire Potion"},{"floor":41,"key":"Weak Potion"},{"floor":47,"key":"Ancient Potion"},{"floor":48,"key":"Dexterity Potion"}],"is_trial":false,"path_per_floor":["M","M","M","M","?","R","M","R","T","M","R","M","M","E","R","B",null,"M","?","M","$","?","R","M","$","T","M","M","R","M","M","R","B",null,"M","?","?","M","$","E","M","?","T","R","M","M","M","E","R","B",null],"character_chosen":"IRONCLAD","items_purchased":["Metamorphosis","Fire Breathing","Finesse","Armaments","Mind Blast","DollysMirror","Bag of Marbles"],"campfire_rested":5,"item_purchase_floors":[21,21,21,25,25,25,39],"current_hp_per_floor":[85,88,88,88,88,88,87,87,87,84,84,71,61,41,67,55,88,84,84,65,65,65,65,49,49,49,38,18,46,46,52,81,26,104,100,95,95,81,81,43,34,40,40,72,78,96,94,25,58,43],"gold":430,"neow_bonus":"TEN_PERCENT_HP_BONUS","is_prod":false,"is_daily":false,"chose_seed":false,"campfire_upgraded":4,"win_rate":0.0,"timestamp":1561793418,"path_taken":["M","M","M","M","?","R","M","R","T","M","R","M","M","E","R","BOSS","M","?","M","$","?","R","M","$","T","M","?","R","M","M","R","BOSS","M","?","?","M","$","E","M","?","T","R","M","M","M","E","R","BOSS"],"build_version":"2019-01-23","purchased_purges":0,"victory":true,"max_hp_per_floor":[88,88,88,88,88,88,88,88,88,88,88,88,88,88,88,88,88,91,91,91,91,91,91,95,95,95,95,95,95,99,99,99,99,104,104,104,104,104,104,108,108,108,108,108,108,112,112,112,112,112],"card_choices":[{"not_picked":["Twin Strike","Sword Boomerang"],"picked":"Sever Soul","floor":1.0},{"not_picked":["Iron Wave","Pommel Strike"],"picked":"Dropkick","floor":2.0},{"not_picked":["Headbutt","Hemokinesis"],"picked":"Ghostly Armor","floor":3.0},{"not_picked":["Sever Soul","Offering"],"picked":"Searing Blow","floor":4.0},{"not_picked":["Cleave","Pummel"],"picked":"Inflame","floor":7.0},{"not_picked":["True Grit","Rupture"],"picked":"Clothesline","floor":10.0},{"not_picked":["Pommel Strike","Cleave"],"picked":"Clash","floor":12.0},{"not_picked":["Reckless Charge","Sword Boomerang"],"picked":"Body Slam","floor":13.0},{"not_picked":["Whirlwind","Combust"],"picked":"Uppercut","floor":14.0},{"not_picked":["Berserk","Dark Embrace"],"picked":"Feed","floor":16.0},{"not_picked":["Cleave","Twin Strike"],"picked":"Iron Wave","floor":18.0},{"not_picked":["Twin Strike","Cleave"],"picked":"Feel No Pain","floor":20.0},{"not_picked":["Clash","Sword Boomerang"],"picked":"Body Slam+1","floor":24.0},{"not_picked":["Dropkick","Iron Wave"],"picked":"Metallicize","floor":27.0},{"not_picked":["Combust","Burning Pact"],"picked":"Warcry","floor":28.0},{"not_picked":["Headbutt","Flex"],"picked":"Cleave","floor":30.0},{"not_picked":["Thunderclap","Twin Strike"],"picked":"Metallicize","floor":31.0},{"not_picked":["Bludgeon","Double Tap"],"picked":"Demon Form","floor":33.0},{"not_picked":["Cleave","Infernal Blade"],"picked":"Shrug It Off","floor":34},{"not_picked":["Warcry+1","Reckless Charge+1","Dropkick+1"],"picked":"SKIP","floor":35},{"not_picked":["Panacea","Jack Of All Trades"],"picked":"Finesse","floor":36},{"not_picked":["Jack Of All Trades","Good Instincts"],"picked":"Dramatic Entrance","floor":36},{"not_picked":["Shrug It Off+1","Flex"],"picked":"Rage+1","floor":38},{"not_picked":["Dual Wield","Cleave+1"],"picked":"Entrench+1","floor":40},{"not_picked":["Anger+1","True Grit"],"picked":"Twin Strike+1","floor":41},{"not_picked":["Warcry+1","Iron Wave+1"],"picked":"Disarm+1","floor":42},{"not_picked":["Body Slam","Flex"],"picked":"Reaper","floor":45},{"not_picked":["Carnage+1","Warcry+1"],"picked":"Pommel Strike","floor":46},{"not_picked":["Perfected Strike+1","Pommel Strike"],"picked":"Flex+1","floor":47},{"not_picked":["Barricade","Armaments"],"picked":"Disarm+1","floor":48}],"player_experience":8739,"relics_obtained":[{"floor":9.0,"key":"Bag of Preparation"},{"floor":14.0,"key":"Bottled Flame"},{"floor":26.0,"key":"Lantern"},{"floor":40,"key":"Oddly Smooth Stone"},{"floor":42,"key":"Peace Pipe"},{"floor":43,"key":"Boot"},{"floor":48,"key":"Ice Cream"}],"event_choices":[{"damage_healed":0.0,"max_hp_gain":0.0,"max_hp_loss":0.0,"gold_gain":76.0,"event_name":"Golden Wing","player_choice":"Gained Gold","floor":5.0,"gold_loss":0.0,"damage_taken":0.0},{"damage_healed":0.0,"max_hp_gain":0.0,"max_hp_loss":0.0,"gold_gain":0.0,"event_name":"Drug Dealer","player_choice":"Inject Mutagens","floor":19.0,"gold_loss":0.0,"damage_taken":0.0,"relics_obtained":["MutagenicStrength"]},{"damage_healed":0.0,"max_hp_gain":0.0,"max_hp_loss":0.0,"gold_gain":250.0,"event_name":"The Joust","player_choice":"Bet on Owner","floor":22.0,"gold_loss":50.0,"damage_taken":0.0},{"damage_healed":0,"gold_gain":0,"player_choice":"Memory 2","damage_taken":5,"max_hp_gain":0,"max_hp_loss":0,"event_name":"SensoryStone","floor":36,"gold_loss":0},{"damage_healed":0,"gold_gain":0,"player_choice":"Ignored","damage_taken":0,"max_hp_gain":0,"max_hp_loss":0,"event_name":"Tomb of Lord Red Mask","floor":37,"gold_loss":0},{"damage_healed":0,"gold_gain":0,"player_choice":"Fight","damage_taken":0,"max_hp_gain":0,"max_hp_loss":0,"event_name":"MindBloom","floor":42,"gold_loss":0}],"is_beta":false,"boss_relics":[{"not_picked":["Cursed Key","Runic Cube"],"picked":"Mark of Pain"},{"not_picked":["Calling Bell","Snecko Eye"],"picked":"Tiny House"}],"items_purged_floors":[],"is_endless":false,"potions_floor_spawned":[3,4,12,13,14,24,27,30,38,40,41,47,48],"ascension_level":0}