{"gold_per_floor":[119,119,135,150,169,199,199,213,236,311,311,331,359,373,373,468,468,483,483,463,65,82,82,82,96,119,119],"floor_reached":27,"playtime":1474,"items_purged":["Strike_R"],"score":270,"play_id":"b025a04c-00e2-407b-aed3-561f0b4e86cd","local_time":"20190518161917","is_ascension_mode":true,"campfire_choices":[{"floor":7.0,"key":"REST"},{"floor":15.0,"key":"REST"},{"floor":23,"key":"REST"}],"neow_cost":"NONE","seed_source_timestamp":83457487640857,"circlet_count":0,"master_deck":["Defend_R","Defend_R","Defend_R","Defend_R","Bash","Twin Strike+1","Juggernaut","Pommel Strike","Shockwave","Seeing Red","Disarm","Inflame","Twin Strike+1","Fiend Fire","Flame Barrier","Trip","Metallicize","Second Wind"],"special_seed":0,"relics":["Burning Blood","Bag of Marbles","Pen Nib","Juzu Bracelet","Empty Cage","Whetstone","Omamori"],"potions_floor_usage":[16,16,25],"damage_taken":[{"damage":5.0,"enemies":"Small Slimes","floor":1.0,"turns":4.0},{"damage":1.0,"enemies":"Cultist","floor":3.0,"turns":3.0},{"damage":3.0,"enemies":"2 Louse","floor":4.0,"turns":4.0},{"damage":20.0,"enemies":"Blue Slaver","floor":5.0,"turns":6.0},{"damage":28.0,"enemies":"Gremlin Nob","floor":6.0,"turns":4.0},{"damage":25.0,"enemies":"Gremlin Gang","floor":8.0,"turns":6.0},{"damage":17.0,"enemies":"Lots of Slimes","floor":12.0,"turns":5.0},{"damage":14.0,"enemies":"3 Sentries","floor":13.0,"turns":8.0},{"damage":18.0,"enemies":"Large Slime","floor":14.0,"turns":5.0},{"damage":35,"enemies":"The Guardian","floor":16,"turns":13},{"damage":31,"enemies":"Chosen","floor":18,"turns":5},{"damage":35,"enemies":"Colosseum Slavers","floor":19,"turns":7},{"damage":19,"enemies":"Shell Parasite","floor":22,"turns":5},{"damage":21,"enemies":"Snake Plant","floor":25,"turns":3},{"damage":24,"enemies":"Shelled Parasite and Fungi","floor":27,"turns":4}],"seed_played":"2596038675357623007","potions_obtained":[{"floor":1.0,"key":"Explosive Potion"},{"floor":5.0,"key":"SpeedPotion"},{"floor":6.0,"key":"FearPotion"},{"floor":8.0,"key":"Block Potion"},{"floor":13.0,"key":"BloodPotion"},{"floor":14.0,"key":"Poison Potion"},{"floor":18,"key":"GamblersBrew"},{"floor":20,"key":"SneckoOil"},{"floor":24,"key":"Explosive Potion"},{"floor":24,"key":"Poison Potion"}],"is_trial":false,"path_per_floor":["M","?","M","M","M","E","R","M","T","?","?","M","E","M","R","B",null,"M","?","?","$","M","R","?","M","T","M"],"character_chosen":"IRONCLAD","items_purchased":["Trip","Whetstone","Metallicize"],"campfire_rested":3,"item_purchase_floors":[21,21,21],"current_hp_per_floor":[80,80,80,80,66,44,68,49,49,38,38,27,19,15,39,10,80,55,26,26,26,13,37,37,22,22,0],"gold":119,"neow_bonus":"REMOVE_CARD","is_prod":false,"is_daily":false,"chose_seed":false,"campfire_upgraded":0,"win_rate":0,"timestamp":1558210757,"path_taken":["M","?","M","M","M","E","R","?","T","?","?","M","E","M","R","BOSS","M","?","?","$","M","R","?","M","T","M"],"build_version":"2019-01-23","purchased_purges":1,"victory":false,"max_hp_per_floor":[80,80,80,80,80,80,80,80,80,80,80,80,80,80,80,80,80,80,80,80,80,80,80,80,80,80,80],"card_choices":[{"not_picked":["Dual Wield","Body Slam"],"picked":"Twin Strike","floor":1.0},{"not_picked":["Sword Boomerang","Infernal Blade"],"picked":"Pommel Strike","floor":3.0},{"not_picked":["Cleave","Wild Strike"],"picked":"Shockwave","floor":4.0},{"not_picked":["Impervious","Armaments"],"picked":"Seeing Red","floor":5.0},{"not_picked":["True Grit","Carnage"],"picked":"Disarm","floor":6.0},{"not_picked":["Cleave","Evolve"],"picked":"Inflame","floor":8.0},{"not_picked":["Sword Boomerang","Perfected Strike"],"picked":"Twin Strike","floor":12.0},{"not_picked":["Wild Strike","Seeing Red","Armaments"],"picked":"SKIP","floor":13.0},{"not_picked":["Sword Boomerang","Bloodletting","Wild Strike"],"picked":"SKIP","floor":14.0},{"not_picked":["Brutality","Double Tap"],"picked":"Fiend Fire","floor":16},{"not_picked":["Armaments","Clothesline"],"picked":"Flame Barrier","floor":18},{"not_picked":["Flex","Twin Strike","Thunderclap"],"picked":"SKIP","floor":22},{"not_picked":["Combust","Clash"],"picked":"Second Wind","floor":25}],"player_experience":171592,"relics_obtained":[{"floor":6.0,"key":"Bag of Marbles"},{"floor":9.0,"key":"Pen Nib"},{"floor":13.0,"key":"Juzu Bracelet"},{"floor":26,"key":"Omamori"}],"event_choices":[{"damage_healed":0.0,"max_hp_gain":0.0,"max_hp_loss":0.0,"gold_gain":0.0,"cards_transformed":["Strike_R"],"event_name":"Transmorgrifier","player_choice":"Transformed","floor":2.0,"gold_loss":0.0,"damage_taken":0.0,"cards_obtained":["Juggernaut"]},{"damage_healed":0.0,"max_hp_gain":0.0,"max_hp_loss":0.0,"gold_gain":75.0,"event_name":"World of Goop","player_choice":"Gather Gold","floor":10.0,"gold_loss":0.0,"damage_taken":11.0},{"damage_healed":0.0,"max_hp_gain":0.0,"max_hp_loss":0.0,"gold_gain":0.0,"event_name":"Liars Game","player_choice":"Ignored","floor":11.0,"gold_loss":0.0,"damage_taken":0.0},{"damage_healed":0,"gold_gain":0,"player_choice":"Fight","damage_taken":0,"max_hp_gain":0,"max_hp_loss":0,"event_name":"Colosseum","floor":19,"gold_loss":0},{"damage_healed":0,"gold_gain":0,"player_choice":"Fled From Nobs","damage_taken":0,"max_hp_gain":0,"max_hp_loss":0,"event_name":"Colosseum","floor":19,"gold_loss":0},{"damage_healed":0,"gold_gain":0,"player_choice":"Bought 1 Potion","damage_taken":0,"max_hp_gain":0,"max_hp_loss":0,"event_name":"The Woman in Blue","floor":20,"gold_loss":0},{"damage_healed":0,"gold_gain":0,"player_choice":"Got Potions","damage_taken":0,"max_hp_gain":0,"max_hp_loss":0,"event_name":"Lab","floor":24,"gold_loss":0}],"is_beta":false,"boss_relics":[{"not_picked":["Calling Bell","Mark of Pain"],"picked":"Empty Cage"}],"items_purged_floors":[21],"is_endless":false,"potions_floor_spawned":[1,5,6,8,13,14,18,19],"killed_by":"Shelled Parasite and Fungi","ascension_level":4}