{"gold_per_floor":[111,121,26,26,201,229,248,248,248,266,266,286,286],"floor_reached":13,"playtime":644,"items_purged":[],"score":110,"play_id":"3f66273e-0e46-40df-827f-25f24da8b218","local_time":"20190704130307","is_ascension_mode":false,"campfire_choices":[{"floor":11,"key":"DIG"}],"neow_cost":"NONE","seed_source_timestamp":316554089831384,"circlet_count":0,"master_deck":["Strike_B","Strike_B","Strike_B","Strike_B","Defend_B","Defend_B","Defend_B","Defend_B","Zap","Dualcast","Gash","Rebound+1","Static Discharge+1","Rebound","Doubt","Melter","Redo","Heatsinks","Beam Cell"],"relics":["Cracked Core","NeowsBlessing","Girya","Shovel","Darkstone Periapt","Happy Flower"],"potions_floor_usage":[13,13],"damage_taken":[{"damage":0,"enemies":"Cultist","floor":1,"turns":1},{"damage":0,"enemies":"Small Slimes","floor":2,"turns":1},{"damage":0,"enemies":"Gremlin Nob","floor":6,"turns":1},{"damage":1,"enemies":"Jaw Worm","floor":7,"turns":3},{"damage":12,"enemies":"3 Louse","floor":10,"turns":3},{"damage":34,"enemies":"Gremlin Gang","floor":12,"turns":3},{"damage":12,"enemies":"Exordium Thugs","floor":13,"turns":1}],"seed_played":"-6589469840590589729","potions_obtained":[{"floor":2,"key":"Dexterity Potion"},{"floor":6,"key":"AttackPotion"}],"is_trial":false,"path_per_floor":["M","M","$","?","?","E","M","?","T","M","R","M","M"],"character_chosen":"DEFECT","items_purchased":["Static Discharge","Rebound"],"campfire_rested":0,"item_purchase_floors":[3,3],"current_hp_per_floor":[75,75,75,60,60,60,59,52,52,40,40,6,0],"gold":286,"neow_bonus":"THREE_ENEMY_KILL","is_prod":false,"is_daily":false,"chose_seed":false,"campfire_upgraded":0,"win_rate":0.0,"timestamp":1562256187,"path_taken":["M","M","$","?","?","E","M","?","T","M","R","M","M"],"build_version":"2019-07-01","purchased_purges":0,"victory":false,"max_hp_per_floor":[75,75,75,75,75,75,75,75,75,75,75,75,75],"card_choices":[{"not_picked":["Cold Snap","Turbo"],"picked":"Gash","floor":1},{"not_picked":["Hologram","Scrape"],"picked":"Rebound","floor":2},{"not_picked":["Doom and Gloom","Scrape"],"picked":"Melter","floor":6},{"not_picked":["Steam","Streamline"],"picked":"Redo","floor":7},{"not_picked":["Reinforced Body","Redo"],"picked":"Heatsinks","floor":10},{"not_picked":["Reprogram","Electrodynamics"],"picked":"Beam Cell","floor":12}],"player_experience":42188,"relics_obtained":[{"floor":6,"key":"Girya"},{"floor":9,"key":"Darkstone Periapt"},{"floor":11,"key":"Happy Flower"}],"event_choices":[{"damage_healed":0,"gold_gain":0,"player_choice":"Entered Light","damage_taken":15,"max_hp_gain":0,"max_hp_loss":0,"event_name":"Shining Light","floor":4,"gold_loss":0,"cards_upgraded":["Rebound","Static Discharge"]},{"damage_healed":0,"gold_gain":175,"player_choice":"AGREE","damage_taken":0,"max_hp_gain":0,"max_hp_loss":0,"event_name":"Liars Game","floor":5,"gold_loss":0,"cards_obtained":["Doubt"]},{"damage_healed":0,"gold_gain":0,"player_choice":"Success","damage_taken":7,"relics_obtained":["Shovel"],"max_hp_gain":0,"max_hp_loss":0,"event_name":"Scrap Ooze","floor":8,"gold_loss":0}],"is_beta":false,"boss_relics":[],"items_purged_floors":[],"is_endless":false,"potions_floor_spawned":[2,6],"killed_by":"Exordium Thugs","ascension_level":0}