{"gold_per_floor":[113,123,123,47,57,57,83,83,83,83,103,138,149,74,74,151,151,161,234,234,253,253],"floor_reached":22,"playtime":852,"items_purged":["Strike_R"],"score":388,"play_id":"7ade1cb3-6789-4803-8afb-e776b08abd77","local_time":"20190708065031","is_ascension_mode":true,"campfire_choices":[{"data":"Carnage","floor":6,"key":"SMITH"},{"data":"Exhume","floor":8,"key":"SMITH"},{"floor":15,"key":"REST"}],"neow_cost":"NONE","seed_source_timestamp":280331610170946,"circlet_count":0,"master_deck":["AscendersBane","Strike_R","Strike_R","Strike_R","Defend_R","Defend_R","Defend_R","Defend_R+1","Bash","Carnage+1","Dual Wield","Exhume+1","Feel No Pain+1","Disarm","Spot Weakness+1","Sword Boomerang+1","Hemokinesis+1","Barricade","Iron Wave+1","Dual Wield","Blood for Blood+1"],"relics":["Burning Blood","NeowsBlessing","Molten Egg 2","Regal Pillow","War Paint","Velvet Choker","Shuriken"],"potions_floor_usage":[12,16,22],"damage_taken":[{"damage":0,"enemies":"Jaw Worm","floor":1,"turns":1},{"damage":0,"enemies":"Cultist","floor":2,"turns":1},{"damage":0,"enemies":"Small Slimes","floor":5,"turns":1},{"damage":24,"enemies":"Gremlin Nob","floor":7,"turns":4},{"damage":7,"enemies":"Exordium Wildlife","floor":11,"turns":4},{"damage":15,"enemies":"3 Sentries","floor":12,"turns":4},{"damage":9,"enemies":"2 Fungi Beasts","floor":13,"turns":3},{"damage":11,"enemies":"Slime Boss","floor":16,"turns":6},{"damage":6,"enemies":"Chosen","floor":18,"turns":4},{"damage":57,"enemies":"3 Byrds","floor":21,"turns":8},{"damage":36,"enemies":"Cultist and Chosen","floor":22,"turns":5}],"seed_played":"-9186346081510486535","potions_obtained":[{"floor":7,"key":"BloodPotion"},{"floor":11,"key":"SkillPotion"},{"floor":12,"key":"FearPotion"},{"floor":16,"key":"EssenceOfSteel"}],"is_trial":false,"path_per_floor":["M","M","?","$","M","R","E","R","T","?","M","E","M","$","R","B",null,"M","T","?","M","M"],"character_chosen":"IRONCLAD","items_purchased":["Feel No Pain"],"campfire_rested":1,"item_purchase_floors":[4],"current_hp_per_floor":[74,75,75,75,75,75,57,57,57,57,56,47,44,44,75,70,74,74,74,74,23,5],"gold":253,"neow_bonus":"THREE_ENEMY_KILL","is_prod":false,"is_daily":false,"chose_seed":false,"campfire_upgraded":2,"win_rate":0,"timestamp":1562583031,"path_taken":["M","M","?","?","M","R","E","R","T","?","M","E","M","?","R","BOSS","M","?","?","M","?"],"build_version":"2019-07-03","purchased_purges":1,"victory":false,"max_hp_per_floor":[75,75,75,75,75,75,75,75,75,75,75,75,75,75,75,75,75,75,75,75,75,75],"card_choices":[{"not_picked":["Clash","Bloodletting","Combust"],"picked":"SKIP","floor":1},{"not_picked":["Shockwave","Fire Breathing"],"picked":"Carnage","floor":2},{"not_picked":["Clash","Body Slam"],"picked":"Disarm","floor":5},{"not_picked":["Perfected Strike","Wild Strike","Body Slam"],"picked":"SKIP","floor":7},{"not_picked":["Warcry","Shrug It Off"],"picked":"Spot Weakness","floor":11},{"not_picked":["Warcry","Intimidate"],"picked":"Sword Boomerang+1","floor":12},{"not_picked":["Anger+1","True Grit"],"picked":"Hemokinesis+1","floor":13},{"not_picked":["Exhume","Immolate+1"],"picked":"Barricade","floor":16},{"not_picked":["Flex","Twin Strike+1"],"picked":"Iron Wave+1","floor":18},{"not_picked":["Armaments","Infernal Blade"],"picked":"Blood for Blood+1","floor":21}],"player_experience":697443,"relics_obtained":[{"floor":7,"key":"Molten Egg 2"},{"floor":9,"key":"Regal Pillow"},{"floor":12,"key":"War Paint"},{"floor":19,"key":"Shuriken"}],"event_choices":[{"damage_healed":0,"gold_gain":0,"player_choice":"2 cards matched","damage_taken":0,"max_hp_gain":0,"max_hp_loss":0,"event_name":"Match and Keep!","floor":3,"gold_loss":0,"cards_obtained":["Dual Wield","Exhume"]},{"damage_healed":0,"gold_gain":0,"player_choice":"Grow","damage_taken":0,"max_hp_gain":0,"max_hp_loss":0,"event_name":"Living Wall","floor":10,"gold_loss":0,"cards_upgraded":["Feel No Pain"]},{"damage_healed":0,"gold_gain":0,"cards_transformed":["Strike_R"],"player_choice":"Transformed","damage_taken":0,"max_hp_gain":0,"max_hp_loss":0,"event_name":"Transmorgrifier","floor":20,"gold_loss":0,"cards_obtained":["Dual Wield"]}],"is_beta":true,"boss_relics":[{"not_picked":["Black Star","Fusion Hammer"],"picked":"Velvet Choker"}],"items_purged_floors":[14],"is_endless":false,"potions_floor_spawned":[7,11,12,16,18,21],"killed_by":"Cultist and Chosen","ascension_level":20}