{"gold_per_floor":[112,37,51,51,126,126,137,137,137,165,165,175,190,204,204,302,302,316,31,48,67,67,67,67,67,67,67,83,98,98,131,131,131],"floor_reached":33,"playtime":1379,"items_purged":["Strike_R"],"score":284,"play_id":"3865befc-404e-4d3f-8512-9d3017c5bc48","local_time":"20190703121437","is_ascension_mode":true,"campfire_choices":[{"data":"Bludgeon","floor":6,"key":"SMITH"},{"data":"Body Slam","floor":8,"key":"SMITH"},{"data":"Bash","floor":11,"key":"SMITH"},{"data":"Flame Barrier","floor":15,"key":"SMITH"},{"data":"Body Slam","floor":23,"key":"SMITH"},{"data":"Impervious","floor":25,"key":"SMITH"},{"data":"Pommel Strike","floor":27,"key":"SMITH"},{"data":"Berserk","floor":30,"key":"SMITH"},{"data":"Flame Barrier","floor":32,"key":"SMITH"}],"neow_cost":"NONE","seed_source_timestamp":409479025307100,"circlet_count":0,"master_deck":["Strike_R+1","Strike_R","Strike_R+1","Strike_R","Defend_R","Defend_R","Defend_R","Defend_R","Bash+1","Body Slam+1","Bludgeon+1","Flame Barrier+1","Inflame","Pommel Strike+1","Impervious+1","True Grit+1","Body Slam+1","Flex+1","Necronomicurse","Berserk+1","Flame Barrier+1"],"relics":["Black Blood","Oddly Smooth Stone","Dream Catcher","Ice Cream","Necronomicon","Peace Pipe","Red Mask"],"potions_floor_usage":[1,7,16,16,21,29,31,33,33],"damage_taken":[{"damage":4,"enemies":"Cultist","floor":1,"turns":6},{"damage":3,"enemies":"Jaw Worm","floor":3,"turns":4},{"damage":3,"enemies":"Small Slimes","floor":7,"turns":2},{"damage":24,"enemies":"3 Sentries","floor":10,"turns":5},{"damage":10,"enemies":"Gremlin Gang","floor":12,"turns":7},{"damage":0,"enemies":"Looter","floor":13,"turns":4},{"damage":0,"enemies":"Exordium Wildlife","floor":14,"turns":3},{"damage":11,"enemies":"The Guardian","floor":16,"turns":8},{"damage":14,"enemies":"Shell Parasite","floor":18,"turns":4},{"damage":0,"enemies":"Spheric Guardian","floor":20,"turns":3},{"damage":25,"enemies":"Centurion and Healer","floor":21,"turns":8},{"damage":0,"enemies":"Snake Plant","floor":28,"turns":1},{"damage":6,"enemies":"3 Cultists","floor":29,"turns":5},{"damage":13,"enemies":"Masked Bandits","floor":31,"turns":4},{"damage":76,"enemies":"Collector","floor":33,"turns":12}],"seed_played":"4673044646487802241","potions_obtained":[{"floor":0,"key":"EssenceOfSteel"},{"floor":0,"key":"Strength Potion"},{"floor":0,"key":"Poison Potion"},{"floor":1,"key":"FearPotion"},{"floor":13,"key":"GamblersBrew"},{"floor":16,"key":"Explosive Potion"},{"floor":28,"key":"Dexterity Potion"},{"floor":29,"key":"SpeedPotion"},{"floor":31,"key":"Regen Potion"}],"is_trial":false,"path_per_floor":["M","$","M","?","?","R","M","R","T","E","R","M","M","M","R","B",null,"M","$","M","M","?","R","?","R","T","R","M","M","R","?","R","B"],"character_chosen":"IRONCLAD","items_purchased":["Ice Cream"],"campfire_rested":0,"item_purchase_floors":[19],"current_hp_per_floor":[80,80,80,64,53,53,56,56,56,38,38,34,40,46,46,41,80,76,76,80,65,49,49,49,49,49,49,59,63,63,60,60,0],"gold":131,"neow_bonus":"THREE_SMALL_POTIONS","is_prod":false,"is_daily":false,"chose_seed":false,"campfire_upgraded":9,"win_rate":0,"timestamp":1562170477,"path_taken":["M","$","M","?","?","R","M","R","T","E","R","M","M","M","R","BOSS","M","$","M","M","?","R","?","R","T","R","M","?","R","?","R","BOSS"],"build_version":"2019-01-23","purchased_purges":1,"victory":false,"max_hp_per_floor":[80,80,80,80,80,80,80,80,80,80,80,80,80,80,80,80,80,80,80,80,80,80,80,80,80,80,80,80,80,80,80,80,80],"card_choices":[{"not_picked":["Wild Strike","Thunderclap"],"picked":"Body Slam","floor":1},{"not_picked":["Iron Wave","Rupture"],"picked":"Bludgeon","floor":3},{"not_picked":["Sever Soul","Dropkick","Havoc"],"picked":"SKIP","floor":7},{"not_picked":["Uppercut","Armaments","Clothesline"],"picked":"SKIP","floor":10},{"not_picked":["Warcry","Headbutt"],"picked":"Flame Barrier","floor":12},{"not_picked":["Rupture","Searing Blow"],"picked":"Inflame","floor":13},{"not_picked":["Cleave","Clothesline"],"picked":"Pommel Strike","floor":14},{"not_picked":["Limit Break","Fiend Fire"],"picked":"Impervious","floor":16},{"not_picked":["Uppercut+1","Dual Wield"],"picked":"True Grit","floor":18},{"not_picked":["Burning Pact","Sever Soul"],"picked":"Body Slam","floor":20},{"not_picked":["Twin Strike","Wild Strike+1"],"picked":"Flex+1","floor":21},{"not_picked":["Wild Strike","Perfected Strike+1","Headbutt"],"picked":"SKIP","floor":28},{"not_picked":["Havoc","Sword Boomerang"],"picked":"Berserk","floor":29},{"not_picked":["Wild Strike","Perfected Strike"],"picked":"Flame Barrier","floor":31}],"player_experience":163232,"relics_obtained":[{"floor":9,"key":"Oddly Smooth Stone"},{"floor":10,"key":"Dream Catcher"},{"floor":22,"key":"Necronomicon"},{"floor":26,"key":"Peace Pipe"},{"floor":31,"key":"Red Mask"}],"event_choices":[{"damage_healed":0,"gold_gain":0,"player_choice":"Entered Light","damage_taken":16,"max_hp_gain":0,"max_hp_loss":0,"event_name":"Shining Light","floor":4,"gold_loss":0,"cards_upgraded":["Strike_R","Strike_R"]},{"damage_healed":0,"gold_gain":75,"player_choice":"Gather Gold","damage_taken":11,"max_hp_gain":0,"max_hp_loss":0,"event_name":"World of Goop","floor":5,"gold_loss":0},{"damage_healed":0,"gold_gain":0,"player_choice":"Obtained Book","damage_taken":16,"max_hp_gain":0,"max_hp_loss":0,"event_name":"Cursed Tome","floor":22,"gold_loss":0},{"damage_healed":0,"gold_gain":0,"player_choice":"Forge","damage_taken":0,"max_hp_gain":0,"max_hp_loss":0,"event_name":"Accursed Blacksmith","floor":24,"gold_loss":0,"cards_upgraded":["True Grit"]},{"damage_healed":0,"gold_gain":0,"player_choice":"Fought Bandits","damage_taken":0,"max_hp_gain":0,"max_hp_loss":0,"event_name":"Masked Bandits","floor":31,"gold_loss":0}],"is_beta":false,"boss_relics":[{"not_picked":["Black Star","Snecko Eye"],"picked":"Black Blood"}],"items_purged_floors":[2],"is_endless":false,"potions_floor_spawned":[1,3,13,14,16,28,29,31],"killed_by":"Collector","ascension_level":3}