{"gold_per_floor":[115,290,314,314,333,333,333,366,416,416,124,152,169,183,183,287,287,298,388,405,505,405,405,436,446,473,473,473,473,501,501],"floor_reached":31,"playtime":919,"items_purged":["Doubt","Decay"],"score":380,"play_id":"c6bc9e35-a346-4ddb-8b0a-3e618d5a55a8","local_time":"20190709170528","is_ascension_mode":true,"campfire_choices":[{"data":"True Grit","floor":6,"key":"SMITH"},{"data":"Shrug It Off","floor":10,"key":"SMITH"},{"data":"Feed","floor":15,"key":"SMITH"},{"data":"Feed","floor":23,"key":"SMITH"},{"data":"Dual Wield","floor":28,"key":"SMITH"}],"neow_cost":"NONE","seed_source_timestamp":945793800244500,"circlet_count":0,"master_deck":["Strike_R+1","Strike_R","Strike_R+1","Defend_R","Defend_R","Defend_R","Defend_R","Bash","True Grit+1","Shrug It Off+1","Feed+1","Cleave","Clash","Inflame","Feed+1","Dual Wield+1","Dramatic Entrance","Metallicize","Whirlwind","Ghostly Armor+1","Shockwave","Wild Strike","Sword Boomerang"],"relics":["Burning Blood","NeowsBlessing","Art of War","NlothsMask","Bottled Lightning","Bronze Scales","Letter Opener","Velvet Choker","Whetstone","Juzu Bracelet","Centennial Puzzle"],"potions_floor_usage":[12,13,16,24,24,31],"damage_taken":[{"damage":0,"enemies":"Jaw Worm","floor":1,"turns":1},{"damage":0,"enemies":"2 Louse","floor":5,"turns":1},{"damage":0,"enemies":"3 Sentries","floor":8,"turns":2},{"damage":31,"enemies":"Gremlin Nob","floor":12,"turns":4},{"damage":0,"enemies":"Cultist","floor":13,"turns":3},{"damage":5,"enemies":"3 Louse","floor":14,"turns":2},{"damage":34,"enemies":"Slime Boss","floor":16,"turns":9},{"damage":1,"enemies":"3 Byrds","floor":18,"turns":4},{"damage":24,"enemies":"Spheric Guardian","floor":20,"turns":4},{"damage":15,"enemies":"Gremlin Leader","floor":24,"turns":6},{"damage":44,"enemies":"Shelled Parasite and Fungi","floor":25,"turns":6},{"damage":37,"enemies":"Slavers","floor":30,"turns":6},{"damage":20,"enemies":"Snecko","floor":31,"turns":4}],"seed_played":"-5802535080087466395","potions_obtained":[{"floor":1,"key":"Explosive Potion"},{"floor":8,"key":"Energy Potion"},{"floor":12,"key":"AttackPotion"},{"floor":16,"key":"Strength Potion"},{"floor":20,"key":"Regen Potion"},{"floor":25,"key":"Ancient Potion"},{"floor":30,"key":"Swift Potion"}],"is_trial":false,"path_per_floor":["M","?","T","?","M","R","?","E","T","R","$","E","M","M","R","B",null,"M","?","M","?","$","R","E","M","T","?","R","?","E","M"],"character_chosen":"IRONCLAD","items_purchased":["Bronze Scales","Feed"],"campfire_rested":0,"item_purchase_floors":[11,11],"current_hp_per_floor":[80,80,80,80,80,80,80,80,80,80,80,55,61,65,65,37,72,81,57,42,42,42,42,48,14,14,45,45,45,14,0],"gold":501,"neow_bonus":"THREE_ENEMY_KILL","is_prod":false,"is_daily":false,"chose_seed":false,"campfire_upgraded":5,"win_rate":0,"timestamp":1562706328,"path_taken":["M","?","?","?","?","R","?","E","T","R","$","E","?","M","R","BOSS","M","?","?","?","$","R","E","M","T","?","R","?","E","M"],"build_version":"2019-01-23","purchased_purges":2,"victory":false,"max_hp_per_floor":[80,80,80,80,80,80,80,80,80,80,80,80,80,83,83,83,83,87,87,90,90,90,90,90,94,94,94,94,94,94,94],"card_choices":[{"not_picked":["Perfected Strike","Rampage"],"picked":"True Grit","floor":1},{"not_picked":["Searing Blow","Heavy Blade","Sever Soul"],"picked":"SKIP","floor":5},{"not_picked":["Bloodletting","Sword Boomerang"],"picked":"Shrug It Off","floor":8},{"not_picked":["Corruption","Dark Embrace"],"picked":"Cleave","floor":12},{"not_picked":["Heavy Blade","Pommel Strike"],"picked":"Clash","floor":13},{"not_picked":["Sever Soul","Carnage"],"picked":"Inflame","floor":14},{"not_picked":["Juggernaut","Dark Embrace"],"picked":"Feed","floor":16},{"not_picked":["Sentinel","Burning Pact+1"],"picked":"Dual Wield","floor":18},{"not_picked":["Carnage","Twin Strike"],"picked":"Metallicize","floor":20},{"not_picked":["Clothesline","Feel No Pain+1"],"picked":"Whirlwind","floor":24},{"not_picked":["Fire Breathing","Thunderclap+1"],"picked":"Ghostly Armor+1","floor":25},{"not_picked":["Combust","Carnage+1"],"picked":"Sword Boomerang","floor":30}],"player_experience":198348,"relics_obtained":[{"floor":3,"key":"Art of War"},{"floor":8,"key":"Bottled Lightning"},{"floor":12,"key":"Letter Opener"},{"floor":24,"key":"Whetstone"},{"floor":26,"key":"Juzu Bracelet"},{"floor":30,"key":"Centennial Puzzle"}],"event_choices":[{"damage_healed":0,"gold_gain":175,"player_choice":"AGREE","damage_taken":0,"max_hp_gain":0,"max_hp_loss":0,"event_name":"Liars Game","floor":2,"gold_loss":0,"cards_obtained":["Doubt"]},{"damage_healed":0,"gold_gain":0,"player_choice":"Trade","damage_taken":0,"relics_obtained":["NlothsMask"],"max_hp_gain":0,"max_hp_loss":0,"event_name":"FaceTrader","floor":4,"gold_loss":0},{"damage_healed":0,"gold_gain":0,"player_choice":"Cursed","damage_taken":0,"max_hp_gain":0,"max_hp_loss":0,"event_name":"Wheel of Change","floor":7,"gold_loss":0,"cards_obtained":["Decay"]},{"damage_healed":0,"gold_gain":90,"player_choice":"GOLD CARD ","damage_taken":24,"max_hp_gain":0,"max_hp_loss":0,"event_name":"Knowing Skull","floor":19,"potions_obtained":[],"gold_loss":0,"cards_obtained":["Dramatic Entrance"]},{"damage_healed":0,"gold_gain":100,"player_choice":"Pray","damage_taken":0,"max_hp_gain":0,"max_hp_loss":0,"event_name":"Golden Shrine","floor":21,"gold_loss":0},{"damage_healed":31,"gold_gain":0,"player_choice":"Heal","damage_taken":0,"max_hp_gain":0,"max_hp_loss":0,"event_name":"The Library","floor":27,"gold_loss":0},{"damage_healed":0,"gold_gain":0,"cards_transformed":["Strike_R","Strike_R"],"player_choice":"Became Test Subject","damage_taken":0,"max_hp_gain":0,"max_hp_loss":0,"event_name":"Drug Dealer","floor":29,"gold_loss":0,"cards_obtained":["Shockwave","Wild Strike"]}],"is_beta":false,"boss_relics":[{"not_picked":["Tiny House","Pandora\u0027s Box"],"picked":"Velvet Choker"}],"items_purged_floors":[11,22],"is_endless":false,"potions_floor_spawned":[1,8,12,16,20,25,30],"killed_by":"Snecko","ascension_level":5}