{"gold_per_floor":[115,125,200,246,246,246,280,280,304,338,28,28,38,50,50,153,153,172,182,200,218,20,20,48,48],"floor_reached":25,"playtime":737,"items_purged":[],"score":307,"play_id":"5237442e-188b-493d-97fc-26627eef46c9","local_time":"20190709121518","is_ascension_mode":true,"campfire_choices":[{"data":"Spot Weakness","floor":6,"key":"SMITH"},{"data":"Bash","floor":8,"key":"SMITH"},{"data":"Rage","floor":12,"key":"SMITH"},{"data":"Dual Wield","floor":15,"key":"SMITH"},{"floor":23,"key":"REST"}],"neow_cost":"NONE","seed_source_timestamp":928565567985100,"circlet_count":0,"master_deck":["Strike_R","Strike_R","Strike_R","Strike_R","Strike_R","Defend_R","Defend_R","Defend_R","Defend_R","Bash+1","Whirlwind+1","Spot Weakness+1","Headbutt","Rampage","Rage+1","Dual Wield+1","Demon Form","Havoc+1","Body Slam+1","Entrench+1","Headbutt+1","True Grit","Entrench"],"relics":["Burning Blood","NeowsBlessing","Happy Flower","Gambling Chip","Boot","Ancient Tea Set","Molten Egg 2","Mark of Pain","PreservedInsect","Oddly Smooth Stone"],"potions_floor_usage":[10,16,20,21,25],"damage_taken":[{"damage":0,"enemies":"Cultist","floor":1,"turns":1},{"damage":0,"enemies":"2 Louse","floor":2,"turns":1},{"damage":0,"enemies":"Lagavulin","floor":7,"turns":1},{"damage":10,"enemies":"3 Sentries","floor":10,"turns":3},{"damage":0,"enemies":"Jaw Worm","floor":13,"turns":2},{"damage":3,"enemies":"3 Louse","floor":14,"turns":2},{"damage":57,"enemies":"The Guardian","floor":16,"turns":7},{"damage":25,"enemies":"Chosen","floor":18,"turns":5},{"damage":21,"enemies":"Shell Parasite","floor":19,"turns":4},{"damage":24,"enemies":"Snake Plant","floor":20,"turns":3},{"damage":26,"enemies":"Snecko","floor":21,"turns":5},{"damage":24,"enemies":"Book of Stabbing","floor":24,"turns":4},{"damage":19,"enemies":"Centurion and Healer","floor":25,"turns":3}],"seed_played":"-7992338646787656809","potions_obtained":[{"floor":2,"key":"Explosive Potion"},{"floor":7,"key":"BloodPotion"},{"floor":14,"key":"Fire Potion"},{"floor":20,"key":"SkillPotion"},{"floor":24,"key":"SneckoOil"}],"is_trial":false,"path_per_floor":["M","M","?","T","?","R","E","R","T","E","$","R","M","M","R","B",null,"M","M","M","M","$","R","E","M"],"character_chosen":"IRONCLAD","items_purchased":["Rage","Molten Egg 2","True Grit","PreservedInsect"],"campfire_rested":1,"item_purchase_floors":[11,11,22,22],"current_hp_per_floor":[80,80,69,69,69,69,75,75,75,71,71,71,77,80,80,37,80,61,46,28,8,8,32,14,0],"gold":48,"neow_bonus":"THREE_ENEMY_KILL","is_prod":false,"is_daily":false,"chose_seed":false,"campfire_upgraded":4,"win_rate":0,"timestamp":1562688918,"path_taken":["M","?","?","?","?","R","E","R","T","E","$","R","M","M","R","BOSS","M","?","M","M","$","R","E","M"],"build_version":"2019-01-23","purchased_purges":0,"victory":false,"max_hp_per_floor":[80,80,80,80,80,80,80,80,80,80,80,80,80,80,80,80,80,80,80,80,80,80,80,80,80],"card_choices":[{"not_picked":["Heavy Blade","Clothesline"],"picked":"Whirlwind","floor":1},{"not_picked":["Sever Soul","Thunderclap"],"picked":"Spot Weakness","floor":2},{"not_picked":["Fire Breathing","Heavy Blade"],"picked":"Headbutt","floor":7},{"not_picked":["Clothesline","Disarm"],"picked":"Rampage","floor":10},{"not_picked":["Rage","Pummel+1"],"picked":"Dual Wield","floor":13},{"not_picked":["Spot Weakness","Perfected Strike+1","Cleave+1"],"picked":"SKIP","floor":14},{"not_picked":["Fiend Fire+1","Brutality"],"picked":"Demon Form","floor":16},{"not_picked":["Warcry","Hemokinesis+1"],"picked":"Havoc+1","floor":18},{"not_picked":["Dual Wield+1","Iron Wave+1"],"picked":"Body Slam+1","floor":19},{"not_picked":["Whirlwind+1","Thunderclap+1"],"picked":"Entrench+1","floor":20},{"not_picked":["Twin Strike+1","Flex"],"picked":"Headbutt+1","floor":21},{"not_picked":["Inflame","Flex"],"picked":"Entrench","floor":24}],"player_experience":190478,"relics_obtained":[{"floor":4,"key":"Happy Flower"},{"floor":7,"key":"Gambling Chip"},{"floor":9,"key":"Boot"},{"floor":10,"key":"Ancient Tea Set"},{"floor":24,"key":"Oddly Smooth Stone"}],"event_choices":[{"damage_healed":0,"gold_gain":75,"player_choice":"Gather Gold","damage_taken":11,"max_hp_gain":0,"max_hp_loss":0,"event_name":"World of Goop","floor":3,"gold_loss":0},{"damage_healed":0,"gold_gain":0,"player_choice":"Upgraded","damage_taken":0,"max_hp_gain":0,"max_hp_loss":0,"event_name":"Upgrade Shrine","floor":5,"gold_loss":0,"cards_upgraded":["Whirlwind"]}],"is_beta":false,"boss_relics":[{"not_picked":["Calling Bell","Fusion Hammer"],"picked":"Mark of Pain"}],"items_purged_floors":[],"is_endless":false,"potions_floor_spawned":[2,7,14,20,24],"killed_by":"Centurion and Healer","ascension_level":4}