{"gold_per_floor":[109,109,184,184,134,134,161,336,391,405,415,415,430,447,447,447],"floor_reached":16,"playtime":530,"items_purged":[],"score":125,"play_id":"e9357d33-31b9-475e-9448-da0d3d2591d4","local_time":"20190329095759","is_ascension_mode":false,"campfire_choices":[{"data":"Bloodletting","floor":6,"key":"SMITH"},{"floor":12,"key":"DIG"},{"data":"True Grit","floor":15,"key":"SMITH"}],"neow_cost":"NONE","seed_source_timestamp":1296695943980574,"circlet_count":0,"master_deck":["Strike_R","Strike_R","Strike_R","Defend_R","Defend_R","Defend_R+1","Defend_R","Bash+1","Bloodletting+1","Sentinel","Doubt","True Grit+1","Metallicize","Sentinel","Twin Strike"],"relics":["Burning Blood","NeowsBlessing","Shovel","Vajra","Darkstone Periapt"],"potions_floor_usage":[13,16,16],"damage_taken":[{"damage":0,"enemies":"2 Louse","floor":1,"turns":1},{"damage":0,"enemies":"3 Sentries","floor":7,"turns":2},{"damage":0,"enemies":"Jaw Worm","floor":10,"turns":1},{"damage":6,"enemies":"Small Slimes","floor":11,"turns":6},{"damage":0,"enemies":"2 Fungi Beasts","floor":13,"turns":5},{"damage":2,"enemies":"Blue Slaver","floor":14,"turns":10},{"damage":79,"enemies":"Hexaghost","floor":16,"turns":16}],"seed_played":"4785018363917073680","potions_obtained":[{"floor":1,"key":"Swift Potion"},{"floor":10,"key":"SkillPotion"},{"floor":11,"key":"Explosive Potion"}],"is_trial":false,"path_per_floor":["M","?","?","?","?","R","E","?","T","M","M","R","M","M","R","B"],"character_chosen":"IRONCLAD","items_purchased":[],"campfire_rested":0,"item_purchase_floors":[],"current_hp_per_floor":[80,64,53,53,53,53,59,59,59,65,65,65,71,75,75,0],"gold":447,"neow_bonus":"THREE_ENEMY_KILL","is_prod":false,"is_daily":false,"chose_seed":false,"campfire_upgraded":2,"win_rate":0.0,"timestamp":1553867879,"path_taken":["M","?","?","?","?","R","E","?","T","M","?","R","M","M","R","BOSS"],"build_version":"2019-01-23","purchased_purges":0,"victory":false,"max_hp_per_floor":[80,80,80,80,80,80,80,80,80,80,80,80,80,80,80,80],"card_choices":[{"not_picked":["Dual Wield","Clothesline","Headbutt"],"picked":"SKIP","floor":1},{"not_picked":["Corruption","Heavy Blade"],"picked":"Sentinel","floor":7},{"not_picked":["Clothesline","Armaments"],"picked":"True Grit","floor":10},{"not_picked":["Wild Strike","Twin Strike"],"picked":"Metallicize","floor":11},{"not_picked":["Clothesline","Immolate"],"picked":"Sentinel","floor":13},{"not_picked":["Sever Soul","Warcry"],"picked":"Twin Strike","floor":14}],"player_experience":72242,"relics_obtained":[{"floor":7,"key":"Shovel"},{"floor":9,"key":"Vajra"},{"floor":12,"key":"Darkstone Periapt"}],"event_choices":[{"damage_healed":0,"gold_gain":0,"player_choice":"Entered Light","damage_taken":16,"max_hp_gain":0,"max_hp_loss":0,"event_name":"Shining Light","floor":2,"gold_loss":0,"cards_upgraded":["Defend_R","Bash"]},{"damage_healed":0,"gold_gain":75,"player_choice":"Gather Gold","damage_taken":11,"max_hp_gain":0,"max_hp_loss":0,"event_name":"World of Goop","floor":3,"gold_loss":0},{"damage_healed":0,"gold_gain":0,"cards_transformed":["Strike_R"],"player_choice":"Change","damage_taken":0,"max_hp_gain":0,"max_hp_loss":0,"event_name":"Living Wall","floor":4,"gold_loss":0,"cards_obtained":["Bloodletting"]},{"cards_removed":["Strike_R"],"damage_healed":0,"gold_gain":0,"player_choice":"Card Removal","damage_taken":0,"max_hp_gain":0,"max_hp_loss":0,"event_name":"The Cleric","floor":5,"gold_loss":50},{"damage_healed":0,"gold_gain":175,"player_choice":"AGREE","damage_taken":0,"max_hp_gain":0,"max_hp_loss":0,"event_name":"Liars Game","floor":8,"gold_loss":0,"cards_obtained":["Doubt"]}],"is_beta":false,"boss_relics":[],"items_purged_floors":[],"is_endless":false,"potions_floor_spawned":[1,10,11],"killed_by":"Hexaghost","ascension_level":0}