{"gold_per_floor":[118,138,157,175,175,175,239,254,281,63,76,76,90,105,105,105],"floor_reached":16,"playtime":1265,"items_purged":[],"score":117,"play_id":"c3178bad-244f-47de-b239-ec1c7601aaed","local_time":"20190404153638","is_ascension_mode":true,"campfire_choices":[{"floor":6,"key":"RECALL"},{"data":"Infernal Blade","floor":12,"key":"SMITH"},{"data":"Infernal Blade","floor":15,"key":"SMITH"}],"neow_cost":"NONE","seed_source_timestamp":4279537804232,"circlet_count":0,"master_deck":["Strike_R","Strike_R+1","Strike_R","Strike_R","Defend_R","Defend_R","Defend_R","Defend_R","Bash","Ghostly Armor","Pommel Strike+1","Shrug It Off","Pommel Strike","Cleave","Infernal Blade+1","Infernal Blade+1","Thunderclap","Impervious"],"relics":["Burning Blood","NeowsBlessing","Tiny Chest","Whetstone"],"potions_floor_usage":[4,7,7],"damage_taken":[{"damage":0,"enemies":"Small Slimes","floor":1,"turns":1},{"damage":0,"enemies":"Jaw Worm","floor":2,"turns":1},{"damage":0,"enemies":"Cultist","floor":3,"turns":1},{"damage":0,"enemies":"Blue Slaver","floor":4,"turns":4},{"damage":20,"enemies":"3 Sentries","floor":7,"turns":16},{"damage":0,"enemies":"Exordium Wildlife","floor":8,"turns":5},{"damage":0,"enemies":"2 Fungi Beasts","floor":11,"turns":3},{"damage":19,"enemies":"Gremlin Gang","floor":13,"turns":4},{"damage":3,"enemies":"3 Louse","floor":14,"turns":2},{"damage":59,"enemies":"Slime Boss","floor":16,"turns":11}],"seed_played":"-8221057297548094232","potions_obtained":[{"floor":1,"key":"Fire Potion"},{"floor":3,"key":"Poison Potion"},{"floor":4,"key":"EssenceOfSteel"}],"is_trial":false,"path_per_floor":["M","M","M","M","?","R","E","M","T","$","M","R","M","M","R","B"],"character_chosen":"IRONCLAD","items_purchased":["Whetstone","Infernal Blade"],"campfire_rested":0,"item_purchase_floors":[10,10],"current_hp_per_floor":[80,80,80,80,73,73,59,65,65,65,71,71,58,61,61,2],"gold":105,"neow_bonus":"THREE_ENEMY_KILL","is_prod":false,"is_daily":false,"chose_seed":false,"campfire_upgraded":2,"win_rate":0,"timestamp":1554406598,"path_taken":["M","M","M","M","?","R","E","M","T","$","M","R","M","M","R","BOSS"],"build_version":"2019-01-23","purchased_purges":0,"victory":false,"max_hp_per_floor":[80,80,80,80,80,80,80,80,80,80,80,80,80,80,80,80],"card_choices":[{"not_picked":["Sentinel","Power Through"],"picked":"Ghostly Armor","floor":1},{"not_picked":["Armaments","Ghostly Armor"],"picked":"Pommel Strike","floor":2},{"not_picked":["Power Through","Iron Wave"],"picked":"Shrug It Off","floor":3},{"not_picked":["Armaments","Wild Strike"],"picked":"Pommel Strike","floor":4},{"not_picked":["Clash","Fire Breathing"],"picked":"Cleave","floor":7},{"not_picked":["Fire Breathing","Body Slam"],"picked":"Infernal Blade","floor":8},{"not_picked":["Sentinel","Heavy Blade","Anger"],"picked":"SKIP","floor":11},{"not_picked":["Wild Strike","Headbutt"],"picked":"Thunderclap","floor":13},{"not_picked":["Feel No Pain","Perfected Strike"],"picked":"Impervious","floor":14}],"player_experience":126569,"relics_obtained":[{"floor":7,"key":"Tiny Chest"}],"event_choices":[{"cards_removed":["Strike_R"],"damage_healed":0,"gold_gain":0,"player_choice":"Card Removal","damage_taken":7,"max_hp_gain":0,"max_hp_loss":0,"event_name":"Golden Wing","floor":5,"gold_loss":0}],"is_beta":false,"boss_relics":[],"items_purged_floors":[],"is_endless":false,"potions_floor_spawned":[1,3,4],"killed_by":"Slime Boss","ascension_level":2}