{"gold_per_floor":[113,113,127,277,289,289,162,180,180,180,198,198,23,35,35,108,108,122,22,22,40,40,40,40,40],"floor_reached":25,"playtime":927,"items_purged":["Doubt"],"score":382,"play_id":"a6339808-d667-42fb-92e0-46926fe5afff","local_time":"20190709001711","is_ascension_mode":true,"campfire_choices":[{"data":"Bash","floor":6,"key":"SMITH"},{"floor":15,"key":"REST"},{"floor":23,"key":"REST"}],"neow_cost":"NONE","seed_source_timestamp":323164768390863,"circlet_count":0,"master_deck":["AscendersBane","Strike_R","Strike_R","Strike_R","Strike_R","Defend_R","Defend_R","Defend_R","Defend_R","Bash+1","Body Slam","Inflame","Armaments+1","Barricade","Ghostly Armor","Impervious","Ghostly Armor","Metallicize"],"relics":["Black Blood","NeowsBlessing","Singing Bowl","Letter Opener"],"potions_floor_usage":[14,16,18],"damage_taken":[{"damage":0,"enemies":"Small Slimes","floor":1,"turns":1},{"damage":0,"enemies":"Jaw Worm","floor":3,"turns":1},{"damage":0,"enemies":"Cultist","floor":5,"turns":1},{"damage":26,"enemies":"Exordium Wildlife","floor":8,"turns":5},{"damage":39,"enemies":"Exordium Thugs","floor":11,"turns":6},{"damage":6,"enemies":"2 Fungi Beasts","floor":14,"turns":5},{"damage":56,"enemies":"Slime Boss","floor":16,"turns":22},{"damage":22,"enemies":"Shell Parasite","floor":18,"turns":8},{"damage":26,"enemies":"2 Thieves","floor":19,"turns":5},{"damage":41,"enemies":"Snecko","floor":21,"turns":7},{"damage":0,"enemies":"Centurion and Healer","floor":25,"turns":2}],"seed_played":"3233582126495398908","potions_obtained":[{"floor":8,"key":"EssenceOfSteel"},{"floor":16,"key":"BloodPotion"},{"floor":21,"key":"FearPotion"}],"is_trial":false,"path_per_floor":["M","?","M","?","M","R","$","M","T","?","M","?","$","M","R","B",null,"M","M","$","M","$","R","?","M"],"character_chosen":"IRONCLAD","items_purchased":["Armaments","BloodPotion","Ghostly Armor"],"campfire_rested":2,"item_purchase_floors":[7,13,13],"current_hp_per_floor":[74,69,75,75,75,75,75,57,57,50,17,17,17,38,61,11,62,69,55,55,24,24,48,25,25],"gold":40,"neow_bonus":"THREE_ENEMY_KILL","is_prod":false,"is_daily":false,"chose_seed":false,"campfire_upgraded":1,"win_rate":0,"timestamp":1562645831,"path_taken":["M","?","M","?","?","R","$","M","T","?","M","?","?","M","R","BOSS","M","M","$","M","$","R","?","M"],"build_version":"2019-07-03","purchased_purges":1,"victory":false,"max_hp_per_floor":[75,75,75,75,75,75,75,77,77,77,77,77,77,79,79,79,79,79,81,81,81,81,81,86,86],"card_choices":[{"not_picked":["Warcry","Heavy Blade","Rage"],"picked":"SKIP","floor":1},{"not_picked":["Pommel Strike","Sever Soul"],"picked":"Body Slam","floor":3},{"not_picked":["Fire Breathing","Wild Strike"],"picked":"Inflame","floor":5},{"not_picked":["Heavy Blade","Flex","Perfected Strike"],"picked":"Singing Bowl","floor":8},{"not_picked":["Disarm","Pummel"],"picked":"Barricade","floor":11},{"not_picked":["Clash","Warcry","Anger"],"picked":"Singing Bowl","floor":14},{"not_picked":["Brutality","Juggernaut"],"picked":"Impervious","floor":16},{"not_picked":["Twin Strike","Reckless Charge"],"picked":"Ghostly Armor","floor":18},{"not_picked":["Warcry+1","True Grit","Rampage"],"picked":"Singing Bowl","floor":19},{"not_picked":["Pummel","Sword Boomerang"],"picked":"Metallicize","floor":21}],"player_experience":717222,"relics_obtained":[{"floor":9,"key":"Letter Opener"}],"event_choices":[{"damage_healed":0,"gold_gain":0,"player_choice":"Success","damage_taken":5,"relics_obtained":["Singing Bowl"],"max_hp_gain":0,"max_hp_loss":0,"event_name":"Scrap Ooze","floor":2,"gold_loss":0},{"damage_healed":0,"gold_gain":150,"player_choice":"AGREE","damage_taken":0,"max_hp_gain":0,"max_hp_loss":0,"event_name":"Liars Game","floor":4,"gold_loss":0,"cards_obtained":["Doubt"]},{"cards_removed":["Strike_R"],"damage_healed":0,"gold_gain":0,"player_choice":"Card Removal","damage_taken":7,"max_hp_gain":0,"max_hp_loss":0,"event_name":"Golden Wing","floor":10,"gold_loss":0},{"damage_healed":0,"gold_gain":0,"player_choice":"Grow","damage_taken":0,"max_hp_gain":0,"max_hp_loss":0,"event_name":"Living Wall","floor":12,"gold_loss":0,"cards_upgraded":["Armaments"]},{"damage_healed":0,"gold_gain":0,"player_choice":"Shed Blood","damage_taken":28,"max_hp_gain":5,"max_hp_loss":0,"event_name":"Forgotten Altar","floor":24,"gold_loss":0}],"is_beta":true,"boss_relics":[{"not_picked":["Runic Cube","Runic Dome"],"picked":"Black Blood"}],"items_purged_floors":[7],"is_endless":false,"potions_floor_spawned":[8,16,21],"killed_by":"Centurion and Healer","ascension_level":20}