{"gold_per_floor":[111,111,36,36,52,84,84,97,122,152,152,169,169,182,182,182],"floor_reached":16,"playtime":672,"items_purged":["Regret"],"score":263,"play_id":"ca0300c7-d968-4e25-a6fc-cc5851cfde09","local_time":"20190707205731","is_ascension_mode":true,"campfire_choices":[{"data":"Offering","floor":7,"key":"SMITH"},{"floor":13,"key":"REST"},{"floor":15,"key":"REST"}],"neow_cost":"NONE","seed_source_timestamp":259340170191743,"circlet_count":0,"master_deck":["AscendersBane","Strike_R","Strike_R","Strike_R","Strike_R","Defend_R","Defend_R","Defend_R","Defend_R","Bash","Uppercut","Offering+1","Shrug It Off+1","Armaments"],"relics":["Burning Blood","NeowsBlessing","Anchor","Happy Flower","Pen Nib","Turnip"],"potions_floor_usage":[16],"damage_taken":[{"damage":0,"enemies":"2 Louse","floor":1,"turns":2},{"damage":0,"enemies":"Small Slimes","floor":5,"turns":1},{"damage":0,"enemies":"Lagavulin","floor":6,"turns":1},{"damage":6,"enemies":"Cultist","floor":8,"turns":2},{"damage":71,"enemies":"3 Sentries","floor":10,"turns":12},{"damage":4,"enemies":"3 Louse","floor":12,"turns":3},{"damage":20,"enemies":"Exordium Wildlife","floor":14,"turns":4},{"damage":45,"enemies":"Slime Boss","floor":16,"turns":5}],"seed_played":"161241897746394261","potions_obtained":[{"floor":10,"key":"Energy Potion"},{"floor":14,"key":"Ancient Potion"}],"is_trial":false,"path_per_floor":["M","?","$","?","M","E","R","M","T","E","?","M","R","M","R","B"],"character_chosen":"IRONCLAD","items_purchased":[],"campfire_rested":2,"item_purchase_floors":[],"current_hp_per_floor":[74,74,74,74,75,75,75,75,75,10,10,12,34,20,42,0],"gold":182,"neow_bonus":"THREE_ENEMY_KILL","is_prod":false,"is_daily":false,"chose_seed":false,"campfire_upgraded":1,"win_rate":0,"timestamp":1562547451,"path_taken":["M","?","$","?","M","E","R","?","T","E","?","M","R","M","R","BOSS"],"build_version":"2019-07-03","purchased_purges":1,"victory":false,"max_hp_per_floor":[75,75,75,75,75,75,75,75,75,75,75,75,75,75,75,75],"card_choices":[{"not_picked":["Armaments","Pommel Strike"],"picked":"Uppercut","floor":1},{"not_picked":["Clash","Cleave","Sword Boomerang"],"picked":"SKIP","floor":5},{"not_picked":["Clothesline","Cleave"],"picked":"Offering","floor":6},{"not_picked":["Perfected Strike","Sword Boomerang"],"picked":"Shrug It Off","floor":8},{"not_picked":["Flex","Thunderclap","Heavy Blade"],"picked":"SKIP","floor":10},{"not_picked":["Power Through","Sword Boomerang"],"picked":"Armaments","floor":12},{"not_picked":["Pommel Strike","Hemokinesis","Intimidate"],"picked":"SKIP","floor":14}],"player_experience":681981,"relics_obtained":[{"floor":6,"key":"Happy Flower"},{"floor":9,"key":"Pen Nib"},{"floor":10,"key":"Turnip"}],"event_choices":[{"damage_healed":0,"gold_gain":0,"player_choice":"Box","damage_taken":0,"relics_obtained":["Anchor"],"max_hp_gain":0,"max_hp_loss":0,"event_name":"Big Fish","floor":2,"gold_loss":0,"cards_obtained":["Regret"]},{"cards_removed":["Strike_R"],"damage_healed":0,"gold_gain":0,"player_choice":"Purged","damage_taken":0,"max_hp_gain":0,"max_hp_loss":0,"event_name":"Purifier","floor":4,"gold_loss":0},{"damage_healed":0,"gold_gain":0,"player_choice":"Grow","damage_taken":0,"max_hp_gain":0,"max_hp_loss":0,"event_name":"Living Wall","floor":11,"gold_loss":0,"cards_upgraded":["Shrug It Off"]}],"is_beta":true,"boss_relics":[],"items_purged_floors":[3],"is_endless":false,"potions_floor_spawned":[10,14],"killed_by":"Slime Boss","ascension_level":19}