{"gold_per_floor":[118,136,149,161,7,33,51,51,51,80,92,104,116,147,159,171],"floor_reached":16,"playtime":1165,"items_purged":[],"score":112,"play_id":"99c17a68-4444-4cf6-81ad-d82ad5d8fe93","local_time":"20190701010337","is_ascension_mode":false,"campfire_choices":[{"floor":12,"key":"REST"},{"floor":15,"key":"REST"}],"neow_cost":"NONE","seed_source_timestamp":1568232731401800,"circlet_count":0,"master_deck":["Defend_G","Defend_G","Defend_G","Defend_G","Defend_G","Strike_G","Strike_G","Strike_G","Strike_G","Strike_G","Survivor","Neutralize","Crippling Poison","Catalyst","Dagger Spray","Well Laid Plans","Wraith Form v2","Blade Dance","Blade Dance"],"relics":["Ring of the Snake","NeowsBlessing","Ninja Scroll","Pantograph","MawBank","Golden Idol"],"potions_floor_usage":[6],"damage_taken":[{"damage":0,"enemies":"Jaw Worm","floor":1,"turns":1},{"damage":0,"enemies":"2 Louse","floor":2,"turns":1},{"damage":0,"enemies":"Cultist","floor":3,"turns":1},{"damage":9,"enemies":"Blue Slaver","floor":4,"turns":4},{"damage":33,"enemies":"3 Sentries","floor":6,"turns":13},{"damage":1,"enemies":"Exordium Wildlife","floor":7,"turns":4},{"damage":17,"enemies":"Gremlin Nob","floor":10,"turns":6},{"damage":7,"enemies":"Looter","floor":14,"turns":4},{"damage":0,"enemies":"The Guardian","floor":16,"turns":5}],"seed_played":"1906557673001014675","potions_obtained":[{"floor":1,"key":"Poison Potion"},{"floor":2,"key":"Regen Potion"},{"floor":14,"key":"SpeedPotion"}],"is_trial":false,"path_per_floor":["M","M","M","M","$","E","M","$","T","E","?","R","?","M","R","B"],"character_chosen":"THE_SILENT","items_purchased":["Wraith Form v2"],"campfire_rested":2,"item_purchase_floors":[5],"current_hp_per_floor":[70,70,70,61,61,43,42,42,42,25,25,44,65,58,65,65],"gold":171,"neow_bonus":"THREE_ENEMY_KILL","is_prod":false,"is_daily":false,"chose_seed":false,"campfire_upgraded":0,"win_rate":0.0,"timestamp":1561957417,"path_taken":["M","M","M","M","$","E","M","$","T","E","?","R","?","?","R","BOSS"],"build_version":"2019-01-23","purchased_purges":0,"victory":false,"max_hp_per_floor":[70,70,70,70,70,70,70,70,70,70,65,65,65,65,65,65],"card_choices":[{"not_picked":["Dagger Spray","Dagger Throw"],"picked":"Crippling Poison","floor":1},{"not_picked":["Underhanded Strike","Acrobatics"],"picked":"Catalyst","floor":2},{"not_picked":["Terror","Leg Sweep"],"picked":"Dagger Spray","floor":3},{"not_picked":["Dodge and Roll","Distraction"],"picked":"Well Laid Plans","floor":4},{"not_picked":["Corpse Explosion","Backflip"],"picked":"Blade Dance","floor":6},{"not_picked":["Slice","Dagger Throw","Underhanded Strike"],"picked":"SKIP","floor":7},{"not_picked":["PiercingWail","Quick Slash","Catalyst"],"picked":"SKIP","floor":10},{"not_picked":["Poisoned Stab","Prepared"],"picked":"Blade Dance","floor":14}],"player_experience":108758,"relics_obtained":[{"floor":6,"key":"Ninja Scroll"},{"floor":9,"key":"Pantograph"},{"floor":10,"key":"MawBank"}],"event_choices":[{"damage_healed":0,"gold_gain":0,"player_choice":"Lose Max HP","damage_taken":0,"relics_obtained":["Golden Idol"],"max_hp_gain":0,"max_hp_loss":5,"event_name":"Golden Idol","floor":11,"gold_loss":0},{"damage_healed":21,"gold_gain":0,"player_choice":"Banana","damage_taken":0,"max_hp_gain":0,"max_hp_loss":0,"event_name":"Big Fish","floor":13,"gold_loss":0}],"is_beta":false,"boss_relics":[],"items_purged_floors":[],"is_endless":false,"potions_floor_spawned":[1,2,14],"killed_by":"The Guardian","ascension_level":0}