{"gold_per_floor":[116,132,155,155,68,102,102,102,158,169,189,204,221,236,236,236],"floor_reached":16,"playtime":726,"items_purged":[],"score":245,"play_id":"e63e7a5d-7946-4d1b-936c-2689f2ec4a46","local_time":"20190705233511","is_ascension_mode":true,"campfire_choices":[{"data":"Hologram","floor":7,"key":"SMITH"},{"floor":15,"key":"REST"}],"neow_cost":"NONE","seed_source_timestamp":145687149531377,"circlet_count":0,"master_deck":["AscendersBane","Strike_B","Strike_B","Strike_B","Strike_B","Defend_B","Defend_B","Defend_B","Defend_B","Zap","Dualcast","Loop+1","FTL","Hologram+1","Chill","Gash","Sunder","Cold Snap"],"relics":["Cracked Core","NeowsBlessing","Centennial Puzzle","Potion Belt","Tiny Chest"],"potions_floor_usage":[11,14,16],"damage_taken":[{"damage":0,"enemies":"Cultist","floor":1,"turns":1},{"damage":0,"enemies":"Small Slimes","floor":2,"turns":1},{"damage":0,"enemies":"3 Sentries","floor":6,"turns":1},{"damage":2,"enemies":"Jaw Worm","floor":10,"turns":3},{"damage":45,"enemies":"Gremlin Gang","floor":11,"turns":6},{"damage":16,"enemies":"3 Louse","floor":12,"turns":4},{"damage":3,"enemies":"Large Slime","floor":13,"turns":5},{"damage":0,"enemies":"Red Slaver","floor":14,"turns":2},{"damage":40,"enemies":"The Guardian","floor":16,"turns":10}],"seed_played":"-5898835581792431220","potions_obtained":[{"floor":6,"key":"SkillPotion"},{"floor":10,"key":"AttackPotion"},{"floor":14,"key":"Regen Potion"}],"is_trial":false,"path_per_floor":["M","M","T","?","$","E","R","?","T","M","M","M","M","M","R","B"],"character_chosen":"DEFECT","items_purchased":["FTL"],"campfire_rested":1,"item_purchase_floors":[5],"current_hp_per_floor":[64,64,64,69,69,69,69,69,69,67,22,6,3,3,25,0],"gold":236,"neow_bonus":"THREE_ENEMY_KILL","is_prod":false,"is_daily":false,"chose_seed":false,"campfire_upgraded":1,"win_rate":0,"timestamp":1562384111,"path_taken":["M","M","?","?","$","E","R","?","T","M","M","M","?","?","R","BOSS"],"build_version":"2019-07-03","purchased_purges":0,"victory":false,"max_hp_per_floor":[71,71,71,76,76,76,76,76,76,76,76,76,76,76,76,76],"card_choices":[{"not_picked":["Redo","Reprogram","Leap"],"picked":"SKIP","floor":1},{"not_picked":["Ball Lightning","Leap"],"picked":"Loop","floor":2},{"not_picked":["Thunder Strike","Genetic Algorithm"],"picked":"Hologram","floor":6},{"not_picked":["Conserve Battery","Fusion"],"picked":"Chill","floor":10},{"not_picked":["Conserve Battery","Beam Cell"],"picked":"Gash","floor":11},{"not_picked":["Barrage","Compile Driver"],"picked":"Sunder","floor":12},{"not_picked":["Streamline","Stack"],"picked":"Cold Snap","floor":13},{"not_picked":["Rip and Tear","Streamline","Fusion"],"picked":"SKIP","floor":14}],"player_experience":681255,"relics_obtained":[{"floor":3,"key":"Centennial Puzzle"},{"floor":6,"key":"Potion Belt"},{"floor":9,"key":"Tiny Chest"}],"event_choices":[{"damage_healed":0,"gold_gain":0,"player_choice":"Donut","damage_taken":0,"max_hp_gain":5,"max_hp_loss":0,"event_name":"Big Fish","floor":4,"gold_loss":0},{"damage_healed":0,"gold_gain":0,"player_choice":"Grow","damage_taken":0,"max_hp_gain":0,"max_hp_loss":0,"event_name":"Living Wall","floor":8,"gold_loss":0,"cards_upgraded":["Loop"]}],"is_beta":true,"boss_relics":[],"items_purged_floors":[],"is_endless":false,"potions_floor_spawned":[6,10,14],"killed_by":"The Guardian","ascension_level":18}