{"gold_per_floor":[113,113,123,36,12,12,12,47,95,95,95,20,20,20,20,97,97,116,38,38,53,103,103,128,128,128,128,128,153,171,183,183,183],"floor_reached":33,"playtime":1242,"items_purged":[],"score":654,"play_id":"e50522bf-abb4-46e4-9b5a-68b7161d657e","local_time":"20190704182508","is_ascension_mode":true,"campfire_choices":[{"data":"Neutralize","floor":6,"key":"SMITH"},{"data":"Crippling Poison","floor":11,"key":"SMITH"},{"data":"Escape Plan","floor":13,"key":"SMITH"},{"floor":15,"key":"REST"},{"floor":23,"key":"REST"},{"floor":25,"key":"REST"},{"data":"Footwork","floor":28,"key":"SMITH"},{"floor":32,"key":"REST"}],"neow_cost":"NONE","seed_source_timestamp":831247075455500,"circlet_count":0,"master_deck":["AscendersBane","Strike_G+1","Strike_G","Strike_G","Strike_G","Strike_G","Defend_G","Defend_G","Defend_G","Survivor+1","Neutralize+1","Backflip","Backflip","Escape Plan+1","Quick Slash","Crippling Poison+1","Corpse Explosion+1","Footwork+1","Predator","Predator","Riddle With Holes","Envenom"],"relics":["Ring of the Snake","NeowsBlessing","Sundial","Mummified Hand","Regal Pillow","Snecko Eye","Potion Belt","Question Card","Bottled Lightning"],"potions_floor_usage":[16,29,33],"damage_taken":[{"damage":0,"enemies":"Small Slimes","floor":1,"turns":1},{"damage":0,"enemies":"Jaw Worm","floor":3,"turns":1},{"damage":0,"enemies":"3 Sentries","floor":8,"turns":1},{"damage":15,"enemies":"The Guardian","floor":16,"turns":19},{"damage":45,"enemies":"Spheric Guardian","floor":18,"turns":8},{"damage":2,"enemies":"Chosen","floor":21,"turns":4},{"damage":18,"enemies":"Gremlin Leader","floor":24,"turns":5},{"damage":10,"enemies":"Book of Stabbing","floor":29,"turns":5},{"damage":15,"enemies":"Snake Plant","floor":30,"turns":4},{"damage":8,"enemies":"Chosen and Byrds","floor":31,"turns":4},{"damage":63,"enemies":"Automaton","floor":33,"turns":10}],"seed_played":"1941193237629231128","potions_obtained":[{"floor":8,"key":"Block Potion"},{"floor":21,"key":"GamblersBrew"},{"floor":29,"key":"Weak Potion"}],"is_trial":false,"path_per_floor":["M","?","M","$","$","R","$","E","T","?","R","?","R","?","R","B",null,"M","$","?","M","?","R","E","R","T","?","R","E","M","M","R","B"],"character_chosen":"THE_SILENT","items_purchased":["Escape Plan","Quick Slash","Predator"],"campfire_rested":4,"item_purchase_floors":[4,5,19],"current_hp_per_floor":[59,41,41,41,41,41,41,41,41,34,34,34,34,14,48,33,58,13,13,13,11,11,45,27,61,61,61,61,51,36,28,62,0],"gold":183,"neow_bonus":"THREE_ENEMY_KILL","is_prod":false,"is_daily":false,"chose_seed":false,"campfire_upgraded":4,"win_rate":0,"timestamp":1562235908,"path_taken":["M","?","M","?","$","R","$","E","T","?","R","?","R","?","R","BOSS","M","$","?","M","?","R","E","R","T","?","R","E","?","M","R","BOSS"],"build_version":"2019-07-01","purchased_purges":0,"victory":false,"max_hp_per_floor":[66,66,66,66,66,66,66,66,66,66,66,66,66,66,66,66,66,66,66,66,66,66,66,66,66,66,66,66,66,66,66,66,66],"card_choices":[{"not_picked":["Flechettes","Expertise"],"picked":"Backflip","floor":1},{"not_picked":["Choke","Tactician"],"picked":"Backflip","floor":3},{"not_picked":["Outmaneuver","Deadly Poison"],"picked":"Crippling Poison","floor":8},{"not_picked":["Venomology","Night Terror"],"picked":"Corpse Explosion","floor":16},{"not_picked":["Acrobatics+1","Slice"],"picked":"Footwork","floor":18},{"not_picked":["Underhanded Strike","Blade Dance","Terror+1"],"picked":"SKIP","floor":21},{"not_picked":["Outmaneuver","Sucker Punch"],"picked":"Predator","floor":24},{"not_picked":["Blade Dance","Outmaneuver","Setup","Reflex"],"picked":"SKIP","floor":29},{"not_picked":["Accuracy","Underhanded Strike","Reflex+1"],"picked":"Riddle With Holes","floor":30},{"not_picked":["Deflect","Prepared","Heel Hook"],"picked":"Envenom","floor":31}],"player_experience":752973,"relics_obtained":[{"floor":8,"key":"Mummified Hand"},{"floor":9,"key":"Regal Pillow"},{"floor":24,"key":"Potion Belt"},{"floor":26,"key":"Question Card"},{"floor":29,"key":"Bottled Lightning"}],"event_choices":[{"damage_healed":0,"gold_gain":0,"player_choice":"Success","damage_taken":18,"relics_obtained":["Sundial"],"max_hp_gain":0,"max_hp_loss":0,"event_name":"Scrap Ooze","floor":2,"gold_loss":0},{"cards_removed":["Defend_G"],"damage_healed":0,"gold_gain":0,"player_choice":"Card Removal","damage_taken":7,"max_hp_gain":0,"max_hp_loss":0,"event_name":"Golden Wing","floor":10,"gold_loss":0},{"cards_removed":["Defend_G"],"damage_healed":0,"gold_gain":0,"player_choice":"Card Removal","damage_taken":0,"max_hp_gain":0,"max_hp_loss":0,"event_name":"The Cleric","floor":12,"gold_loss":75},{"damage_healed":0,"gold_gain":0,"player_choice":"Entered Light","damage_taken":20,"max_hp_gain":0,"max_hp_loss":0,"event_name":"Shining Light","floor":14,"gold_loss":0,"cards_upgraded":["Strike_G","Survivor"]},{"damage_healed":0,"gold_gain":0,"player_choice":"Ignored","damage_taken":0,"max_hp_gain":0,"max_hp_loss":0,"event_name":"Ghosts","floor":20,"gold_loss":0},{"damage_healed":0,"gold_gain":50,"player_choice":"Stole From Cult","damage_taken":0,"max_hp_gain":0,"max_hp_loss":0,"event_name":"Nest","floor":22,"gold_loss":0},{"damage_healed":0,"gold_gain":0,"player_choice":"Forge","damage_taken":0,"max_hp_gain":0,"max_hp_loss":0,"event_name":"Accursed Blacksmith","floor":27,"gold_loss":0,"cards_upgraded":["Corpse Explosion"]}],"is_beta":false,"boss_relics":[{"not_picked":["Runic Dome","Lizard Tail"],"picked":"Snecko Eye"}],"items_purged_floors":[],"is_endless":false,"potions_floor_spawned":[8,21,29],"killed_by":"Automaton","ascension_level":20}