{"gold_per_floor":[109,121,121,134,149,180,180,196,196,48,63,80,90,90,90,190,190,210,222,236,253,253,253,168,39,117,117,127,127],"floor_reached":29,"playtime":1748,"items_purged":["Writhe"],"score":281,"play_id":"3a0c1406-2517-450b-9e43-a0afec8033da","local_time":"20190707224550","is_ascension_mode":false,"campfire_choices":[{"floor":7,"key":"REST"},{"floor":15,"key":"RECALL"},{"floor":23,"key":"REST"}],"neow_cost":"NONE","seed_source_timestamp":609696356409987,"circlet_count":0,"master_deck":["Strike_R","Strike_R","Strike_R","Strike_R","Strike_R","Defend_R","Defend_R","Defend_R","Defend_R","Bash","Twin Strike","Pommel Strike","Evolve","Battle Trance","Iron Wave","Clash","Anger","Body Slam","Reaper","Rage+1","Fire Breathing","Anger","Warcry+1","Flex+1","Dark Embrace","Thunderclap+1","Wild Strike","Flex+1","Thunderclap","Shrug It Off+1","Feed","Shrug It Off+1"],"relics":["Burning Blood","Toxic Egg 2","Bottled Tornado","Fusion Hammer","Sundial","Shuriken"],"potions_floor_usage":[5,12,13,16,21,21,28],"damage_taken":[{"damage":14,"enemies":"Small Slimes","floor":1,"turns":5},{"damage":1,"enemies":"Cultist","floor":2,"turns":3},{"damage":3,"enemies":"2 Louse","floor":4,"turns":3},{"damage":26,"enemies":"Gremlin Gang","floor":5,"turns":7},{"damage":26,"enemies":"3 Sentries","floor":6,"turns":10},{"damage":23,"enemies":"Lots of Slimes","floor":8,"turns":4},{"damage":12,"enemies":"2 Fungi Beasts","floor":11,"turns":3},{"damage":11,"enemies":"Large Slime","floor":12,"turns":6},{"damage":10,"enemies":"Looter","floor":13,"turns":3},{"damage":0,"enemies":"Slime Boss","floor":16,"turns":7},{"damage":23,"enemies":"3 Byrds","floor":18,"turns":5},{"damage":20,"enemies":"2 Thieves","floor":19,"turns":4},{"damage":34,"enemies":"Shelled Parasite and Fungi","floor":20,"turns":4},{"damage":47,"enemies":"3 Cultists","floor":21,"turns":6},{"damage":33,"enemies":"Snake Plant","floor":28,"turns":4},{"damage":27,"enemies":"Cultist and Chosen","floor":29,"turns":4}],"seed_played":"370147118585479616","potions_obtained":[{"floor":1,"key":"Weak Potion"},{"floor":6,"key":"BloodPotion"},{"floor":8,"key":"Fire Potion"},{"floor":12,"key":"Dexterity Potion"},{"floor":13,"key":"Fruit Juice"},{"floor":14,"key":"EssenceOfSteel"},{"floor":14,"key":"PowerPotion"},{"floor":14,"key":"AttackPotion"},{"floor":16,"key":"FearPotion"},{"floor":19,"key":"FairyPotion"},{"floor":21,"key":"Swift Potion"}],"is_trial":false,"path_per_floor":["M","M","?","M","M","E","R","M","T","$","M","M","M","?","R","B",null,"M","M","M","M","?","R","?","$","T","?","M","M"],"character_chosen":"IRONCLAD","items_purchased":["Rage+1","Fire Breathing","Shrug It Off+1"],"campfire_rested":2,"item_purchase_floors":[10,10,25],"current_hp_per_floor":[72,77,77,80,60,40,64,47,47,47,47,66,67,67,67,77,85,75,61,39,14,14,39,39,39,39,39,15,0],"gold":127,"neow_bonus":"THREE_CARDS","is_prod":false,"is_daily":false,"chose_seed":false,"campfire_upgraded":0,"win_rate":0.0,"timestamp":1562550350,"path_taken":["M","M","?","?","M","E","R","M","T","?","M","M","?","?","R","BOSS","M","?","M","?","?","R","?","$","T","?","?","?"],"build_version":"2019-07-05","purchased_purges":1,"victory":false,"max_hp_per_floor":[80,80,80,80,80,80,80,80,80,80,80,80,85,85,85,85,85,85,85,85,85,85,85,85,85,85,85,85,85],"card_choices":[{"not_picked":["Reckless Charge","Perfected Strike"],"picked":"Twin Strike","floor":0},{"not_picked":["Flex","Armaments"],"picked":"Pommel Strike","floor":1},{"not_picked":["Perfected Strike","Body Slam"],"picked":"Evolve","floor":2},{"not_picked":["Flex","Heavy Blade"],"picked":"Clash","floor":4},{"not_picked":["Rage","Pommel Strike"],"picked":"Anger","floor":5},{"not_picked":["Bloodletting","Heavy Blade"],"picked":"Body Slam","floor":6},{"not_picked":["Inflame","Perfected Strike"],"picked":"Reaper","floor":8},{"not_picked":["Shockwave+1","Shrug It Off+1"],"picked":"Anger","floor":11},{"not_picked":["Blood for Blood","Hemokinesis"],"picked":"Warcry+1","floor":12},{"not_picked":["Evolve","Carnage"],"picked":"Flex+1","floor":13},{"not_picked":["Immolate","Demon Form"],"picked":"Dark Embrace","floor":16},{"not_picked":["Warcry+1","Infernal Blade+1"],"picked":"Thunderclap+1","floor":18},{"not_picked":["Searing Blow","Body Slam"],"picked":"Wild Strike","floor":19},{"not_picked":["Clothesline","Dropkick"],"picked":"Flex+1","floor":20},{"not_picked":["Warcry+1","Bloodletting+1"],"picked":"Thunderclap","floor":21},{"not_picked":["Brutality","Perfected Strike+1"],"picked":"Shrug It Off+1","floor":28}],"player_experience":80982,"relics_obtained":[{"floor":6,"key":"Toxic Egg 2"},{"floor":9,"key":"Bottled Tornado"}],"event_choices":[{"damage_healed":0,"gold_gain":0,"player_choice":"2 cards matched","damage_taken":0,"max_hp_gain":0,"max_hp_loss":0,"event_name":"Match and Keep!","floor":3,"gold_loss":0,"cards_obtained":["Battle Trance","Iron Wave"]},{"damage_healed":0,"gold_gain":0,"player_choice":"Got Potions","damage_taken":0,"max_hp_gain":0,"max_hp_loss":0,"event_name":"Lab","floor":14,"gold_loss":0},{"damage_healed":0,"gold_gain":0,"player_choice":"Opened","damage_taken":0,"relics_obtained":["Sundial"],"max_hp_gain":0,"max_hp_loss":0,"event_name":"The Mausoleum","floor":22,"gold_loss":0,"cards_obtained":["Writhe"]},{"damage_healed":0,"gold_gain":0,"player_choice":"Obtained Relic","damage_taken":0,"relics_obtained":["Shuriken"],"max_hp_gain":0,"max_hp_loss":0,"event_name":"Addict","floor":24,"gold_loss":85},{"damage_healed":0,"gold_gain":0,"player_choice":"1 cards matched","damage_taken":0,"max_hp_gain":0,"max_hp_loss":0,"event_name":"Match and Keep!","floor":27,"gold_loss":0,"cards_obtained":["Feed"]}],"is_beta":false,"boss_relics":[{"not_picked":["Mark of Pain","Busted Crown"],"picked":"Fusion Hammer"}],"items_purged_floors":[25],"is_endless":false,"potions_floor_spawned":[1,6,8,12,13,16,19,21],"killed_by":"Cultist and Chosen","ascension_level":0}