{"gold_per_floor":[15,30,46,46,59,59,92,92,92,92,112,112,37,65,77,186,198,224,248,272,299,328,340],"floor_reached":23,"playtime":1511,"items_purged":["Strike_G"],"score":246,"play_id":"b89159d5-4dc3-4731-8c93-64617cae4655","local_time":"20190416213305","is_ascension_mode":true,"campfire_choices":[{"data":"Adrenaline","floor":6,"key":"SMITH"},{"floor":8,"key":"REST"},{"floor":10,"key":"DIG"},{"floor":12,"key":"DIG"},{"floor":15,"key":"REST"}],"neow_cost":"NO_GOLD","seed_source_timestamp":28879908696942,"circlet_count":0,"master_deck":["Survivor","Neutralize","Dagger Spray","Crippling Poison","Backflip","Adrenaline+1","Poisoned Stab","Die Die Die","Caltrops","PiercingWail","Eviscerate","Burst","PiercingWail","Predator","Caltrops","Leg Sweep","Cloak And Dagger+1","Flechettes","Dagger Throw","Poisoned Stab+1"],"relics":["Ring of the Snake","Incense Burner","Meat on the Bone","Shovel","The Specimen","Anchor","MawBank","Pandora\u0027s Box"],"potions_floor_usage":[7,14,21,22],"damage_taken":[{"damage":6,"enemies":"Cultist","floor":1,"turns":5},{"damage":3,"enemies":"Jaw Worm","floor":2,"turns":3},{"damage":5,"enemies":"2 Louse","floor":3,"turns":2},{"damage":10,"enemies":"Lots of Slimes","floor":5,"turns":2},{"damage":11,"enemies":"Gremlin Nob","floor":7,"turns":4},{"damage":5,"enemies":"Large Slime","floor":11,"turns":5},{"damage":17,"enemies":"Lagavulin","floor":14,"turns":7},{"damage":51,"enemies":"Hexaghost","floor":16,"turns":14},{"damage":0,"enemies":"3 Byrds","floor":18,"turns":4},{"damage":1,"enemies":"Shell Parasite","floor":19,"turns":7},{"damage":3,"enemies":"Snake Plant","floor":20,"turns":4},{"damage":1,"enemies":"Centurion and Healer","floor":21,"turns":8},{"damage":37,"enemies":"3 Cultists","floor":22,"turns":6},{"damage":49,"enemies":"Slavers","floor":23,"turns":4}],"seed_played":"-3094960083060690261","potions_obtained":[{"floor":2,"key":"AttackPotion"},{"floor":7,"key":"SkillPotion"},{"floor":16,"key":"PowerPotion"},{"floor":18,"key":"Energy Potion"},{"floor":19,"key":"Poison Potion"},{"floor":21,"key":"Weak Potion"}],"is_trial":false,"path_per_floor":["M","M","M","?","M","R","E","R","T","R","M","R","$","E","R","B",null,"M","M","M","M","M","E"],"character_chosen":"THE_SILENT","items_purchased":[],"campfire_rested":2,"item_purchase_floors":[],"current_hp_per_floor":[64,61,56,56,46,46,35,56,56,56,51,51,51,46,67,28,70,70,69,66,65,40,0],"gold":340,"neow_bonus":"ONE_RARE_RELIC","is_prod":false,"is_daily":false,"chose_seed":false,"campfire_upgraded":1,"win_rate":0,"timestamp":1555464785,"path_taken":["M","M","?","?","M","R","E","R","T","R","M","R","$","E","R","BOSS","M","?","M","M","?","E"],"build_version":"2019-01-23","purchased_purges":1,"victory":false,"max_hp_per_floor":[70,70,70,70,70,70,70,70,70,70,70,70,70,70,70,70,70,70,70,70,70,70,70],"card_choices":[{"not_picked":["Poisoned Stab","Deadly Poison"],"picked":"Dagger Spray","floor":1},{"not_picked":["Dodge and Roll","Dagger Spray"],"picked":"Crippling Poison","floor":2},{"not_picked":["Deadly Poison","Expertise"],"picked":"Backflip","floor":3},{"not_picked":["Sucker Punch","Eviscerate"],"picked":"Adrenaline","floor":5},{"not_picked":["Deflect","Escape Plan"],"picked":"Poisoned Stab","floor":7},{"not_picked":["Dodge and Roll","Endless Agony","Blur"],"picked":"SKIP","floor":11},{"not_picked":["Concentrate","Wraith Form v2","PiercingWail"],"picked":"SKIP","floor":14},{"not_picked":["Burst","Storm of Steel"],"picked":"Die Die Die","floor":16},{"not_picked":["Masterful Stab+1","Eviscerate"],"picked":"Cloak And Dagger+1","floor":18},{"not_picked":["All Out Attack+1","Acrobatics","Escape Plan"],"picked":"SKIP","floor":19},{"not_picked":["Riddle With Holes","Acrobatics"],"picked":"Flechettes","floor":20},{"not_picked":["Concentrate+1","Cloak And Dagger"],"picked":"Dagger Throw","floor":21},{"not_picked":["Prepared+1","Dagger Throw+1"],"picked":"Poisoned Stab+1","floor":22}],"player_experience":168291,"relics_obtained":[{"floor":7,"key":"Meat on the Bone"},{"floor":9,"key":"Shovel"},{"floor":10,"key":"The Specimen"},{"floor":12,"key":"Anchor"},{"floor":14,"key":"MawBank"}],"event_choices":[{"cards_removed":["Strike_G"],"damage_healed":0,"gold_gain":0,"player_choice":"Purged","damage_taken":0,"max_hp_gain":0,"max_hp_loss":0,"event_name":"Purifier","floor":4,"gold_loss":0}],"is_beta":false,"boss_relics":[{"not_picked":["Eternal Feather","Cursed Key"],"picked":"Pandora\u0027s Box"}],"items_purged_floors":[13],"is_endless":false,"potions_floor_spawned":[2,7,16,18,19,21],"killed_by":"Slavers","ascension_level":4}