{"gold_per_floor":[117,15,90,108,283,318,318,268,321,336,30,64,74,85,85,85],"floor_reached":16,"playtime":553,"items_purged":["Strike_R"],"score":155,"play_id":"0f69cf87-50b1-4100-9876-808db96633cc","local_time":"20190703114451","is_ascension_mode":true,"campfire_choices":[{"data":"Shrug It Off","floor":7,"key":"SMITH"},{"data":"Disarm","floor":15,"key":"SMITH"}],"neow_cost":"NONE","seed_source_timestamp":408521436780600,"circlet_count":0,"master_deck":["Strike_R","Strike_R","Strike_R","Defend_R","Defend_R","Defend_R","Defend_R","Bash+1","Disarm+1","Shrug It Off+1","Body Slam+1","Doubt","Limit Break"],"relics":["Burning Blood","NeowsBlessing","Whetstone","Tiny Chest","Bag of Preparation","Omamori","Strawberry"],"potions_floor_usage":[12,12,14],"damage_taken":[{"damage":0,"enemies":"2 Louse","floor":1,"turns":1},{"damage":0,"enemies":"Small Slimes","floor":4,"turns":1},{"damage":0,"enemies":"Gremlin Nob","floor":6,"turns":1},{"damage":0,"enemies":"Jaw Worm","floor":10,"turns":4},{"damage":22,"enemies":"Lagavulin","floor":12,"turns":8},{"damage":12,"enemies":"Blue Slaver","floor":13,"turns":4},{"damage":35,"enemies":"Gremlin Gang","floor":14,"turns":7},{"damage":0,"enemies":"Slime Boss","floor":16,"turns":3}],"seed_played":"-1901103014413936406","potions_obtained":[{"floor":1,"key":"Dexterity Potion"},{"floor":10,"key":"Energy Potion"},{"floor":13,"key":"Fire Potion"}],"is_trial":false,"path_per_floor":["M","$","?","M","?","E","R","?","T","M","$","E","M","M","R","B"],"character_chosen":"IRONCLAD","items_purchased":["Shrug It Off","Bag of Preparation","Omamori"],"campfire_rested":0,"item_purchase_floors":[2,11,11],"current_hp_per_floor":[80,80,69,75,75,80,80,80,80,80,80,71,65,36,36,36],"gold":85,"neow_bonus":"THREE_ENEMY_KILL","is_prod":false,"is_daily":false,"chose_seed":false,"campfire_upgraded":2,"win_rate":0,"timestamp":1562168691,"path_taken":["M","$","?","M","?","E","R","?","T","M","?","E","M","M","R","BOSS"],"build_version":"2019-01-23","purchased_purges":1,"victory":false,"max_hp_per_floor":[80,80,80,80,80,80,80,80,80,80,80,87,87,87,87,87],"card_choices":[{"not_picked":["Anger","Twin Strike"],"picked":"Disarm","floor":1},{"not_picked":["Anger","Second Wind"],"picked":"Body Slam","floor":4},{"not_picked":["Rupture","Sentinel","Twin Strike"],"picked":"SKIP","floor":6},{"not_picked":["Burning Pact","Twin Strike","Warcry"],"picked":"SKIP","floor":10},{"not_picked":["Clothesline","Shrug It Off"],"picked":"Limit Break","floor":12},{"not_picked":["Sword Boomerang","Headbutt","Hemokinesis"],"picked":"SKIP","floor":13},{"not_picked":["Disarm","Rampage","Fire Breathing"],"picked":"SKIP","floor":14}],"player_experience":162302,"relics_obtained":[{"floor":6,"key":"Whetstone"},{"floor":9,"key":"Tiny Chest"},{"floor":12,"key":"Strawberry"}],"event_choices":[{"damage_healed":0,"gold_gain":75,"player_choice":"Gather Gold","damage_taken":11,"max_hp_gain":0,"max_hp_loss":0,"event_name":"World of Goop","floor":3,"gold_loss":0},{"damage_healed":0,"gold_gain":175,"player_choice":"AGREE","damage_taken":0,"max_hp_gain":0,"max_hp_loss":0,"event_name":"Liars Game","floor":5,"gold_loss":0,"cards_obtained":["Doubt"]},{"cards_removed":["Strike_R"],"damage_healed":0,"gold_gain":0,"player_choice":"Card Removal","damage_taken":0,"max_hp_gain":0,"max_hp_loss":0,"event_name":"The Cleric","floor":8,"gold_loss":50}],"is_beta":false,"boss_relics":[],"items_purged_floors":[2],"is_endless":false,"potions_floor_spawned":[1,10,13],"killed_by":"Slime Boss","ascension_level":3}