{"gold_per_floor":[109,109,109,38,138,138,171,171,194,207,236,255,255,160,160,256,256,270,287,297,297,311,336,336,336],"floor_reached":25,"playtime":1281,"items_purged":[],"score":229,"play_id":"700e9fb8-a3e5-41b4-82fb-aa9b8b190aa5","local_time":"20190704124245","is_ascension_mode":false,"campfire_choices":[{"data":"Dualcast","floor":6,"key":"SMITH"},{"floor":8,"key":"REST"},{"floor":13,"key":"REST"},{"data":"Darkness","floor":15,"key":"SMITH"},{"floor":24,"key":"REST"}],"neow_cost":"NONE","seed_source_timestamp":314695168883196,"circlet_count":0,"master_deck":["Strike_B","Strike_B","Strike_B","Strike_B","Defend_B","Defend_B","Defend_B","Defend_B","Zap+1","Dualcast+1","Static Discharge","Gash","Go for the Eyes","Rebound","Ball Lightning","Coolheaded","Leap","Static Discharge","Barrage","Streamline","Darkness+1","All For One","Melter","FTL+1","Ball Lightning","Stack+1","All For One","Ball Lightning"],"relics":["Cracked Core","Dream Catcher","Orichalcum","Omamori","Juzu Bracelet","Sozu","Nilry\u0027s Codex","Letter Opener"],"potions_floor_usage":[23,23],"damage_taken":[{"damage":1,"enemies":"Cultist","floor":1,"turns":3},{"damage":22,"enemies":"Gremlin Nob","floor":7,"turns":4},{"damage":0,"enemies":"2 Louse","floor":10,"turns":2},{"damage":18,"enemies":"Lagavulin","floor":11,"turns":5},{"damage":0,"enemies":"Small Slimes","floor":12,"turns":2},{"damage":30,"enemies":"Hexaghost","floor":16,"turns":8},{"damage":4,"enemies":"Spheric Guardian","floor":18,"turns":3},{"damage":15,"enemies":"2 Thieves","floor":19,"turns":3},{"damage":11,"enemies":"Centurion and Healer","floor":20,"turns":6},{"damage":0,"enemies":"Snake Plant","floor":22,"turns":2},{"damage":25,"enemies":"Gremlin Leader","floor":23,"turns":4},{"damage":26,"enemies":"Slavers","floor":25,"turns":2}],"seed_played":"3562174494677102662","potions_obtained":[{"floor":10,"key":"PowerPotion"},{"floor":12,"key":"Weak Potion"},{"floor":16,"key":"Fire Potion"}],"is_trial":false,"path_per_floor":["M","T","?","$","?","R","E","R","T","M","E","M","R","$","R","B",null,"M","M","M","?","M","E","R","E"],"character_chosen":"DEFECT","items_purchased":["Gash","Go for the Eyes","Streamline","Darkness"],"campfire_rested":3,"item_purchase_floors":[4,4,14,14],"current_hp_per_floor":[74,74,74,74,74,74,52,74,74,74,56,56,75,75,75,45,75,71,56,45,29,29,4,26,0],"gold":336,"neow_bonus":"UPGRADE_CARD","is_prod":false,"is_daily":false,"chose_seed":false,"campfire_upgraded":2,"win_rate":0.0,"timestamp":1562254965,"path_taken":["M","?","?","$","?","R","E","R","T","?","E","M","R","$","R","BOSS","M","M","M","?","M","E","R","E"],"build_version":"2019-07-01","purchased_purges":0,"victory":false,"max_hp_per_floor":[75,75,75,75,75,75,75,75,75,75,75,75,75,75,75,75,75,75,75,75,75,75,75,75,75],"card_choices":[{"not_picked":["Cold Snap","Turbo"],"picked":"Static Discharge","floor":1},{"not_picked":["Turbo","Redo"],"picked":"Rebound","floor":7},{"not_picked":["Streamline","Fusion"],"picked":"Ball Lightning","floor":8},{"not_picked":["Cold Snap","Compile Driver"],"picked":"Coolheaded","floor":10},{"not_picked":["Darkness","Rainbow"],"picked":"Leap","floor":11},{"not_picked":["Defragment","Fusion"],"picked":"Static Discharge","floor":12},{"not_picked":["Compile Driver","Chill"],"picked":"Barrage","floor":13},{"not_picked":["Echo Form","Fission"],"picked":"All For One","floor":16},{"not_picked":["Go for the Eyes","Ball Lightning"],"picked":"Melter","floor":18},{"not_picked":["Ball Lightning","Leap"],"picked":"FTL+1","floor":19},{"not_picked":["Conserve Battery","Leap"],"picked":"Ball Lightning","floor":20},{"not_picked":["Storm","Steam"],"picked":"Stack+1","floor":22},{"not_picked":["Redo+1","Leap+1"],"picked":"All For One","floor":23},{"not_picked":["Scrape+1","Blizzard"],"picked":"Ball Lightning","floor":24}],"player_experience":40439,"relics_obtained":[{"floor":2,"key":"Dream Catcher"},{"floor":7,"key":"Orichalcum"},{"floor":9,"key":"Omamori"},{"floor":11,"key":"Juzu Bracelet"},{"floor":21,"key":"Nilry\u0027s Codex"},{"floor":23,"key":"Letter Opener"}],"event_choices":[{"damage_healed":0,"gold_gain":0,"player_choice":"Leave","damage_taken":0,"max_hp_gain":0,"max_hp_loss":0,"event_name":"The Cleric","floor":3,"gold_loss":0},{"damage_healed":0,"gold_gain":100,"player_choice":"Pray","damage_taken":0,"max_hp_gain":0,"max_hp_loss":0,"event_name":"Golden Shrine","floor":5,"gold_loss":0},{"damage_healed":0,"gold_gain":0,"player_choice":"Obtained Book","damage_taken":16,"max_hp_gain":0,"max_hp_loss":0,"event_name":"Cursed Tome","floor":21,"gold_loss":0}],"is_beta":false,"boss_relics":[{"not_picked":["Busted Crown","Runic Pyramid"],"picked":"Sozu"}],"items_purged_floors":[],"is_endless":false,"potions_floor_spawned":[10,12,16,20,22],"killed_by":"Slavers","ascension_level":0}