{"gold_per_floor":[119,131,5,17,29,29,56,119,119,139,153,153,43,61,61,163,163,177,187,14,14,14,14,45,45,71,96,96,109,109,120,120,225,225,245,205,215,51,63,63,63,92,92,92,92,18,30,46,46,46],"floor_reached":51,"playtime":6511,"items_purged":[],"score":765,"play_id":"a4999508-1403-478b-9af4-71480f48143c","local_time":"20190629101130","is_ascension_mode":false,"campfire_choices":[{"data":"Footwork","floor":6,"key":"SMITH"},{"floor":12,"key":"REST"},{"data":"Noxious Fumes","floor":15,"key":"SMITH"},{"floor":23,"key":"REST"},{"floor":25,"key":"REST"},{"floor":28,"key":"REST"},{"data":"A Thousand Cuts","floor":30,"key":"SMITH"},{"floor":32,"key":"REST"},{"floor":40,"key":"REST"},{"data":"Bane","floor":49,"key":"SMITH"}],"neow_cost":"NONE","seed_source_timestamp":174762203575834,"circlet_count":0,"master_deck":["Defend_G+1","Defend_G+1","Defend_G+1","Defend_G+1","Defend_G+1","Strike_G+1","Strike_G+1","Survivor+1","Neutralize+1","Escape Plan+1","Footwork+1","Caltrops+1","Deadly Poison+1","Noxious Fumes+1","Backflip+1","Heel Hook+1","Noxious Fumes+1","Deadly Poison+1","Bane+1","Infinite Blades+1","Catalyst+1","Footwork+1","A Thousand Cuts+1","Tactician+1","Finisher+1","Bane+1","Blade Dance+1","Well Laid Plans+1","Prepared+1","Poisoned Stab+1","Riddle With Holes+1","All Out Attack+1","Infinite Blades+1","Outmaneuver+1","Bane+1","Tools of the Trade+1","Dagger Throw+1","Infinite Blades+1","Dodge and Roll+1","Footwork+1","Bouncing Flask+1","Parasite","Catalyst+1","Caltrops+1","Deflect","Bane+1","Deflect","PiercingWail"],"relics":["Ring of the Serpent","Pantograph","Pear","Mummified Hand","Odd Mushroom","Astrolabe","Ice Cream","Whetstone","Vajra","Thread and Needle","Strawberry","Omamori","Mark of the Bloom"],"potions_floor_usage":[7,16,27,33,39,42,50,50,50],"damage_taken":[{"damage":0,"enemies":"Cultist","floor":1,"turns":5},{"damage":0,"enemies":"Small Slimes","floor":2,"turns":5},{"damage":3,"enemies":"Jaw Worm","floor":4,"turns":4},{"damage":7,"enemies":"Blue Slaver","floor":5,"turns":5},{"damage":19,"enemies":"3 Sentries","floor":7,"turns":6},{"damage":20,"enemies":"Gremlin Nob","floor":8,"turns":6},{"damage":6,"enemies":"The Mushroom Lair","floor":10,"turns":5},{"damage":3,"enemies":"3 Louse","floor":11,"turns":3},{"damage":2,"enemies":"Exordium Thugs","floor":14,"turns":4},{"damage":19,"enemies":"Slime Boss","floor":16,"turns":8},{"damage":24,"enemies":"2 Thieves","floor":18,"turns":4},{"damage":23,"enemies":"3 Byrds","floor":19,"turns":4},{"damage":29,"enemies":"Gremlin Leader","floor":24,"turns":6},{"damage":32,"enemies":"Slavers","floor":27,"turns":6},{"damage":13,"enemies":"Snake Plant","floor":29,"turns":4},{"damage":1,"enemies":"Snecko","floor":31,"turns":4},{"damage":58,"enemies":"Collector","floor":33,"turns":7},{"damage":25,"enemies":"3 Darklings","floor":35,"turns":3},{"damage":17,"enemies":"Orb Walker","floor":37,"turns":3},{"damage":0,"enemies":"Writhing Mass","floor":39,"turns":5},{"damage":0,"enemies":"Nemesis","floor":42,"turns":5},{"damage":0,"enemies":"Transient","floor":47,"turns":5},{"damage":5,"enemies":"4 Shapes","floor":48,"turns":4},{"damage":68,"enemies":"Time Eater","floor":50,"turns":8}],"seed_played":"4220661681109358640","potions_obtained":[{"floor":2,"key":"Explosive Potion"},{"floor":5,"key":"FearPotion"},{"floor":11,"key":"Block Potion"},{"floor":14,"key":"GamblersBrew"},{"floor":16,"key":"SkillPotion"},{"floor":18,"key":"Regen Potion"},{"floor":33,"key":"SpeedPotion"},{"floor":35,"key":"GhostInAJar"},{"floor":39,"key":"SteroidPotion"},{"floor":42,"key":"Dexterity Potion"},{"floor":47,"key":"Strength Potion"}],"is_trial":false,"path_per_floor":["M","M","$","M","M","R","E","?","T","?","M","R","$","M","R","B",null,"M","M","$","?","?","R","E","R","T","E","R","M","R","M","R","B",null,"M","?","M","$","M","R","T","E","T","?","?","$","M","M","R","B",null],"character_chosen":"THE_SILENT","items_purchased":["Caltrops","Deadly Poison","Infinite Blades","Catalyst","Well Laid Plans","Prepared","Poisoned Stab","Dodge and Roll","Footwork","Bouncing Flask","Deflect","Bane"],"campfire_rested":6,"item_purchase_floors":[3,3,13,13,20,20,20,38,38,38,46,46],"current_hp_per_floor":[70,70,70,67,60,60,41,31,31,25,22,46,46,44,44,50,80,56,33,33,33,33,57,28,52,52,20,44,31,31,30,54,33,80,55,55,38,38,38,62,62,69,69,87,87,87,87,82,82,14],"gold":46,"neow_bonus":"UPGRADE_CARD","is_prod":false,"is_daily":false,"chose_seed":false,"campfire_upgraded":4,"win_rate":0.0,"timestamp":1561817490,"path_taken":["M","M","?","M","?","R","E","?","T","?","M","R","?","M","R","BOSS","M","M","$","?","?","R","E","R","T","E","R","M","R","M","R","BOSS","M","?","?","?","M","R","?","E","T","?","?","$","M","M","R","BOSS"],"build_version":"2019-01-23","purchased_purges":0,"victory":true,"max_hp_per_floor":[70,70,70,70,70,70,70,80,80,80,80,80,80,80,80,80,80,80,80,80,80,80,80,80,80,80,80,80,80,80,80,80,80,80,80,80,80,80,80,80,80,87,87,87,87,87,87,87,87,87],"card_choices":[{"not_picked":["Slice","Deflect"],"picked":"Escape Plan","floor":1},{"not_picked":["Choke","Underhanded Strike"],"picked":"Footwork","floor":2},{"not_picked":["Slice","Deflect"],"picked":"Noxious Fumes","floor":4},{"not_picked":["Finisher","Deflect"],"picked":"Backflip","floor":5},{"not_picked":["Dash","Prepared"],"picked":"Heel Hook","floor":7},{"not_picked":["Choke","Underhanded Strike"],"picked":"Noxious Fumes","floor":8},{"not_picked":["Flying Knee","Bullet Time"],"picked":"Deadly Poison","floor":10},{"not_picked":["Quick Slash","Tactician"],"picked":"Bane","floor":11},{"not_picked":["Deadly Poison","Deflect"],"picked":"Footwork","floor":14},{"not_picked":["Doppelganger","Venomology"],"picked":"A Thousand Cuts","floor":16},{"not_picked":["PiercingWail","Dagger Throw"],"picked":"Bane","floor":18},{"not_picked":["Predator+1","Malaise"],"picked":"Blade Dance","floor":19},{"not_picked":["Quick Slash","Acrobatics"],"picked":"All Out Attack+1","floor":24},{"not_picked":["Prepared","Sucker Punch"],"picked":"Infinite Blades","floor":27},{"not_picked":["Leg Sweep","Deadly Poison"],"picked":"Outmaneuver+1","floor":29},{"not_picked":["Backstab","Predator"],"picked":"Bane+1","floor":31},{"not_picked":["Phantasmal Killer","Burst"],"picked":"Tools of the Trade","floor":33},{"not_picked":["Catalyst","Poisoned Stab"],"picked":"Dagger Throw+1","floor":35},{"not_picked":["Riddle With Holes+1","Flying Knee"],"picked":"Infinite Blades","floor":37},{"not_picked":["Dagger Throw","Underhanded Strike"],"picked":"Catalyst+1","floor":39},{"not_picked":["Prepared+1","Infinite Blades+1"],"picked":"Caltrops","floor":42},{"not_picked":["Blade Dance","Underhanded Strike"],"picked":"Deflect","floor":47},{"not_picked":["Quick Slash+1","Dagger Throw+1"],"picked":"PiercingWail","floor":48}],"player_experience":22602,"relics_obtained":[{"floor":7,"key":"Pantograph"},{"floor":8,"key":"Pear"},{"floor":9,"key":"Mummified Hand"},{"floor":10,"key":"Odd Mushroom"},{"floor":24,"key":"Ice Cream"},{"floor":26,"key":"Whetstone"},{"floor":27,"key":"Vajra"},{"floor":41,"key":"Thread and Needle"},{"floor":42,"key":"Strawberry"},{"floor":43,"key":"Omamori"}],"event_choices":[{"damage_healed":0,"gold_gain":0,"player_choice":"Searched \u00271\u0027 times","damage_taken":0,"max_hp_gain":0,"max_hp_loss":0,"event_name":"Dead Adventurer","floor":8,"gold_loss":0},{"damage_healed":0,"gold_gain":0,"player_choice":"Fought Mushrooms","damage_taken":0,"max_hp_gain":0,"max_hp_loss":0,"event_name":"Mushrooms","floor":10,"gold_loss":0},{"damage_healed":0,"gold_gain":0,"player_choice":"Simplicity","damage_taken":0,"max_hp_gain":0,"max_hp_loss":0,"event_name":"Back to Basics","floor":21,"gold_loss":0,"cards_upgraded":["Defend_G","Defend_G","Defend_G","Defend_G","Defend_G","Strike_G","Strike_G"]},{"damage_healed":0,"gold_gain":0,"cards_transformed":["Doppelganger"],"player_choice":"Transformed","damage_taken":0,"max_hp_gain":0,"max_hp_loss":0,"event_name":"Transmorgrifier","floor":22,"gold_loss":0,"cards_obtained":["Riddle With Holes"]},{"damage_healed":0,"gold_gain":0,"player_choice":"Upgraded Two","damage_taken":0,"max_hp_gain":0,"max_hp_loss":0,"event_name":"Designer","floor":36,"gold_loss":40,"cards_upgraded":["Escape Plan","Caltrops"]},{"damage_healed":22,"gold_gain":0,"player_choice":"Writhe","damage_taken":0,"max_hp_gain":0,"max_hp_loss":0,"event_name":"Winding Halls","floor":44,"gold_loss":0,"cards_obtained":["Writhe"]},{"damage_healed":0,"gold_gain":0,"player_choice":"Upgrade","damage_taken":0,"relics_obtained":["Mark of the Bloom"],"max_hp_gain":0,"max_hp_loss":0,"event_name":"MindBloom","floor":45,"gold_loss":0,"cards_upgraded":["Survivor","Deadly Poison","Noxious Fumes","Backflip","Deadly Poison","Bane","Infinite Blades","Catalyst","Footwork","Bane","Blade Dance","Well Laid Plans","Prepared","Riddle With Holes","Infinite Blades","Tools of the Trade","Infinite Blades","Dodge and Roll","Footwork","Bouncing Flask","Caltrops"]}],"is_beta":false,"boss_relics":[{"not_picked":["Runic Pyramid","Orrery"],"picked":"Astrolabe"},{"not_picked":["Coffee Dripper","Calling Bell"],"picked":"Ring of the Serpent"}],"items_purged_floors":[],"is_endless":false,"potions_floor_spawned":[2,5,11,14,16,18,19,33,35,39,42,47],"ascension_level":0}