{"gold_per_floor":[114,132,7,17,33,59,59,88,88,88,101,101,119,136,136,235,285,300,300,320,337,245,245,278,278,278,99,399,414,414,339,339,339],"floor_reached":33,"playtime":1767,"items_purged":[],"score":302,"play_id":"f10e8b25-1567-4bf2-aef4-a4a9c670ce1c","local_time":"20190706162506","is_ascension_mode":false,"campfire_choices":[{"floor":7.0,"key":"REST"},{"floor":10.0,"key":"REST"},{"data":"Accuracy","floor":15.0,"key":"SMITH"},{"floor":23.0,"key":"REST"},{"floor":32.0,"key":"REST"}],"neow_cost":"NONE","seed_source_timestamp":500081481489382,"circlet_count":0,"master_deck":["Strike_G","Strike_G","Strike_G","Strike_G","Defend_G","Defend_G","Defend_G","Defend_G","Survivor","Neutralize","Flying Knee","Slice","Backflip","Blade Dance","Poisoned Stab","Dagger Throw","Accuracy+1","Cloak And Dagger","Endless Agony","Blade Dance","Quick Slash+1","Deflect","Die Die Die+1","Backflip","Blade Dance","Acrobatics","Footwork","Flying Knee+1","Slice+1","Prepared","Accuracy+1","Finesse","Accuracy","Predator+1","Infinite Blades"],"special_seed":0,"relics":["Ring of the Snake","Matryoshka","Molten Egg 2","Ninja Scroll","Tiny House","Nloth\u0027s Gift","Dream Catcher","Smiling Mask","Old Coin"],"potions_floor_usage":[33],"damage_taken":[{"damage":2.0,"enemies":"Small Slimes","floor":1.0,"turns":4.0},{"damage":4.0,"enemies":"Cultist","floor":2.0,"turns":4.0},{"damage":3.0,"enemies":"Jaw Worm","floor":4.0,"turns":3.0},{"damage":5.0,"enemies":"Red Slaver","floor":5.0,"turns":3.0},{"damage":28.0,"enemies":"Lagavulin","floor":6.0,"turns":7.0},{"damage":9.0,"enemies":"Gremlin Nob","floor":8.0,"turns":4.0},{"damage":5.0,"enemies":"Large Slime","floor":11.0,"turns":5.0},{"damage":0.0,"enemies":"3 Louse","floor":13.0,"turns":2.0},{"damage":1.0,"enemies":"Looter","floor":14.0,"turns":3.0},{"damage":24.0,"enemies":"Hexaghost","floor":16.0,"turns":9.0},{"damage":0.0,"enemies":"Spheric Guardian","floor":18.0,"turns":3.0},{"damage":2.0,"enemies":"3 Byrds","floor":20.0,"turns":5.0},{"damage":0.0,"enemies":"Snecko","floor":21.0,"turns":3.0},{"damage":38.0,"enemies":"Book of Stabbing","floor":24.0,"turns":6.0},{"damage":34.0,"enemies":"3 Cultists","floor":29.0,"turns":5.0},{"damage":40,"enemies":"Champ","floor":33,"turns":7}],"seed_played":"-7228400676246511351","potions_obtained":[{"floor":2.0,"key":"Regen Potion"},{"floor":8.0,"key":"Ancient Potion"},{"floor":11.0,"key":"Energy Potion"},{"floor":13.0,"key":"Energy Potion"},{"floor":16.0,"key":"Ancient Potion"},{"floor":17.0,"key":"Regen Potion"}],"is_trial":false,"path_per_floor":["M","M","$","M","M","E","R","E","T","R","M","?","M","M","R","B",null,"M","?","M","M","$","R","E","?","T","$","T","M","?","?","R","B"],"character_chosen":"THE_SILENT","items_purchased":["Blade Dance","Poisoned Stab","Dagger Throw","Flying Knee+1","Slice+1","Finesse","Accuracy"],"campfire_rested":4,"item_purchase_floors":[3,3,3,22,22,27,27],"current_hp_per_floor":[68,64,64,61,56,37,58,49,49,70,65,70,70,69,69,45,75,75,75,73,73,73,75,37,37,37,37,37,17,17,17,39,0],"gold":339,"neow_bonus":"THREE_CARDS","is_prod":false,"is_daily":false,"chose_seed":false,"campfire_upgraded":1,"win_rate":0.0,"timestamp":1562441106,"path_taken":["M","M","$","M","M","E","R","E","T","R","M","?","?","M","R","BOSS","M","?","?","M","$","R","E","?","T","$","?","M","?","?","R","BOSS"],"build_version":"2019-07-05","purchased_purges":0,"victory":false,"max_hp_per_floor":[70,70,70,70,70,70,70,70,70,70,70,70,70,70,70,70,75,75,75,75,75,75,75,75,75,75,75,75,75,75,75,75,75],"card_choices":[{"not_picked":["Expertise","Prepared"],"picked":"Flying Knee","floor":0.0},{"not_picked":["Flying Knee","Backflip"],"picked":"Slice","floor":1.0},{"not_picked":["Tactician","Heel Hook"],"picked":"Backflip","floor":2.0},{"not_picked":["Footwork","Blade Dance"],"picked":"Accuracy","floor":4.0},{"not_picked":["Deflect","Flying Knee"],"picked":"Cloak And Dagger","floor":5.0},{"not_picked":["Noxious Fumes","Sucker Punch"],"picked":"Poisoned Stab","floor":6.0},{"not_picked":["Dodge and Roll","Prepared"],"picked":"Endless Agony","floor":8.0},{"not_picked":["Cloak And Dagger","Tactician"],"picked":"Blade Dance","floor":11.0},{"not_picked":["Expertise","Dash+1"],"picked":"Quick Slash+1","floor":13.0},{"not_picked":["Deadly Poison","Bane+1"],"picked":"Deflect","floor":14.0},{"not_picked":["Wraith Form v2","Doppelganger"],"picked":"Die Die Die+1","floor":16.0},{"not_picked":["Well Laid Plans","Sucker Punch+1"],"picked":"Backflip","floor":17.0},{"not_picked":["Choke+1","Prepared"],"picked":"Blade Dance","floor":18.0},{"not_picked":["Terror+1","Riddle With Holes+1"],"picked":"Acrobatics","floor":20.0},{"not_picked":["Eviscerate+1","Outmaneuver"],"picked":"Footwork","floor":21.0},{"not_picked":["Wraith Form v2","Doppelganger"],"picked":"Prepared","floor":24.0},{"not_picked":["Flechettes+1","Riddle With Holes+1"],"picked":"Predator+1","floor":29.0},{"not_picked":["Acrobatics","Dodge and Roll"],"picked":"Infinite Blades","floor":32.0}],"player_experience":71353,"relics_obtained":[{"floor":6.0,"key":"Lantern"},{"floor":8.0,"key":"Matryoshka"},{"floor":9.0,"key":"Molten Egg 2"},{"floor":9.0,"key":"Ninja Scroll"},{"floor":24.0,"key":"Dream Catcher"},{"floor":26.0,"key":"Smiling Mask"},{"floor":28.0,"key":"Old Coin"}],"event_choices":[{"cards_removed":["Poisoned Stab"],"damage_healed":5.0,"max_hp_gain":0.0,"max_hp_loss":0.0,"gold_gain":0.0,"event_name":"Bonfire Elementals","player_choice":"Offered Common","floor":12.0,"gold_loss":0.0,"damage_taken":0.0},{"cards_removed":["Poisoned Stab"],"damage_healed":5.0,"max_hp_gain":0.0,"max_hp_loss":0.0,"gold_gain":0.0,"event_name":"Bonfire Elementals","player_choice":"Offered Special","floor":12.0,"gold_loss":0.0,"damage_taken":0.0},{"damage_healed":0.0,"max_hp_gain":0.0,"max_hp_loss":0.0,"gold_gain":0.0,"event_name":"N\u0027loth","player_choice":"Traded Relic","floor":19.0,"relics_lost":["Lantern"],"gold_loss":0.0,"damage_taken":0.0,"relics_obtained":["Nloth\u0027s Gift"]},{"damage_healed":0.0,"max_hp_gain":0.0,"max_hp_loss":0.0,"gold_gain":0.0,"event_name":"Duplicator","player_choice":"Copied","floor":25.0,"gold_loss":0.0,"damage_taken":0.0,"cards_obtained":["Accuracy"]},{"cards_removed":["Strike_G"],"damage_healed":0.0,"max_hp_gain":0.0,"max_hp_loss":0.0,"gold_gain":0.0,"event_name":"Back to Basics","player_choice":"Elegance","floor":30.0,"gold_loss":0.0,"damage_taken":0.0},{"cards_removed":["Defend_G"],"damage_healed":0.0,"max_hp_gain":0.0,"max_hp_loss":0.0,"gold_gain":0.0,"event_name":"Beggar","player_choice":"Gave Gold","floor":31.0,"gold_loss":75.0,"damage_taken":0.0}],"is_beta":false,"boss_relics":[{"not_picked":["Coffee Dripper","Empty Cage"],"picked":"Tiny House"}],"items_purged_floors":[],"is_endless":false,"potions_floor_spawned":[2,8,11,13,16,20],"killed_by":"Champ","ascension_level":0}