{"gold_per_floor":[116,132,132,151,151,151,182,182,260,260,260,273,219,237,237,237],"floor_reached":16,"playtime":611,"items_purged":[],"score":195,"play_id":"4532e560-3fd7-465b-a223-c9f55448fc44","local_time":"20190703073755","is_ascension_mode":true,"campfire_choices":[{"floor":6,"key":"REST"},{"floor":10,"key":"REST"},{"data":"Flame Barrier","floor":15,"key":"SMITH"}],"neow_cost":"NONE","seed_source_timestamp":96990149866366,"circlet_count":0,"master_deck":["AscendersBane","Strike_R","Strike_R","Strike_R","Strike_R","Defend_R","Defend_R","Defend_R+1","Defend_R+1","Bash","Dark Embrace","Heavy Blade","Havoc","Headbutt","Flame Barrier+1","Juggernaut"],"relics":["Burning Blood","Orichalcum","Kunai","Peace Pipe"],"potions_floor_usage":[7,16,16],"damage_taken":[{"damage":7,"enemies":"Cultist","floor":1,"turns":4},{"damage":4,"enemies":"Small Slimes","floor":2,"turns":5},{"damage":7,"enemies":"2 Louse","floor":4,"turns":2},{"damage":50,"enemies":"Lagavulin","floor":7,"turns":8},{"damage":8,"enemies":"Looter","floor":12,"turns":3},{"damage":8,"enemies":"Blue Slaver","floor":14,"turns":4},{"damage":61,"enemies":"Slime Boss","floor":16,"turns":5}],"seed_played":"-3863302273076305968","potions_obtained":[{"floor":4,"key":"Strength Potion"},{"floor":7,"key":"Regen Potion"}],"is_trial":false,"path_per_floor":["M","M","?","M","?","R","E","?","T","R","T","M","$","M","R","B"],"character_chosen":"IRONCLAD","items_purchased":["Fire Potion"],"campfire_rested":2,"item_purchase_floors":[13],"current_hp_per_floor":[67,69,46,45,38,60,16,16,16,38,38,36,36,34,34,0],"gold":237,"neow_bonus":"ONE_RANDOM_RARE_CARD","is_prod":false,"is_daily":false,"chose_seed":false,"campfire_upgraded":1,"win_rate":0,"timestamp":1562153875,"path_taken":["M","?","?","M","?","R","E","?","T","R","?","M","$","M","R","BOSS"],"build_version":"2019-06-30","purchased_purges":0,"victory":false,"max_hp_per_floor":[75,75,75,75,75,75,75,75,75,75,75,75,75,75,75,75],"card_choices":[{"not_picked":["Evolve","Wild Strike"],"picked":"Heavy Blade","floor":1},{"not_picked":["Flex","Body Slam"],"picked":"Havoc","floor":2},{"not_picked":["Dropkick","Shrug It Off"],"picked":"Headbutt","floor":4},{"not_picked":["Cleave","Havoc"],"picked":"Flame Barrier","floor":7},{"not_picked":["Whirlwind","Sword Boomerang"],"picked":"Juggernaut","floor":12},{"not_picked":["Clash","Combust","Pommel Strike"],"picked":"SKIP","floor":14}],"player_experience":676698,"relics_obtained":[{"floor":7,"key":"Orichalcum"},{"floor":9,"key":"Kunai"},{"floor":11,"key":"Peace Pipe"}],"event_choices":[{"damage_healed":0,"gold_gain":0,"player_choice":"Entered Light","damage_taken":23,"max_hp_gain":0,"max_hp_loss":0,"event_name":"Shining Light","floor":3,"gold_loss":0,"cards_upgraded":["Defend_R","Defend_R"]},{"cards_removed":["Strike_R"],"damage_healed":0,"gold_gain":0,"player_choice":"Card Removal","damage_taken":7,"max_hp_gain":0,"max_hp_loss":0,"event_name":"Golden Wing","floor":5,"gold_loss":0},{"damage_healed":0,"gold_gain":0,"player_choice":"Fled","damage_taken":0,"max_hp_gain":0,"max_hp_loss":0,"event_name":"Scrap Ooze","floor":8,"gold_loss":0}],"is_beta":true,"boss_relics":[],"items_purged_floors":[],"is_endless":false,"potions_floor_spawned":[4,7],"killed_by":"Slime Boss","ascension_level":19}