{"gold_per_floor":[116,116,68,68,18,18,53,53,53,87,87,103,123,198,198,321,321,344,332,233,233],"floor_reached":21,"playtime":641,"items_purged":["Strike_R"],"score":270,"play_id":"8b3ad56e-6b9f-468d-b760-4e1d92a4f71f","local_time":"20190708172738","is_ascension_mode":true,"campfire_choices":[{"data":"True Grit","floor":6,"key":"SMITH"},{"data":"Dual Wield","floor":8,"key":"SMITH"},{"floor":15,"key":"REST"}],"neow_cost":"NONE","seed_source_timestamp":861002009747900,"circlet_count":0,"master_deck":["Strike_R","Strike_R","Strike_R","Defend_R","Defend_R","Defend_R","Defend_R","Bash","Evolve","True Grit+1","Shrug It Off","Dual Wield+1","Inflame","Cleave","Power Through","Double Tap","Infernal Blade+1","Rampage","Shrug It Off"],"relics":["Burning Blood","NeowsBlessing","Sundial","Golden Idol","Bag of Marbles","FossilizedHelix","Magic Flower","Cursed Key"],"potions_floor_usage":[12,13,16,18],"damage_taken":[{"damage":0,"enemies":"2 Louse","floor":1,"turns":1},{"damage":0,"enemies":"Lagavulin","floor":7,"turns":1},{"damage":0,"enemies":"Gremlin Nob","floor":10,"turns":1},{"damage":0,"enemies":"Jaw Worm","floor":12,"turns":5},{"damage":12,"enemies":"Small Slimes","floor":13,"turns":4},{"damage":60,"enemies":"The Guardian","floor":16,"turns":15},{"damage":17,"enemies":"Shell Parasite","floor":18,"turns":9},{"damage":17,"enemies":"2 Thieves","floor":19,"turns":4},{"damage":47,"enemies":"Centurion and Healer","floor":21,"turns":7}],"seed_played":"3959513239079092508","potions_obtained":[{"floor":1,"key":"BloodPotion"},{"floor":10,"key":"Strength Potion"},{"floor":13,"key":"LiquidBronze"},{"floor":16,"key":"Fire Potion"},{"floor":19,"key":"FearPotion"}],"is_trial":false,"path_per_floor":["M","?","$","?","$","R","E","R","T","E","?","M","M","?","R","B",null,"M","M","$","M"],"character_chosen":"IRONCLAD","items_purchased":["True Grit","Shrug It Off","Shrug It Off"],"campfire_rested":1,"item_purchase_floors":[3,5,20],"current_hp_per_floor":[80,47,47,47,47,47,53,53,53,59,59,68,71,60,74,23,74,66,58,58,11],"gold":233,"neow_bonus":"THREE_ENEMY_KILL","is_prod":false,"is_daily":false,"chose_seed":false,"campfire_upgraded":2,"win_rate":0,"timestamp":1562621258,"path_taken":["M","?","$","?","$","R","E","R","T","E","?","M","?","?","R","BOSS","M","M","$","M"],"build_version":"2019-01-23","purchased_purges":1,"victory":false,"max_hp_per_floor":[80,80,80,74,74,74,74,74,74,74,74,74,74,74,74,74,74,74,74,74,74],"card_choices":[{"not_picked":["Havoc","Sword Boomerang"],"picked":"Evolve","floor":1},{"not_picked":["Shrug It Off","Heavy Blade"],"picked":"Dual Wield","floor":7},{"not_picked":["Fire Breathing","Twin Strike"],"picked":"Inflame","floor":10},{"not_picked":["Heavy Blade","Rupture"],"picked":"Cleave","floor":12},{"not_picked":["Thunderclap","Sever Soul"],"picked":"Power Through","floor":13},{"not_picked":["Bludgeon","Brutality"],"picked":"Double Tap","floor":16},{"not_picked":["Feel No Pain","Heavy Blade+1"],"picked":"Infernal Blade+1","floor":18},{"not_picked":["Burning Pact","Sentinel"],"picked":"Rampage","floor":19}],"player_experience":184364,"relics_obtained":[{"floor":7,"key":"Bag of Marbles"},{"floor":9,"key":"FossilizedHelix"},{"floor":10,"key":"Magic Flower"}],"event_choices":[{"damage_healed":0,"gold_gain":0,"player_choice":"Success","damage_taken":33,"relics_obtained":["Sundial"],"max_hp_gain":0,"max_hp_loss":0,"event_name":"Scrap Ooze","floor":2,"gold_loss":0},{"damage_healed":0,"gold_gain":0,"player_choice":"Lose Max HP","damage_taken":0,"relics_obtained":["Golden Idol"],"max_hp_gain":0,"max_hp_loss":6,"event_name":"Golden Idol","floor":4,"gold_loss":0},{"cards_removed":["Strike_R"],"damage_healed":0,"gold_gain":0,"player_choice":"Forget","damage_taken":0,"max_hp_gain":0,"max_hp_loss":0,"event_name":"Living Wall","floor":11,"gold_loss":0},{"damage_healed":0,"gold_gain":75,"player_choice":"Gather Gold","damage_taken":11,"max_hp_gain":0,"max_hp_loss":0,"event_name":"World of Goop","floor":14,"gold_loss":0}],"is_beta":false,"boss_relics":[{"not_picked":["Tiny House","Runic Dome"],"picked":"Cursed Key"}],"items_purged_floors":[20],"is_endless":false,"potions_floor_spawned":[1,10,13,16,19],"killed_by":"Centurion and Healer","ascension_level":3}