{"gold_per_floor":[111,111,111,111,131,131,154,154,181,181,206,206],"floor_reached":12,"playtime":512,"items_purged":[],"score":129,"play_id":"1f59e45a-ebf3-4fc5-b089-f23bba96e4c4","local_time":"20190705232256","is_ascension_mode":true,"campfire_choices":[{"data":"Dualcast","floor":6,"key":"SMITH"},{"floor":8,"key":"REST"}],"neow_cost":"NONE","seed_source_timestamp":145165406985250,"circlet_count":0,"master_deck":["AscendersBane","Strike_B","Strike_B","Strike_B","Strike_B","Defend_B","Defend_B","Defend_B","Defend_B","Zap","Dualcast+1","Coolheaded","Injury","Barrage","Skim","Compile Driver","Reprogram","Hologram"],"relics":["Inserter","Matryoshka","Golden Idol","Omamori","Pen Nib"],"potions_floor_usage":[],"damage_taken":[{"damage":9,"enemies":"2 Louse","floor":1,"turns":2},{"damage":5,"enemies":"Jaw Worm","floor":5,"turns":6},{"damage":12,"enemies":"Small Slimes","floor":7,"turns":5},{"damage":22,"enemies":"Exordium Thugs","floor":11,"turns":6},{"damage":40,"enemies":"Lagavulin","floor":12,"turns":8}],"seed_played":"4289270888691403363","potions_obtained":[{"floor":1,"key":"Ancient Potion"}],"is_trial":false,"path_per_floor":["M","?","T","?","M","R","M","R","T","?","M","E"],"character_chosen":"DEFECT","items_purchased":[],"campfire_rested":1,"item_purchase_floors":[],"current_hp_per_floor":[55,55,55,55,50,50,38,59,59,59,37,0],"gold":206,"neow_bonus":"BOSS_RELIC","is_prod":false,"is_daily":false,"chose_seed":false,"campfire_upgraded":1,"win_rate":0,"timestamp":1562383376,"path_taken":["M","?","?","?","M","R","M","R","T","?","M","E"],"build_version":"2019-07-03","purchased_purges":0,"victory":false,"max_hp_per_floor":[71,71,71,71,71,71,71,71,71,71,71,71],"card_choices":[{"not_picked":["Force Field","Go for the Eyes"],"picked":"Coolheaded","floor":1},{"not_picked":["Rebound","Go for the Eyes"],"picked":"Barrage","floor":5},{"not_picked":["Steam","Turbo"],"picked":"Skim","floor":7},{"not_picked":["Redo","Coolheaded"],"picked":"Hologram","floor":11}],"player_experience":680743,"relics_obtained":[{"floor":3,"key":"Matryoshka"},{"floor":9,"key":"Omamori"},{"floor":9,"key":"Pen Nib"}],"event_choices":[{"damage_healed":0,"gold_gain":0,"player_choice":"Ignored","damage_taken":0,"max_hp_gain":0,"max_hp_loss":0,"event_name":"Liars Game","floor":2,"gold_loss":0},{"damage_healed":0,"gold_gain":0,"player_choice":"Take Wound","damage_taken":0,"relics_obtained":["Golden Idol"],"max_hp_gain":0,"max_hp_loss":0,"event_name":"Golden Idol","floor":4,"gold_loss":0,"cards_obtained":["Injury"]},{"damage_healed":0,"gold_gain":0,"player_choice":"2 cards matched","damage_taken":0,"max_hp_gain":0,"max_hp_loss":0,"event_name":"Match and Keep!","floor":10,"gold_loss":0,"cards_obtained":["Compile Driver","Reprogram"]}],"is_beta":true,"boss_relics":[],"items_purged_floors":[],"is_endless":false,"potions_floor_spawned":[1],"killed_by":"Lagavulin","ascension_level":18}