{"gold_per_floor":[117,117,128,58,77,77,111,111,138,138,148,168,168,168,168,168],"floor_reached":16,"playtime":853,"items_purged":[],"score":100,"play_id":"9326f736-bc01-4442-8755-41e8f94c577a","local_time":"20190705200800","is_ascension_mode":false,"campfire_choices":[{"floor":6.0,"key":"RECALL"},{"floor":8.0,"key":"REST"},{"data":"Genetic Algorithm","floor":10.0,"key":"SMITH"},{"floor":13.0,"key":"REST"},{"data":"Hologram","floor":15.0,"key":"SMITH"}],"neow_cost":"NONE","seed_source_timestamp":0,"circlet_count":0,"master_deck":["Strike_B","Strike_B","Strike_B","Strike_B","Defend_B","Defend_B","Defend_B","Defend_B","Zap","Dualcast","Thunder Strike","Genetic Algorithm+1","Cold Snap","Self Repair","Cold Snap","Beam Cell","Hologram","Hologram+1","Decay"],"special_seed":0,"relics":["Cracked Core","Orichalcum","PreservedInsect"],"potions_floor_usage":[16],"damage_taken":[{"damage":1.0,"enemies":"Jaw Worm","floor":1.0,"turns":4.0},{"damage":0.0,"enemies":"Small Slimes","floor":3.0,"turns":3.0},{"damage":2.0,"enemies":"Cultist","floor":5.0,"turns":4.0},{"damage":45.0,"enemies":"Gremlin Nob","floor":7.0,"turns":6.0},{"damage":5.0,"enemies":"3 Louse","floor":11.0,"turns":4.0},{"damage":13.0,"enemies":"Exordium Thugs","floor":12.0,"turns":7.0},{"damage":87,"enemies":"The Guardian","floor":16,"turns":14}],"seed_played":"-5003214073426038885","potions_obtained":[{"floor":1.0,"key":"SkillPotion"},{"floor":3.0,"key":"GamblersBrew"}],"is_trial":false,"path_per_floor":["M","?","M","$","M","R","E","R","T","R","M","M","R","?","R","B"],"character_chosen":"DEFECT","items_purchased":["Self Repair"],"campfire_rested":2,"item_purchase_floors":[4],"current_hp_per_floor":[74,74,74,74,75,75,37,59,59,59,61,55,75,75,75,0],"gold":168,"neow_bonus":"ONE_RANDOM_RARE_CARD","is_prod":false,"is_daily":false,"chose_seed":false,"campfire_upgraded":2,"win_rate":0.0,"timestamp":1562368080,"path_taken":["M","?","M","$","M","R","E","R","T","R","M","M","R","?","R","BOSS"],"build_version":"2019-07-05","purchased_purges":0,"victory":false,"max_hp_per_floor":[75,75,75,75,75,75,75,75,75,75,75,75,75,75,75,75],"card_choices":[{"not_picked":["Force Field","Conserve Battery"],"picked":"Genetic Algorithm","floor":1.0},{"not_picked":["Rebound","Conserve Battery"],"picked":"Cold Snap","floor":3.0},{"not_picked":["Lockon","Sweeping Beam"],"picked":"Cold Snap","floor":5.0},{"not_picked":["Reprogram","Sunder"],"picked":"Beam Cell","floor":7.0},{"not_picked":["Recycle","Capacitor"],"picked":"Hologram","floor":11.0},{"not_picked":["Storm","Conserve Battery"],"picked":"Hologram","floor":12.0}],"player_experience":63366,"relics_obtained":[{"floor":7.0,"key":"Orichalcum"},{"floor":9.0,"key":"PreservedInsect"}],"event_choices":[{"damage_healed":0.0,"max_hp_gain":0.0,"max_hp_loss":0.0,"gold_gain":0.0,"event_name":"The Cleric","player_choice":"Leave","floor":2.0,"gold_loss":0.0,"damage_taken":0.0},{"damage_healed":0.0,"max_hp_gain":0.0,"max_hp_loss":0.0,"gold_gain":0.0,"event_name":"Wheel of Change","player_choice":"Cursed","floor":14.0,"gold_loss":0.0,"damage_taken":0.0,"cards_obtained":["Decay"]}],"is_beta":false,"boss_relics":[],"items_purged_floors":[],"is_endless":false,"potions_floor_spawned":[1,3],"killed_by":"The Guardian","ascension_level":0}