{"gold_per_floor":[111,74,74,87,107,107,126,126,175,185,185,198,217,237,237,336,336,350,290,84,47,47,47,74,74,98,115,115,134,34,34,34,130,130,149,149,166,266,45,74,0,20,20,30,30,76,95,114,114,114],"floor_reached":50,"playtime":2638,"items_purged":["Exhume","Strike_R","Defend_R"],"score":534,"play_id":"68c69234-3f10-473e-adc4-43583884a768","local_time":"20190329110521","is_ascension_mode":false,"campfire_choices":[{"data":"Entrench","floor":6,"key":"SMITH"},{"data":"Double Tap","floor":8,"key":"SMITH"},{"floor":15,"key":"REST"},{"data":"Body Slam","floor":23,"key":"SMITH"},{"data":"Bludgeon","floor":25,"key":"SMITH"},{"data":"Flash of Steel","floor":28,"key":"SMITH"},{"data":"Metallicize","floor":32,"key":"SMITH"},{"data":"Battle Trance","floor":45,"key":"SMITH"},{"floor":49,"key":"REST"}],"neow_cost":"PERCENT_DAMAGE","seed_source_timestamp":1298629354055269,"circlet_count":0,"master_deck":["Strike_R","Defend_R","Defend_R","Defend_R","Bash","Double Tap+1","Evolve","Inflame","Metallicize+1","Entrench+1","Inflame","Pommel Strike","Body Slam+1","Flex","Shrug It Off","Bludgeon+1","Battle Trance+1","Reaper","Inflame","Flash of Steel+1","Inflame","Thunderclap","Shrug It Off","Berserk","Shockwave","Flash of Steel","Combust","Dropkick+1","Normality","Flame Barrier","Intimidate+1"],"relics":["Burning Blood","Orichalcum","Boot","Cursed Key","CultistMask","Bag of Marbles","Blood Vial","Bird Faced Urn","Busted Crown","Prayer Wheel","Torii","Red Mask","Ice Cream","Nunchaku"],"potions_floor_usage":[7,24,27,38,38,40,42],"damage_taken":[{"damage":0,"enemies":"2 Louse","floor":1,"turns":4},{"damage":4,"enemies":"Cultist","floor":4,"turns":5},{"damage":3,"enemies":"Jaw Worm","floor":5,"turns":5},{"damage":17,"enemies":"Exordium Thugs","floor":7,"turns":9},{"damage":1,"enemies":"Blue Slaver","floor":10,"turns":4},{"damage":22,"enemies":"Lots of Slimes","floor":12,"turns":5},{"damage":16,"enemies":"Large Slime","floor":13,"turns":7},{"damage":21,"enemies":"Gremlin Gang","floor":14,"turns":6},{"damage":38,"enemies":"The Guardian","floor":16,"turns":18},{"damage":12,"enemies":"Spheric Guardian","floor":18,"turns":5},{"damage":65,"enemies":"Slavers","floor":24,"turns":6},{"damage":13,"enemies":"Shell Parasite","floor":27,"turns":5},{"damage":30,"enemies":"Snake Plant","floor":29,"turns":4},{"damage":61,"enemies":"Champ","floor":33,"turns":10},{"damage":15,"enemies":"3 Shapes","floor":35,"turns":5},{"damage":11,"enemies":"3 Darklings","floor":37,"turns":6},{"damage":26,"enemies":"Mind Bloom Boss Battle","floor":38,"turns":5},{"damage":6,"enemies":"Nemesis","floor":40,"turns":7},{"damage":33,"enemies":"Sphere and 2 Shapes","floor":42,"turns":5},{"damage":10,"enemies":"Transient","floor":44,"turns":5},{"damage":50,"enemies":"2 Orb Walkers","floor":46,"turns":5},{"damage":2,"enemies":"Maw","floor":47,"turns":5},{"damage":68,"enemies":"Jaw Worm Horde","floor":48,"turns":5},{"damage":93,"enemies":"Time Eater","floor":50,"turns":8}],"seed_played":"774415225806818319","potions_obtained":[{"floor":4,"key":"Poison Potion"},{"floor":10,"key":"Fruit Juice"},{"floor":16,"key":"AttackPotion"},{"floor":24,"key":"Fruit Juice"},{"floor":33,"key":"AttackPotion"},{"floor":37,"key":"Poison Potion"},{"floor":38,"key":"Block Potion"},{"floor":40,"key":"Fire Potion"}],"is_trial":false,"path_per_floor":["M","$","?","M","M","R","M","R","T","M","?","M","M","M","R","B",null,"M","?","$","$","?","R","E","R","T","M","R","M","$","T","R","B",null,"M","?","M","?","$","E","?","M","T","M","R","?","M","M","R","B"],"character_chosen":"IRONCLAD","items_purchased":["Inflame","Inflame","Flash of Steel","Inflame","Flash of Steel"],"campfire_rested":2,"item_purchase_floors":[2,20,20,21,39],"current_hp_per_floor":[62,62,62,64,67,67,56,56,56,61,61,45,35,20,44,12,80,74,74,74,74,74,74,47,47,47,65,65,54,54,54,54,43,85,81,81,85,85,85,85,85,68,68,83,83,66,85,30,55,0],"gold":114,"neow_bonus":"THREE_RARE_CARDS","is_prod":false,"is_daily":false,"chose_seed":false,"campfire_upgraded":7,"win_rate":0.0,"timestamp":1553871921,"path_taken":["M","$","?","M","M","R","M","R","T","?","?","?","M","M","R","BOSS","M","?","?","$","?","R","E","R","T","?","R","?","$","?","R","BOSS","M","?","?","?","$","E","?","M","T","M","R","?","?","M","R","BOSS"],"build_version":"2019-01-23","purchased_purges":3,"victory":false,"max_hp_per_floor":[80,80,80,80,80,80,80,80,80,80,80,80,80,80,80,80,80,80,80,80,80,80,80,80,80,80,85,85,85,85,85,85,85,85,85,85,85,85,85,85,85,85,85,85,85,85,85,85,85,85],"card_choices":[{"not_picked":["Offering","Reaper"],"picked":"Double Tap","floor":0},{"not_picked":["Clothesline","Body Slam"],"picked":"Evolve","floor":1},{"not_picked":["Burning Pact","Thunderclap"],"picked":"Entrench","floor":4},{"not_picked":["Shrug It Off","Clash"],"picked":"Inflame","floor":5},{"not_picked":["Iron Wave","Flex"],"picked":"Pommel Strike","floor":7},{"not_picked":["Spot Weakness","Clash"],"picked":"Body Slam","floor":10},{"not_picked":["Rampage","Bludgeon"],"picked":"Flex","floor":12},{"not_picked":["Rage","Intimidate","Wild Strike"],"picked":"SKIP","floor":13},{"not_picked":["Bloodletting","Combust"],"picked":"Shrug It Off","floor":14},{"not_picked":["Brutality","Dark Embrace"],"picked":"Bludgeon","floor":16},{"not_picked":["Pommel Strike+1","Twin Strike"],"picked":"Battle Trance","floor":18},{"not_picked":["Armaments","Anger"],"picked":"Thunderclap","floor":24},{"not_picked":["Wild Strike","Flex","Clash+1"],"picked":"SKIP","floor":27},{"not_picked":["Rampage+1","Anger"],"picked":"Shrug It Off","floor":29},{"not_picked":["Feed","Fiend Fire"],"picked":"Berserk","floor":33},{"not_picked":[],"picked":"Shockwave","floor":35},{"not_picked":["Pommel Strike"],"picked":"SKIP","floor":37},{"not_picked":[],"picked":"Combust","floor":40},{"not_picked":[],"picked":"Dropkick+1","floor":42},{"not_picked":["Havoc"],"picked":"SKIP","floor":42},{"not_picked":[],"picked":"Flame Barrier","floor":44},{"not_picked":["Sever Soul+1"],"picked":"SKIP","floor":44},{"not_picked":[],"picked":"Intimidate+1","floor":46},{"not_picked":["Clothesline"],"picked":"SKIP","floor":47},{"not_picked":["Perfected Strike"],"picked":"SKIP","floor":47},{"not_picked":["Sever Soul+1"],"picked":"SKIP","floor":48},{"not_picked":["Twin Strike"],"picked":"SKIP","floor":48}],"player_experience":74115,"relics_obtained":[{"floor":9,"key":"Orichalcum"},{"floor":24,"key":"Bag of Marbles"},{"floor":26,"key":"Blood Vial"},{"floor":31,"key":"Bird Faced Urn"},{"floor":38,"key":"Prayer Wheel"},{"floor":40,"key":"Torii"},{"floor":43,"key":"Ice Cream"},{"floor":46,"key":"Nunchaku"}],"event_choices":[{"damage_healed":0,"gold_gain":0,"cards_transformed":["Strike_R"],"player_choice":"Transformed","damage_taken":0,"max_hp_gain":0,"max_hp_loss":0,"event_name":"Transmorgrifier","floor":3,"gold_loss":0,"cards_obtained":["Metallicize"]},{"damage_healed":0,"gold_gain":0,"player_choice":"Gave Potion","damage_taken":0,"relics_obtained":["Boot"],"max_hp_gain":0,"max_hp_loss":0,"event_name":"WeMeetAgain","floor":11,"gold_loss":0},{"damage_healed":0,"gold_gain":0,"cards_transformed":["Strike_R","Strike_R"],"player_choice":"Transformed Cards","damage_taken":0,"max_hp_gain":0,"max_hp_loss":0,"event_name":"Designer","floor":19,"gold_loss":60,"cards_obtained":["Exhume","Reaper"]},{"damage_healed":0,"gold_gain":0,"player_choice":"Trade","damage_taken":0,"relics_obtained":["CultistMask"],"max_hp_gain":0,"max_hp_loss":0,"event_name":"FaceTrader","floor":22,"gold_loss":0},{"cards_removed":["Decay","Normality"],"damage_healed":0,"gold_gain":0,"player_choice":"Removed Curses","damage_taken":0,"max_hp_gain":0,"max_hp_loss":0,"event_name":"Fountain of Cleansing","floor":36,"gold_loss":0},{"damage_healed":0,"gold_gain":0,"player_choice":"Fight","damage_taken":0,"max_hp_gain":0,"max_hp_loss":0,"event_name":"MindBloom","floor":38,"gold_loss":0},{"damage_healed":0,"gold_gain":0,"player_choice":"Paid","damage_taken":0,"relics_obtained":["Red Mask"],"max_hp_gain":0,"max_hp_loss":0,"event_name":"Tomb of Lord Red Mask","floor":41,"gold_loss":74},{"damage_healed":0,"gold_gain":0,"player_choice":"Fight","damage_taken":0,"max_hp_gain":0,"max_hp_loss":0,"event_name":"Mysterious Sphere","floor":46,"gold_loss":0}],"is_beta":false,"boss_relics":[{"not_picked":["Ectoplasm","Black Star"],"picked":"Cursed Key"},{"not_picked":["Orrery","Tiny House"],"picked":"Busted Crown"}],"items_purged_floors":[20,30,39],"is_endless":false,"potions_floor_spawned":[4,10,16,24,33,37,38,40],"killed_by":"Time Eater","ascension_level":0}