{"gold_per_floor":[113,125,125,145,145,170,204,129,129,404,423,449,461,115,115,115],"floor_reached":16,"playtime":684,"items_purged":["Injury","Regret"],"score":120,"play_id":"a4f37df6-83b3-44b0-983b-66e1ccbc074a","local_time":"20190521183340","is_ascension_mode":true,"campfire_choices":[{"data":"Bash","floor":13,"key":"SMITH"},{"floor":15,"key":"REST"}],"neow_cost":"NONE","seed_source_timestamp":17075030648397,"circlet_count":0,"master_deck":["Strike_R","Strike_R","Strike_R","Strike_R","Strike_R","Defend_R","Defend_R","Defend_R+1","Defend_R","Bash+1","Madness+1","Iron Wave","Shrug It Off","Clothesline","Immolate"],"relics":["Burning Blood","Golden Idol","War Paint","The Courier","MawBank","Frozen Eye","Vajra"],"potions_floor_usage":[16,16],"damage_taken":[{"damage":1,"enemies":"Cultist","floor":1,"turns":4},{"damage":12,"enemies":"Small Slimes","floor":2,"turns":5},{"damage":7,"enemies":"Jaw Worm","floor":4,"turns":3},{"damage":14,"enemies":"3 Louse","floor":6,"turns":4},{"damage":47,"enemies":"Lagavulin","floor":7,"turns":7},{"damage":0,"enemies":"Gremlin Gang","floor":11,"turns":1},{"damage":55,"enemies":"Hexaghost","floor":16,"turns":10}],"seed_played":"-6779818037600258476","potions_obtained":[{"floor":1,"key":"Swift Potion"},{"floor":11,"key":"SkillPotion"}],"is_trial":false,"path_per_floor":["M","M","$","M","?","M","E","$","T","?","M","T","R","$","R","B"],"character_chosen":"IRONCLAD","items_purchased":["Frozen Eye","Vajra"],"campfire_rested":1,"item_purchase_floors":[14,14],"current_hp_per_floor":[80,74,74,73,73,65,24,24,24,24,30,30,30,30,54,0],"gold":115,"neow_bonus":"RANDOM_COLORLESS","is_prod":false,"is_daily":false,"chose_seed":false,"campfire_upgraded":1,"win_rate":0,"timestamp":1558478020,"path_taken":["M","M","?","M","?","M","E","$","T","?","?","?","R","?","R","BOSS"],"build_version":"2019-01-23","purchased_purges":2,"victory":false,"max_hp_per_floor":[80,80,80,80,80,80,80,80,80,80,80,80,80,80,80,80],"card_choices":[{"not_picked":["Flex","Armaments","Feel No Pain"],"picked":"SKIP","floor":1},{"not_picked":["Sword Boomerang","Flex"],"picked":"Iron Wave","floor":2},{"not_picked":["Body Slam","Fire Breathing"],"picked":"Shrug It Off","floor":4},{"not_picked":["Armaments","Shrug It Off"],"picked":"Clothesline","floor":6},{"not_picked":["Twin Strike","Iron Wave"],"picked":"Immolate","floor":7},{"not_picked":["Thunderclap","Cleave","Anger"],"picked":"SKIP","floor":11}],"player_experience":178485,"relics_obtained":[{"floor":7,"key":"War Paint"},{"floor":9,"key":"The Courier"},{"floor":12,"key":"MawBank"}],"event_choices":[{"damage_healed":0,"gold_gain":0,"player_choice":"Take Wound","damage_taken":0,"relics_obtained":["Golden Idol"],"max_hp_gain":0,"max_hp_loss":0,"event_name":"Golden Idol","floor":5,"gold_loss":0,"cards_obtained":["Injury"]},{"damage_healed":0,"gold_gain":275,"player_choice":"Desecrate","damage_taken":0,"max_hp_gain":0,"max_hp_loss":0,"event_name":"Golden Shrine","floor":10,"gold_loss":0,"cards_obtained":["Regret"]}],"is_beta":false,"boss_relics":[],"items_purged_floors":[8,14],"is_endless":false,"potions_floor_spawned":[1,11],"killed_by":"Hexaghost","ascension_level":4}