{"gold_per_floor":[114,126,201,201,211,240,240,260,260,276,288,288,10,29,29,158,158,182,182,53,53,53,53,91,109,161,76,76,94,117,160,160,291,291,314,314,337,357,71,71,115,140,140,60,60,0,0,21,21,21,21,21,21,55,55],"floor_reached":56,"playtime":8367,"items_purged":["Strike_G","Pain"],"score":1167,"play_id":"29b35504-4168-4636-a3e0-58909cebc998","local_time":"20190706032928","is_ascension_mode":false,"campfire_choices":[{"data":"Dash","floor":7,"key":"SMITH"},{"floor":15,"key":"REST"},{"data":"Noxious Fumes","floor":23,"key":"SMITH"},{"floor":28,"key":"REST"},{"data":"Bullet Time","floor":32,"key":"SMITH"},{"floor":40,"key":"REST"},{"floor":45,"key":"REST"},{"floor":49,"key":"RECALL"},{"data":"After Image","floor":52,"key":"SMITH"}],"neow_cost":"NONE","seed_source_timestamp":389127482010096,"circlet_count":0,"master_deck":["Survivor","Neutralize","Dash+1","Backflip","Slice","Terror","Sucker Punch","Noxious Fumes+1","Flying Knee","Well Laid Plans","Dagger Spray","Bullet Time+1","Phantasmal Killer","Expertise+1","Glass Knife+1","Crippling Poison+1","Prepared","Outmaneuver","Writhe","Leg Sweep+1","Cloak And Dagger+1","Prepared","Blur","Calculated Gamble+1","Quick Slash","Tools of the Trade","After Image+1","Flechettes","Terror","Noxious Fumes","Expertise","Accuracy+1","Backstab+1","Blade Dance+1","Bane","Venomology","Acrobatics+1","Catalyst","Calculated Gamble+1","Underhanded Strike","Parasite","Outmaneuver+1","Prepared+1"],"relics":["Ring of the Snake","Dream Catcher","Potion Belt","Pantograph","Matryoshka","Golden Idol","Kunai","Astrolabe","Tough Bandages","Question Card","Meat on the Bone","Dodecahedron","Juzu Bracelet","Pandora\u0027s Box","WarpedTongs","Ornamental Fan","Shuriken","The Courier","Toxic Egg 2","Red Mask","Strawberry"],"potions_floor_usage":[16,24,24,24,31,31,37,38,38,41,42,50,50,55,55,55],"damage_taken":[{"damage":0,"enemies":"Small Slimes","floor":1,"turns":3},{"damage":0,"enemies":"2 Louse","floor":2,"turns":2},{"damage":0,"enemies":"Cultist","floor":5,"turns":3},{"damage":13,"enemies":"Gremlin Nob","floor":6,"turns":5},{"damage":0,"enemies":"Blue Slaver","floor":8,"turns":4},{"damage":0,"enemies":"Exordium Wildlife","floor":10,"turns":4},{"damage":6,"enemies":"Lots of Slimes","floor":11,"turns":5},{"damage":0,"enemies":"2 Fungi Beasts","floor":14,"turns":4},{"damage":1,"enemies":"The Guardian","floor":16,"turns":9},{"damage":12,"enemies":"2 Thieves","floor":18,"turns":3},{"damage":17,"enemies":"Book of Stabbing","floor":24,"turns":7},{"damage":22,"enemies":"3 Byrds","floor":25,"turns":4},{"damage":10,"enemies":"Cultist and Chosen","floor":29,"turns":6},{"damage":7,"enemies":"Chosen and Byrds","floor":30,"turns":5},{"damage":17,"enemies":"Slavers","floor":31,"turns":6},{"damage":19,"enemies":"Champ","floor":33,"turns":14},{"damage":0,"enemies":"3 Darklings","floor":35,"turns":5},{"damage":4,"enemies":"3 Shapes","floor":37,"turns":6},{"damage":2,"enemies":"Jaw Worm Horde","floor":38,"turns":5},{"damage":23,"enemies":"Nemesis","floor":41,"turns":7},{"damage":7,"enemies":"3 Darklings","floor":42,"turns":7},{"damage":16,"enemies":"Writhing Mass","floor":48,"turns":7},{"damage":61,"enemies":"Time Eater","floor":50,"turns":12},{"damage":11,"enemies":"Shield and Spear","floor":54,"turns":5},{"damage":79,"enemies":"The Heart","floor":55,"turns":9}],"seed_played":"3647826055467023707","potions_obtained":[{"floor":1,"key":"Regen Potion"},{"floor":6,"key":"EssenceOfSteel"},{"floor":11,"key":"Fire Potion"},{"floor":16,"key":"FearPotion"},{"floor":18,"key":"Block Potion"},{"floor":19,"key":"EssenceOfSteel"},{"floor":19,"key":"Strength Potion"},{"floor":19,"key":"Swift Potion"},{"floor":30,"key":"Fire Potion"},{"floor":33,"key":"Strength Potion"},{"floor":35,"key":"Block Potion"},{"floor":38,"key":"Fruit Juice"},{"floor":42,"key":"FearPotion"}],"is_trial":false,"path_per_floor":["M","M","?","?","M","E","R","M","T","M","M","?","$","M","R","B",null,"M","?","$","?","$","R","E","M","T","?","R","M","M","E","R","B",null,"M","?","M","M","$","R","E","M","T","$","R","?","?","M","R","B",null,"R","$","E","B",null],"character_chosen":"THE_SILENT","items_purchased":["Kunai","Well Laid Plans","Outmaneuver","Ornamental Fan","Bane"],"campfire_rested":4,"item_purchase_floors":[13,13,20,39,39],"current_hp_per_floor":[70,70,59,59,59,46,46,46,46,46,40,23,23,23,44,68,70,58,58,58,58,58,58,41,19,19,19,40,42,47,42,42,48,70,70,70,66,69,69,75,52,45,45,45,67,67,67,51,51,26,75,75,75,71,15],"gold":55,"neow_bonus":"RANDOM_COMMON_RELIC","is_prod":false,"is_daily":false,"chose_seed":false,"campfire_upgraded":4,"win_rate":0,"timestamp":1562398168,"path_taken":["M","M","?","?","M","E","R","M","T","?","M","?","?","?","R","BOSS","M","?","?","?","$","R","E","M","T","?","R","M","M","E","R","BOSS","M","?","M","M","$","R","E","M","T","?","R","?","?","M","R","BOSS","R","$","E","BOSS"],"build_version":"2019-07-05","purchased_purges":2,"victory":true,"max_hp_per_floor":[70,70,70,70,70,70,70,70,70,70,70,70,70,70,70,70,70,70,70,70,70,70,70,70,70,70,70,70,70,70,70,70,70,70,70,70,70,75,75,75,75,75,75,75,75,75,75,75,75,75,75,75,75,82,82],"card_choices":[{"not_picked":["Predator","Deflect"],"picked":"Dash","floor":1},{"not_picked":["Riddle With Holes","Flying Knee"],"picked":"Backflip","floor":2},{"not_picked":["Expertise","Bouncing Flask"],"picked":"Slice","floor":5},{"not_picked":["Distraction","Accuracy"],"picked":"Terror","floor":6},{"not_picked":["Masterful Stab","Finisher"],"picked":"Sucker Punch","floor":8},{"not_picked":["Backflip","Cloak And Dagger"],"picked":"Noxious Fumes","floor":10},{"not_picked":["All Out Attack","Tactician"],"picked":"Flying Knee","floor":11},{"not_picked":["Deflect","Prepared"],"picked":"Dagger Spray","floor":14},{"not_picked":["PiercingWail","Blade Dance"],"picked":"Bullet Time","floor":15},{"not_picked":["Wraith Form v2","Glass Knife"],"picked":"Phantasmal Killer","floor":16},{"not_picked":["Flying Knee","Crippling Poison+1"],"picked":"Prepared","floor":18},{"not_picked":["PiercingWail","Caltrops"],"picked":"Leg Sweep+1","floor":24},{"not_picked":["Acrobatics","Dagger Throw+1","Calculated Gamble+1"],"picked":"Cloak And Dagger+1","floor":25},{"not_picked":["All Out Attack","PiercingWail","Expertise"],"picked":"Prepared","floor":28},{"not_picked":["Phantasmal Killer","Outmaneuver","Flying Knee"],"picked":"Blur","floor":29},{"not_picked":["Sucker Punch+1","Catalyst","Backstab"],"picked":"Calculated Gamble+1","floor":30},{"not_picked":["Backflip","Bullet Time","Cloak And Dagger"],"picked":"Quick Slash","floor":31},{"not_picked":["Bullet Time","Adrenaline","A Thousand Cuts"],"picked":"Tools of the Trade","floor":33},{"not_picked":["Quick Slash","Bane","Acrobatics+1"],"picked":"Accuracy+1","floor":35},{"not_picked":["Flying Knee","Cloak And Dagger","Phantasmal Killer"],"picked":"Backstab+1","floor":37},{"not_picked":["Poisoned Stab","Dagger Spray","Leg Sweep"],"picked":"Blade Dance+1","floor":38},{"not_picked":["Dagger Throw+1","Acrobatics","Outmaneuver+1"],"picked":"Venomology","floor":40},{"not_picked":["Sucker Punch+1","Caltrops+1","Dash+1"],"picked":"Acrobatics+1","floor":41},{"not_picked":["Slice","Outmaneuver+1","Cloak And Dagger"],"picked":"Catalyst","floor":42},{"not_picked":["Backflip+1","Dagger Spray+1","Poisoned Stab+1"],"picked":"Calculated Gamble+1","floor":45},{"not_picked":["Dagger Throw","Backflip+1","Bane"],"picked":"Outmaneuver+1","floor":48},{"not_picked":["Crippling Poison+1","Flying Knee+1","Dodge and Roll+1"],"picked":"Prepared+1","floor":54}],"player_experience":130263,"relics_obtained":[{"floor":6,"key":"Pantograph"},{"floor":9,"key":"Matryoshka"},{"floor":24,"key":"Question Card"},{"floor":26,"key":"Meat on the Bone"},{"floor":31,"key":"Juzu Bracelet"},{"floor":41,"key":"Shuriken"},{"floor":43,"key":"The Courier"},{"floor":43,"key":"Toxic Egg 2"},{"floor":54,"key":"Strawberry"}],"event_choices":[{"damage_healed":0,"gold_gain":75,"player_choice":"Gather Gold","damage_taken":11,"max_hp_gain":0,"max_hp_loss":0,"event_name":"World of Goop","floor":3,"gold_loss":0},{"damage_healed":0,"gold_gain":0,"player_choice":"Gave Potion","damage_taken":0,"relics_obtained":["Potion Belt"],"max_hp_gain":0,"max_hp_loss":0,"event_name":"WeMeetAgain","floor":4,"gold_loss":0},{"damage_healed":0,"gold_gain":0,"player_choice":"Take Damage","damage_taken":17,"relics_obtained":["Golden Idol"],"max_hp_gain":0,"max_hp_loss":0,"event_name":"Golden Idol","floor":12,"gold_loss":0},{"damage_healed":0,"gold_gain":0,"player_choice":"Got Potions","damage_taken":0,"max_hp_gain":0,"max_hp_loss":0,"event_name":"Lab","floor":19,"gold_loss":0},{"damage_healed":0,"gold_gain":0,"player_choice":"Opened","damage_taken":0,"relics_obtained":["Tough Bandages"],"max_hp_gain":0,"max_hp_loss":0,"event_name":"The Mausoleum","floor":21,"gold_loss":0,"cards_obtained":["Writhe"]},{"damage_healed":0,"gold_gain":0,"player_choice":"Obtained Relic","damage_taken":0,"relics_obtained":["Dodecahedron"],"max_hp_gain":0,"max_hp_loss":0,"event_name":"Addict","floor":27,"gold_loss":85},{"damage_healed":0,"gold_gain":0,"player_choice":"Rummage","damage_taken":0,"relics_obtained":["WarpedTongs"],"max_hp_gain":0,"max_hp_loss":0,"event_name":"Accursed Blacksmith","floor":36,"gold_loss":0,"cards_obtained":["Pain"]},{"damage_healed":0,"gold_gain":0,"player_choice":"Paid","damage_taken":0,"relics_obtained":["Red Mask"],"max_hp_gain":0,"max_hp_loss":0,"event_name":"Tomb of Lord Red Mask","floor":46,"gold_loss":60},{"damage_healed":0,"gold_gain":0,"cards_transformed":["Night Terror"],"player_choice":"Transformed","damage_taken":0,"max_hp_gain":0,"max_hp_loss":0,"event_name":"Transmorgrifier","floor":47,"gold_loss":0,"cards_obtained":["Underhanded Strike"]}],"is_beta":false,"boss_relics":[{"not_picked":["White Beast Statue","Velvet Choker"],"picked":"Astrolabe"},{"not_picked":["Philosopher\u0027s Stone","HoveringKite"],"picked":"Pandora\u0027s Box"}],"items_purged_floors":[20,44],"is_endless":false,"potions_floor_spawned":[1,6,11,16,18,30,33,35,38,42],"ascension_level":0}