{"gold_per_floor":[360,377,302,314,314,314,340,340,340,340,340,0,0,12,12,115,115,135,135,8,23,23,23,88,108,134,134,34,34,84,9,9,112,112,129,143,7,7,19,48,48,63,63,63,213,15,29,46,46,66],"floor_reached":51,"playtime":2917,"items_purged":["Pain","Strike_R","Strike_R"],"score":800,"play_id":"4012717b-baad-4580-9ac2-2f49ac0ca0c8","local_time":"20190329125311","is_ascension_mode":false,"campfire_choices":[{"data":"Feed","floor":6,"key":"SMITH"},{"data":"Body Slam","floor":8,"key":"SMITH"},{"data":"Headbutt","floor":11,"key":"SMITH"},{"data":"Jack Of All Trades","floor":13,"key":"SMITH"},{"data":"Shrug It Off","floor":15,"key":"SMITH"},{"data":"Rampage","floor":23,"key":"SMITH"},{"data":"Entrench","floor":27,"key":"SMITH"},{"data":"True Grit","floor":29,"key":"SMITH"},{"data":"Metallicize","floor":32,"key":"SMITH"},{"data":"Barricade","floor":41,"key":"SMITH"},{"floor":44,"key":"REST"},{"data":"Double Tap","floor":49,"key":"SMITH"}],"neow_cost":"CURSE","seed_source_timestamp":1304806459770143,"circlet_count":0,"master_deck":["Strike_R+1","Strike_R","Defend_R","Defend_R","Defend_R","Defend_R","Bash","True Grit+1","Feed+1","Headbutt+1","Body Slam+1","Shrug It Off+1","Jack Of All Trades+1","Metallicize+1","Feed","Evolve+1","True Grit+1","Rampage+1","Thunderclap+1","Entrench+1","Shrug It Off+1","Barricade+1","Body Slam+1","Pommel Strike","Double Tap+1","Shrug It Off","Pommel Strike"],"relics":["Burning Blood","Ornamental Fan","Pantograph","HandDrill","Mark of Pain","Shuriken","SsserpentHead","Blood Vial","Black Star","Kunai","Magic Flower","Bronze Scales","Gambling Chip","Vajra"],"potions_floor_usage":[16,24,24,25,35,38,38,45,50,50],"damage_taken":[{"damage":18,"enemies":"Jaw Worm","floor":1,"turns":5},{"damage":5,"enemies":"2 Louse","floor":2,"turns":4},{"damage":12,"enemies":"Cultist","floor":4,"turns":6},{"damage":38,"enemies":"3 Sentries","floor":7,"turns":16},{"damage":7,"enemies":"Looter","floor":14,"turns":5},{"damage":0,"enemies":"Slime Boss","floor":16,"turns":7},{"damage":0,"enemies":"Chosen","floor":18,"turns":5},{"damage":12,"enemies":"Shell Parasite","floor":21,"turns":3},{"damage":6,"enemies":"3 Cultists","floor":24,"turns":5},{"damage":13,"enemies":"Snecko","floor":25,"turns":8},{"damage":56,"enemies":"Champ","floor":33,"turns":14},{"damage":10,"enemies":"3 Darklings","floor":35,"turns":7},{"damage":9,"enemies":"Orb Walker","floor":36,"turns":6},{"damage":0,"enemies":"Transient","floor":38,"turns":3},{"damage":22,"enemies":"Jaw Worm Horde","floor":39,"turns":6},{"damage":54,"enemies":"Giant Head","floor":40,"turns":10},{"damage":39,"enemies":"Sphere and 2 Shapes","floor":42,"turns":7},{"damage":0,"enemies":"Mind Bloom Boss Battle","floor":45,"turns":8},{"damage":52,"enemies":"4 Shapes","floor":47,"turns":6},{"damage":14,"enemies":"Jaw Worm Horde","floor":48,"turns":7},{"damage":55,"enemies":"Awakened One","floor":50,"turns":13}],"seed_played":"6898883334516607535","potions_obtained":[{"floor":7,"key":"SmokeBomb"},{"floor":14,"key":"AttackPotion"},{"floor":16,"key":"FearPotion"},{"floor":18,"key":"PowerPotion"},{"floor":24,"key":"FearPotion"},{"floor":33,"key":"AttackPotion"},{"floor":35,"key":"Fire Potion"},{"floor":36,"key":"Ancient Potion"},{"floor":42,"key":"SkillPotion"},{"floor":48,"key":"Energy Potion"}],"is_trial":false,"path_per_floor":["M","M","$","M","?","R","E","R","T","?","R","$","R","M","R","B",null,"M","?","$","M","?","R","M","M","T","R","$","R","?","$","R","B",null,"M","M","$","M","M","E","R","M","T","R","?","$","M","M","R","B",null],"character_chosen":"IRONCLAD","items_purchased":["HandDrill","Shrug It Off","Jack Of All Trades","True Grit","Rampage","Double Tap","Shrug It Off","Vajra"],"campfire_rested":1,"item_purchase_floors":[12,12,12,20,20,37,46,46],"current_hp_per_floor":[68,69,69,66,49,49,21,21,21,21,21,21,21,24,24,59,95,99,99,99,96,96,96,99,96,96,96,96,96,96,96,96,59,109,105,107,107,112,100,54,54,33,33,69,119,119,77,81,81,76],"gold":66,"neow_bonus":"TWO_FIFTY_GOLD","is_prod":false,"is_daily":false,"chose_seed":false,"campfire_upgraded":11,"win_rate":0.0,"timestamp":1553878391,"path_taken":["M","M","$","M","?","R","E","R","T","?","R","?","R","M","R","BOSS","M","?","$","M","?","R","?","M","T","R","$","R","?","?","R","BOSS","M","M","$","M","M","E","R","M","T","R","?","$","M","M","R","BOSS"],"build_version":"2019-01-23","purchased_purges":3,"victory":true,"max_hp_per_floor":[80,80,80,83,83,83,87,87,87,87,87,87,87,91,91,95,95,99,99,99,102,102,102,105,109,109,109,109,109,109,109,109,109,109,109,112,112,112,116,116,116,120,120,120,120,120,120,124,124,124],"card_choices":[{"not_picked":["Twin Strike","Iron Wave"],"picked":"True Grit","floor":1},{"not_picked":["Hemokinesis","Evolve"],"picked":"Feed","floor":2},{"not_picked":["Second Wind","Sword Boomerang"],"picked":"Headbutt","floor":4},{"not_picked":["Brutality","Rupture"],"picked":"Body Slam","floor":7},{"not_picked":["Anger","Headbutt"],"picked":"Metallicize","floor":14},{"not_picked":["Fiend Fire","Dark Embrace"],"picked":"Feed","floor":16},{"not_picked":["Sword Boomerang+1","Armaments"],"picked":"Evolve+1","floor":18},{"not_picked":["Cleave","Clothesline","Anger"],"picked":"SKIP","floor":21},{"not_picked":["Dual Wield","Heavy Blade"],"picked":"Thunderclap+1","floor":24},{"not_picked":["Feel No Pain","Whirlwind"],"picked":"Entrench","floor":25},{"not_picked":["Berserk","Feed"],"picked":"Barricade","floor":33},{"not_picked":["Pummel+1","Perfected Strike"],"picked":"Body Slam+1","floor":35},{"not_picked":["Perfected Strike","Flex"],"picked":"Pommel Strike","floor":36},{"not_picked":["Reckless Charge+1","Headbutt","Clash"],"picked":"SKIP","floor":39},{"not_picked":["Blood for Blood+1","Second Wind+1","Sword Boomerang"],"picked":"SKIP","floor":40},{"not_picked":["Metallicize+1","Thunderclap","Spot Weakness"],"picked":"SKIP","floor":42},{"not_picked":["Burning Pact+1","Iron Wave","Sword Boomerang+1"],"picked":"SKIP","floor":47},{"not_picked":["Iron Wave","Warcry+1"],"picked":"Pommel Strike","floor":48}],"player_experience":76753,"relics_obtained":[{"floor":7,"key":"Ornamental Fan"},{"floor":9,"key":"Pantograph"},{"floor":26,"key":"Blood Vial"},{"floor":40,"key":"Kunai"},{"floor":40,"key":"Magic Flower"},{"floor":43,"key":"Bronze Scales"},{"floor":45,"key":"Gambling Chip"}],"event_choices":[{"damage_healed":0,"gold_gain":0,"player_choice":"Entered Light","damage_taken":17,"max_hp_gain":0,"max_hp_loss":0,"event_name":"Shining Light","floor":5,"gold_loss":0,"cards_upgraded":["Strike_R","True Grit"]},{"cards_removed":["Strike_R"],"damage_healed":0,"gold_gain":0,"player_choice":"Forget","damage_taken":0,"max_hp_gain":0,"max_hp_loss":0,"event_name":"Living Wall","floor":10,"gold_loss":0},{"damage_healed":0,"gold_gain":0,"player_choice":"Opened","damage_taken":0,"relics_obtained":["Shuriken"],"max_hp_gain":0,"max_hp_loss":0,"event_name":"The Mausoleum","floor":19,"gold_loss":0},{"damage_healed":0,"gold_gain":0,"player_choice":"Trade","damage_taken":0,"relics_obtained":["SsserpentHead"],"max_hp_gain":0,"max_hp_loss":0,"event_name":"FaceTrader","floor":22,"gold_loss":0},{"damage_healed":0,"gold_gain":0,"player_choice":"Copied","damage_taken":0,"max_hp_gain":0,"max_hp_loss":0,"event_name":"Duplicator","floor":30,"gold_loss":0,"cards_obtained":["Shrug It Off"]},{"damage_healed":0,"gold_gain":0,"player_choice":"Fight","damage_taken":0,"max_hp_gain":0,"max_hp_loss":0,"event_name":"MindBloom","floor":45,"gold_loss":0}],"is_beta":false,"boss_relics":[{"not_picked":["Busted Crown","Astrolabe"],"picked":"Mark of Pain"},{"not_picked":["Lizard Tail","Eternal Feather"],"picked":"Black Star"}],"items_purged_floors":[3,28,31],"is_endless":false,"potions_floor_spawned":[7,14,16,18,24,33,35,36,42,48],"ascension_level":0}