{"gold_per_floor":[111,161,173,184,259,272,283,302,302,302,318,318,318,318,318,392,392,405,39,0,0,18,18,18,18],"floor_reached":25,"playtime":728,"items_purged":["Defend_G"],"score":386,"play_id":"83eeeaff-d51f-4a55-928a-4f44416fb49b","local_time":"20190630044117","is_ascension_mode":true,"campfire_choices":[{"data":"Dagger Spray","floor":10,"key":"SMITH"},{"data":"Neutralize","floor":12,"key":"SMITH"},{"floor":15,"key":"REST"},{"data":"Bouncing Flask","floor":23,"key":"SMITH"}],"neow_cost":"NONE","seed_source_timestamp":436730424437200,"circlet_count":0,"master_deck":["AscendersBane","Defend_G","Defend_G","Defend_G+1","Defend_G","Strike_G","Strike_G","Strike_G","Strike_G","Survivor","Neutralize+1","Deadly Poison","Dagger Spray+1","Deadly Poison","Cloak And Dagger","Deadly Poison+1","Crippling Poison+1","Footwork","Bouncing Flask+1"],"relics":["Ring of the Snake","Anchor","Darkstone Periapt","Sozu","Lantern","MutagenicStrength"],"potions_floor_usage":[16,16,25],"damage_taken":[{"damage":1,"enemies":"2 Louse","floor":1,"turns":3},{"damage":0,"enemies":"Cultist","floor":3,"turns":4},{"damage":1,"enemies":"Small Slimes","floor":4,"turns":5},{"damage":2,"enemies":"2 Fungi Beasts","floor":6,"turns":3},{"damage":0,"enemies":"3 Louse","floor":7,"turns":2},{"damage":5,"enemies":"Lots of Slimes","floor":8,"turns":5},{"damage":4,"enemies":"Exordium Wildlife","floor":11,"turns":5},{"damage":20,"enemies":"The Guardian","floor":16,"turns":10},{"damage":8,"enemies":"Shell Parasite","floor":18,"turns":5},{"damage":0,"enemies":"Spheric Guardian","floor":22,"turns":2},{"damage":44,"enemies":"Gremlin Leader","floor":25,"turns":5}],"seed_played":"-5657196690027134158","potions_obtained":[{"floor":4,"key":"Swift Potion"},{"floor":7,"key":"Swift Potion"},{"floor":11,"key":"Block Potion"},{"floor":16,"key":"SpeedPotion"}],"is_trial":false,"path_per_floor":["M","?","M","M","?","M","M","M","T","R","M","R","?","?","R","B",null,"M","$","?","?","M","R","?","E"],"character_chosen":"THE_SILENT","items_purchased":["Lantern","Footwork","Bouncing Flask"],"campfire_rested":1,"item_purchase_floors":[19,19,19],"current_hp_per_floor":[58,58,58,57,46,44,44,39,39,39,35,35,28,8,27,7,51,43,43,43,43,43,43,37,0],"gold":18,"neow_bonus":"RANDOM_COMMON_RELIC","is_prod":false,"is_daily":false,"chose_seed":false,"campfire_upgraded":3,"win_rate":0,"timestamp":1561840877,"path_taken":["M","?","?","M","?","M","M","M","T","R","M","R","?","?","R","BOSS","M","$","?","?","M","R","?","E"],"build_version":"2019-01-23","purchased_purges":1,"victory":false,"max_hp_per_floor":[66,66,66,66,66,66,66,66,66,66,66,66,66,66,66,66,66,66,66,66,66,66,66,66,66],"card_choices":[{"not_picked":["Finisher","Reflex"],"picked":"Deadly Poison","floor":1},{"not_picked":["Setup","Dagger Throw","Endless Agony"],"picked":"SKIP","floor":3},{"not_picked":["Deflect","Underhanded Strike"],"picked":"Dagger Spray","floor":4},{"not_picked":["Accuracy","Riddle With Holes"],"picked":"Deadly Poison","floor":6},{"not_picked":["Distraction","Poisoned Stab"],"picked":"Cloak And Dagger","floor":7},{"not_picked":["Poisoned Stab","Prepared","Eviscerate"],"picked":"SKIP","floor":8},{"not_picked":["Accuracy","Eviscerate"],"picked":"Deadly Poison","floor":11},{"not_picked":["Flying Knee","Dagger Throw"],"picked":"Crippling Poison+1","floor":18},{"not_picked":["Prepared","Quick Slash","Blade Dance"],"picked":"SKIP","floor":22}],"player_experience":743528,"relics_obtained":[{"floor":9,"key":"Darkstone Periapt"}],"event_choices":[{"damage_healed":0,"gold_gain":50,"player_choice":"Pray","damage_taken":0,"max_hp_gain":0,"max_hp_loss":0,"event_name":"Golden Shrine","floor":2,"gold_loss":0},{"damage_healed":0,"gold_gain":75,"player_choice":"Gather Gold","damage_taken":11,"max_hp_gain":0,"max_hp_loss":0,"event_name":"World of Goop","floor":5,"gold_loss":0},{"cards_removed":["Strike_G"],"damage_healed":0,"gold_gain":0,"player_choice":"Card Removal","damage_taken":7,"max_hp_gain":0,"max_hp_loss":0,"event_name":"Golden Wing","floor":13,"gold_loss":0},{"damage_healed":0,"gold_gain":0,"player_choice":"Entered Light","damage_taken":20,"max_hp_gain":0,"max_hp_loss":0,"event_name":"Shining Light","floor":14,"gold_loss":0,"cards_upgraded":["Deadly Poison","Defend_G"]},{"damage_healed":0,"gold_gain":0,"player_choice":"Paid Fearfully","damage_taken":0,"max_hp_gain":0,"max_hp_loss":0,"event_name":"Masked Bandits","floor":20,"gold_loss":39},{"damage_healed":0,"gold_gain":0,"player_choice":"Inject Mutagens","damage_taken":0,"relics_obtained":["MutagenicStrength"],"max_hp_gain":0,"max_hp_loss":0,"event_name":"Drug Dealer","floor":21,"gold_loss":0},{"damage_healed":0,"gold_gain":0,"player_choice":"","damage_taken":6,"max_hp_gain":0,"max_hp_loss":0,"event_name":"Knowing Skull","floor":24,"potions_obtained":[],"gold_loss":0,"cards_obtained":[]}],"is_beta":false,"boss_relics":[{"not_picked":["Empty Cage","WristBlade"],"picked":"Sozu"}],"items_purged_floors":[19],"is_endless":false,"potions_floor_spawned":[4,7,11,16,18],"killed_by":"Gremlin Leader","ascension_level":20}