{"gold_per_floor":[114,114,130,55,55,83,83,117,117,117,133,133,147,163,163,235,235,253,253,266,282,299,299,313,338,338,338,354,354,367,367,367,445,445,456,456,456,467,467,67,67,82,82,82,95,95],"floor_reached":46,"playtime":3353,"items_purged":["Strike_R+1"],"score":931,"play_id":"449d96c8-ac0c-4eba-8264-d8520623ab28","local_time":"20190621072523","is_ascension_mode":true,"campfire_choices":[{"data":"Offering","floor":7,"key":"SMITH"},{"floor":10,"key":"REST"},{"data":"Iron Wave","floor":12,"key":"SMITH"},{"floor":15,"key":"REST"},{"data":"Entrench","floor":23,"key":"SMITH"},{"floor":27,"key":"REST"},{"floor":32,"key":"REST"},{"floor":41,"key":"REST"},{"data":"Shockwave","floor":44,"key":"SMITH"}],"neow_cost":"NONE","seed_source_timestamp":777635844835499,"circlet_count":0,"master_deck":["AscendersBane","Strike_R+1","Strike_R+1","Defend_R+1","Defend_R+1","Defend_R+1","Defend_R+1","Bash","Infernal Blade","Iron Wave+1","Offering+1","Spot Weakness","Shrug It Off","Feel No Pain","Clothesline+1","Reaper+1","Entrench+1","Exhume","Heavy Blade+1","Shrug It Off","Carnage+1","Iron Wave+1","Body Slam+1","Dual Wield","Sentinel","Body Slam+1","Body Slam+1","Warcry+1","Impervious","Iron Wave+1","Fiend Fire+1","Madness","Madness","Heavy Blade+1","Shockwave+1"],"relics":["Burning Blood","NeowsBlessing","Blue Candle","Molten Egg 2","Ice Cream","Nunchaku","Prayer Wheel","Velvet Choker","Paper Frog","Sundial","Enchiridion","Cursed Key","Mercury Hourglass"],"potions_floor_usage":[18,20,21,24,25],"damage_taken":[{"damage":0,"enemies":"Jaw Worm","floor":1,"turns":1},{"damage":0,"enemies":"Cultist","floor":3,"turns":1},{"damage":0,"enemies":"Lagavulin","floor":6,"turns":1},{"damage":66,"enemies":"3 Sentries","floor":8,"turns":14},{"damage":6,"enemies":"Small Slimes","floor":11,"turns":2},{"damage":7,"enemies":"Blue Slaver","floor":13,"turns":2},{"damage":17,"enemies":"Exordium Wildlife","floor":14,"turns":4},{"damage":44,"enemies":"The Guardian","floor":16,"turns":10},{"damage":18,"enemies":"2 Thieves","floor":18,"turns":3},{"damage":27,"enemies":"Spheric Guardian","floor":20,"turns":6},{"damage":18,"enemies":"Cultist and Chosen","floor":21,"turns":5},{"damage":6,"enemies":"Centurion and Healer","floor":22,"turns":5},{"damage":22,"enemies":"Snake Plant","floor":24,"turns":4},{"damage":27,"enemies":"Book of Stabbing","floor":25,"turns":6},{"damage":11,"enemies":"Snecko","floor":28,"turns":4},{"damage":16,"enemies":"Chosen and Byrds","floor":30,"turns":9},{"damage":56,"enemies":"Collector","floor":33,"turns":10},{"damage":0,"enemies":"Orb Walker","floor":35,"turns":3},{"damage":33,"enemies":"3 Darklings","floor":38,"turns":4},{"damage":38,"enemies":"4 Shapes","floor":42,"turns":5},{"damage":47,"enemies":"Jaw Worm Horde","floor":45,"turns":4},{"damage":22,"enemies":"Spire Growth","floor":46,"turns":2}],"seed_played":"-7096604372796957669","potions_obtained":[{"floor":1,"key":"Dexterity Potion"},{"floor":14,"key":"Energy Potion"},{"floor":18,"key":"Poison Potion"},{"floor":19,"key":"Ancient Potion"},{"floor":21,"key":"Weak Potion"},{"floor":22,"key":"Weak Potion"},{"floor":33,"key":"PowerPotion"}],"is_trial":false,"path_per_floor":["M","?","M","?","T","E","R","E","T","R","M","R","M","M","R","B",null,"M","?","M","M","M","R","M","E","T","R","M","?","M","?","R","B",null,"M","?","?","M","?","$","R","M","T","R","M","M"],"character_chosen":"IRONCLAD","items_purchased":["Mercury Hourglass","Dexterity Potion"],"campfire_rested":5,"item_purchase_floors":[40,40],"current_hp_per_floor":[74,74,75,75,75,75,75,15,15,37,37,37,36,25,47,23,62,75,75,59,57,57,57,46,25,25,47,60,39,32,32,54,19,61,72,72,58,31,31,31,53,61,61,61,20,0],"gold":95,"neow_bonus":"THREE_ENEMY_KILL","is_prod":false,"is_daily":false,"chose_seed":false,"campfire_upgraded":4,"win_rate":0,"timestamp":1561116323,"path_taken":["M","?","?","?","?","E","R","E","T","R","M","R","?","M","R","BOSS","M","?","M","?","M","R","M","E","T","R","M","?","M","?","R","BOSS","M","?","?","M","?","$","R","M","T","R","M","M"],"build_version":"2019-06-20","purchased_purges":1,"victory":false,"max_hp_per_floor":[75,75,75,75,75,75,75,75,75,75,75,75,75,75,75,75,75,75,75,75,75,75,75,75,75,75,75,75,75,75,75,75,75,75,75,75,75,75,75,75,75,75,75,75,75,75],"card_choices":[{"not_picked":["Anger","Headbutt"],"picked":"Infernal Blade","floor":1},{"not_picked":["Heavy Blade","Thunderclap"],"picked":"Iron Wave","floor":3},{"not_picked":["Shrug It Off","Power Through"],"picked":"Offering","floor":6},{"not_picked":["Combust","Warcry"],"picked":"Spot Weakness","floor":8},{"not_picked":["Flex","Fire Breathing"],"picked":"Shrug It Off","floor":11},{"not_picked":["Rupture","Flex","Power Through"],"picked":"SKIP","floor":11},{"not_picked":["True Grit","Clash+1"],"picked":"Feel No Pain","floor":13},{"not_picked":["Cleave+1","Infernal Blade"],"picked":"Clothesline+1","floor":13},{"not_picked":["Pummel+1","Thunderclap+1"],"picked":"Reaper+1","floor":14},{"not_picked":["Clothesline+1","Anger+1"],"picked":"Entrench","floor":14},{"not_picked":["Juggernaut","Bludgeon+1"],"picked":"Exhume","floor":16},{"not_picked":["True Grit","Power Through"],"picked":"Heavy Blade+1","floor":18},{"not_picked":["Flex","Cleave+1"],"picked":"Shrug It Off","floor":18},{"not_picked":["Infernal Blade","Iron Wave+1"],"picked":"Carnage+1","floor":20},{"not_picked":["Cleave+1","Heavy Blade+1","Thunderclap+1"],"picked":"SKIP","floor":20},{"not_picked":["Clash+1","Anger+1"],"picked":"Iron Wave+1","floor":21},{"not_picked":["Anger+1","Thunderclap+1","Evolve"],"picked":"SKIP","floor":21},{"not_picked":["Havoc","Thunderclap+1"],"picked":"Body Slam+1","floor":22},{"not_picked":["Thunderclap+1","Heavy Blade+1"],"picked":"Dual Wield","floor":22},{"not_picked":["Berserk","Evolve"],"picked":"Sentinel","floor":24},{"not_picked":["Clothesline+1","Infernal Blade"],"picked":"Body Slam+1","floor":24},{"not_picked":["Twin Strike+1","Cleave+1"],"picked":"Body Slam+1","floor":25},{"not_picked":["Wild Strike+1","Twin Strike+1"],"picked":"Warcry+1","floor":28},{"not_picked":["Rupture","Cleave+1"],"picked":"Impervious","floor":28},{"not_picked":["Shrug It Off","Fire Breathing"],"picked":"Iron Wave+1","floor":30},{"not_picked":["Thunderclap+1","True Grit","Wild Strike+1"],"picked":"SKIP","floor":30},{"not_picked":["Berserk","Exhume"],"picked":"Fiend Fire+1","floor":33},{"not_picked":["Shrug It Off","Seeing Red","Thunderclap+1"],"picked":"SKIP","floor":35},{"not_picked":["Infernal Blade","Clash+1","Iron Wave+1"],"picked":"SKIP","floor":35},{"not_picked":["Rage","Reckless Charge+1"],"picked":"Heavy Blade+1","floor":38},{"not_picked":["Sword Boomerang+1","Rupture","Seeing Red"],"picked":"SKIP","floor":38},{"not_picked":["Twin Strike+1","Clash+1"],"picked":"Shockwave","floor":42},{"not_picked":["Whirlwind+1","Limit Break","Headbutt+1"],"picked":"SKIP","floor":42},{"not_picked":["Clothesline+1","Flex","Headbutt+1"],"picked":"SKIP","floor":45},{"not_picked":["Pummel+1","Twin Strike+1","Infernal Blade"],"picked":"SKIP","floor":45}],"player_experience":641660,"relics_obtained":[{"floor":5,"key":"Molten Egg 2"},{"floor":6,"key":"Ice Cream"},{"floor":8,"key":"Nunchaku"},{"floor":9,"key":"Prayer Wheel"},{"floor":25,"key":"Paper Frog"},{"floor":26,"key":"Sundial"},{"floor":29,"key":"Enchiridion"}],"event_choices":[{"damage_healed":0,"gold_gain":0,"player_choice":"Gave Potion","damage_taken":0,"relics_obtained":["Blue Candle"],"max_hp_gain":0,"max_hp_loss":0,"event_name":"WeMeetAgain","floor":2,"gold_loss":0},{"cards_removed":["Strike_R"],"damage_healed":0,"gold_gain":0,"player_choice":"Card Removal","damage_taken":0,"max_hp_gain":0,"max_hp_loss":0,"event_name":"The Cleric","floor":4,"gold_loss":75},{"damage_healed":0,"gold_gain":0,"player_choice":"Got Potions","damage_taken":0,"max_hp_gain":0,"max_hp_loss":0,"event_name":"Lab","floor":19,"gold_loss":0},{"damage_healed":0,"gold_gain":0,"player_choice":"Obtained Book","damage_taken":21,"max_hp_gain":0,"max_hp_loss":0,"event_name":"Cursed Tome","floor":29,"gold_loss":0},{"damage_healed":0,"gold_gain":0,"player_choice":"Simplicity","damage_taken":0,"max_hp_gain":0,"max_hp_loss":0,"event_name":"Back to Basics","floor":31,"gold_loss":0,"cards_upgraded":["Strike_R","Strike_R","Strike_R","Strike_R","Defend_R","Defend_R","Defend_R","Defend_R"]},{"damage_healed":0,"gold_gain":0,"player_choice":"Ignored","damage_taken":0,"max_hp_gain":0,"max_hp_loss":0,"event_name":"Tomb of Lord Red Mask","floor":36,"gold_loss":0},{"damage_healed":0,"gold_gain":0,"player_choice":"Embrace Madness","damage_taken":14,"max_hp_gain":0,"max_hp_loss":0,"event_name":"Winding Halls","floor":37,"gold_loss":0,"cards_obtained":["Madness","Madness"]},{"cards_removed":["Strike_R"],"damage_healed":0,"gold_gain":0,"player_choice":"Removed Attack","damage_taken":0,"max_hp_gain":0,"max_hp_loss":0,"event_name":"Falling","floor":39,"gold_loss":0}],"is_beta":true,"boss_relics":[{"not_picked":["Empty Cage","Pandora\u0027s Box"],"picked":"Velvet Choker"},{"not_picked":["White Beast Statue","Mark of Pain"],"picked":"Cursed Key"}],"items_purged_floors":[40],"is_endless":false,"potions_floor_spawned":[1,14,18,21,22,33],"killed_by":"Spire Growth","ascension_level":18}