{"gold_per_floor":[111,12,12,22,32,59,7,34,34,54,54],"floor_reached":11,"playtime":519,"items_purged":["Clumsy"],"score":83,"play_id":"ffee515e-1ca3-49cb-b771-296df9852097","local_time":"20190705201654","is_ascension_mode":false,"campfire_choices":[],"neow_cost":"CURSE","seed_source_timestamp":429134937267591,"circlet_count":0,"master_deck":["Strike_B","Strike_B","Strike_B","Strike_B","Defend_B","Defend_B","Defend_B","Defend_B","Zap","Dualcast","Hologram","Rebound","Hologram","Conserve Battery","Echo Form","Beam Cell","Static Discharge","Go for the Eyes"],"relics":["Cracked Core","Smiling Mask","Question Card","Kunai","Boot"],"potions_floor_usage":[6,8],"damage_taken":[{"damage":1,"enemies":"Jaw Worm","floor":1,"turns":3},{"damage":2,"enemies":"Small Slimes","floor":4,"turns":3},{"damage":1,"enemies":"Cultist","floor":5,"turns":3},{"damage":30,"enemies":"Gremlin Nob","floor":6,"turns":4},{"damage":27,"enemies":"Lagavulin","floor":8,"turns":8},{"damage":13,"enemies":"Large Slime","floor":10,"turns":5},{"damage":11,"enemies":"Gremlin Nob","floor":11,"turns":3}],"seed_played":"-6453954590993022004","potions_obtained":[{"floor":1,"key":"SteroidPotion"},{"floor":5,"key":"AttackPotion"}],"is_trial":false,"path_per_floor":["M","$","?","M","M","E","$","E","T","M","E"],"character_chosen":"DEFECT","items_purchased":["Rebound","Beam Cell"],"campfire_rested":0,"item_purchase_floors":[2,7],"current_hp_per_floor":[88,88,76,74,73,43,43,16,16,3,0],"gold":54,"neow_bonus":"TWENTY_PERCENT_HP_BONUS","is_prod":false,"is_daily":false,"chose_seed":false,"campfire_upgraded":0,"win_rate":0.0,"timestamp":1562368614,"path_taken":["M","$","?","M","M","E","$","E","T","M","E"],"build_version":"2019-07-05","purchased_purges":1,"victory":false,"max_hp_per_floor":[89,89,89,89,89,89,89,89,89,89,89],"card_choices":[{"not_picked":["Cold Snap","Doom and Gloom"],"picked":"Hologram","floor":1},{"not_picked":["Chaos","Beam Cell"],"picked":"Hologram","floor":4},{"not_picked":["Steam","Ball Lightning"],"picked":"Conserve Battery","floor":5},{"not_picked":["Redo","White Noise"],"picked":"Echo Form","floor":6},{"not_picked":["Ball Lightning","Recycle","Fusion"],"picked":"Static Discharge","floor":8},{"not_picked":["Glacier","Tempest","Chaos"],"picked":"Go for the Eyes","floor":10}],"player_experience":64219,"relics_obtained":[{"floor":6,"key":"Question Card"},{"floor":8,"key":"Kunai"},{"floor":9,"key":"Boot"}],"event_choices":[{"damage_healed":0,"gold_gain":0,"player_choice":"Success","damage_taken":12,"relics_obtained":["Smiling Mask"],"max_hp_gain":0,"max_hp_loss":0,"event_name":"Scrap Ooze","floor":3,"gold_loss":0}],"is_beta":false,"boss_relics":[],"items_purged_floors":[2],"is_endless":false,"potions_floor_spawned":[1,5],"killed_by":"Gremlin Nob","ascension_level":0}