{"gold_per_floor":[112,27,27,27,37,69,69,69,69,69,97,97,22,38,38,133,133,152,182,182,200,224,224,224,224,224,124,157,72,72,93,93,93],"floor_reached":33,"playtime":1939,"items_purged":["Regret","Writhe"],"score":581,"play_id":"5e507ca9-5ff4-43ef-9243-631b4def06b8","local_time":"20190619200004","is_ascension_mode":true,"campfire_choices":[{"data":"1","floor":7,"key":"LIFT"},{"data":"2","floor":10,"key":"LIFT"},{"floor":15,"key":"REST"},{"floor":23,"key":"REST"},{"data":"3","floor":25,"key":"LIFT"},{"data":"Armaments","floor":30,"key":"SMITH"},{"floor":32,"key":"REST"}],"neow_cost":"NONE","seed_source_timestamp":651536705081712,"circlet_count":0,"master_deck":["AscendersBane","Strike_R","Strike_R+1","Strike_R","Strike_R+1","Defend_R","Defend_R","Defend_R","Defend_R","Bash","Armaments+1","Metallicize","Headbutt","Iron Wave","Spot Weakness","Iron Wave","Fiend Fire","Corruption+1","Body Slam+1","Iron Wave","Inflame"],"relics":["Burning Blood","NeowsBlessing","Girya","Centennial Puzzle","Matryoshka","Meat on the Bone","Golden Idol","Velvet Choker","Tiny Chest","Happy Flower","Kunai","Potion Belt","Du-Vu Doll"],"potions_floor_usage":[11,16,24,28],"damage_taken":[{"damage":0,"enemies":"Cultist","floor":1,"turns":1},{"damage":2,"enemies":"2 Louse","floor":5,"turns":2},{"damage":0,"enemies":"3 Sentries","floor":6,"turns":2},{"damage":20,"enemies":"Gremlin Nob","floor":11,"turns":4},{"damage":4,"enemies":"Small Slimes","floor":14,"turns":3},{"damage":40,"enemies":"Hexaghost","floor":16,"turns":11},{"damage":13,"enemies":"3 Byrds","floor":18,"turns":7},{"damage":16,"enemies":"Shell Parasite","floor":21,"turns":2},{"damage":31,"enemies":"Shelled Parasite and Fungi","floor":22,"turns":4},{"damage":0,"enemies":"Slavers","floor":24,"turns":1},{"damage":25,"enemies":"Book of Stabbing","floor":28,"turns":5},{"damage":40,"enemies":"Snake Plant","floor":31,"turns":4},{"damage":66,"enemies":"Collector","floor":33,"turns":6}],"seed_played":"-826224780889782010","potions_obtained":[{"floor":6,"key":"EssenceOfSteel"},{"floor":11,"key":"PowerPotion"},{"floor":16,"key":"Dexterity Potion"},{"floor":22,"key":"SmokeBomb"}],"is_trial":false,"path_per_floor":["M","$","?","?","M","E","R","?","T","R","E","?","$","M","R","B",null,"M","?","?","M","M","R","E","R","T","$","E","?","R","M","R","B"],"character_chosen":"IRONCLAD","items_purchased":["Metallicize"],"campfire_rested":3,"item_purchase_floors":[2],"current_hp_per_floor":[74,74,67,67,71,75,75,52,52,52,38,12,12,26,48,26,63,56,56,56,46,33,55,61,61,61,61,54,54,54,32,54,0],"gold":93,"neow_bonus":"THREE_ENEMY_KILL","is_prod":false,"is_daily":false,"chose_seed":false,"campfire_upgraded":1,"win_rate":0,"timestamp":1560988804,"path_taken":["M","$","?","?","M","E","R","?","T","R","E","?","$","M","R","BOSS","M","?","?","M","?","R","E","R","T","$","E","?","R","M","R","BOSS"],"build_version":"2019-06-18","purchased_purges":2,"victory":false,"max_hp_per_floor":[75,75,75,75,75,75,75,75,75,75,75,75,75,75,75,75,75,75,75,75,75,75,75,75,75,75,75,75,75,75,75,75,75],"card_choices":[{"not_picked":["Headbutt","Perfected Strike"],"picked":"Armaments","floor":1},{"not_picked":["Wild Strike","Immolate"],"picked":"Headbutt","floor":5},{"not_picked":["Headbutt","Cleave"],"picked":"Iron Wave","floor":6},{"not_picked":["Searing Blow","Havoc"],"picked":"Spot Weakness","floor":11},{"not_picked":["Spot Weakness","Wild Strike"],"picked":"Iron Wave","floor":14},{"not_picked":["Immolate","Double Tap"],"picked":"Fiend Fire","floor":16},{"not_picked":["Anger","Pommel Strike"],"picked":"Corruption","floor":18},{"not_picked":["Flex","Havoc"],"picked":"Body Slam+1","floor":21},{"not_picked":["Wild Strike","Flex"],"picked":"Iron Wave","floor":22},{"not_picked":["Fiend Fire","Clash","Reckless Charge"],"picked":"SKIP","floor":28},{"not_picked":["Bloodletting+1","Anger"],"picked":"Inflame","floor":31}],"player_experience":626172,"relics_obtained":[{"floor":6,"key":"Centennial Puzzle"},{"floor":9,"key":"Matryoshka"},{"floor":11,"key":"Meat on the Bone"},{"floor":26,"key":"Happy Flower"},{"floor":26,"key":"Kunai"},{"floor":28,"key":"Potion Belt"}],"event_choices":[{"cards_removed":["Strike_R"],"damage_healed":0,"gold_gain":0,"player_choice":"Card Removal","damage_taken":7,"max_hp_gain":0,"max_hp_loss":0,"event_name":"Golden Wing","floor":3,"gold_loss":0},{"damage_healed":0,"gold_gain":0,"player_choice":"Box","damage_taken":0,"relics_obtained":["Girya"],"max_hp_gain":0,"max_hp_loss":0,"event_name":"Big Fish","floor":4,"gold_loss":0,"cards_obtained":["Regret"]},{"damage_healed":0,"gold_gain":0,"player_choice":"Entered Light","damage_taken":23,"max_hp_gain":0,"max_hp_loss":0,"event_name":"Shining Light","floor":8,"gold_loss":0,"cards_upgraded":["Strike_R","Strike_R"]},{"damage_healed":0,"gold_gain":0,"player_choice":"Take Damage","damage_taken":26,"relics_obtained":["Golden Idol"],"max_hp_gain":0,"max_hp_loss":0,"event_name":"Golden Idol","floor":12,"gold_loss":0},{"damage_healed":0,"gold_gain":0,"player_choice":"Opened","damage_taken":0,"relics_obtained":["Tiny Chest"],"max_hp_gain":0,"max_hp_loss":0,"event_name":"The Mausoleum","floor":19,"gold_loss":0,"cards_obtained":["Writhe"]},{"damage_healed":0,"gold_gain":0,"player_choice":"Upgraded","damage_taken":0,"max_hp_gain":0,"max_hp_loss":0,"event_name":"Upgrade Shrine","floor":20,"gold_loss":0,"cards_upgraded":["Corruption"]},{"damage_healed":0,"gold_gain":0,"player_choice":"Obtained Relic","damage_taken":0,"relics_obtained":["Du-Vu Doll"],"max_hp_gain":0,"max_hp_loss":0,"event_name":"Addict","floor":29,"gold_loss":85}],"is_beta":true,"boss_relics":[{"not_picked":["Black Star","Cursed Key"],"picked":"Velvet Choker"}],"items_purged_floors":[13,27],"is_endless":false,"potions_floor_spawned":[6,11,16,22,24],"killed_by":"Collector","ascension_level":17}