{"gold_per_floor":[110,21,21,21,34,34,59,73,124,124,186,186,136,147,147,245,245,259,259,140,173,173,173,191,141,141,174,188,188,200,232,232,232],"floor_reached":33,"playtime":1595,"items_purged":["Strike_R","Strike_R","Strike_R","Defend_R"],"score":352,"play_id":"90e02cb1-55c7-4566-bb15-48681dcec551","local_time":"20190708161426","is_ascension_mode":true,"campfire_choices":[{"data":"Armaments","floor":6,"key":"SMITH"},{"data":"True Grit","floor":10,"key":"SMITH"},{"data":"Limit Break","floor":12,"key":"SMITH"},{"data":"True Grit","floor":15,"key":"SMITH"},{"floor":23,"key":"REST"},{"floor":29,"key":"REST"},{"floor":32,"key":"REST"}],"neow_cost":"NONE","seed_source_timestamp":855644951867000,"circlet_count":0,"master_deck":["Strike_R+1","Defend_R","Defend_R","Defend_R","Bash+1","Clothesline","Inflame+1","Armaments+1","Limit Break+1","True Grit+1","Shrug It Off","True Grit+1","Barricade","Pommel Strike","Demon Form","Whirlwind+1","Clothesline+1","Rage+1"],"relics":["Burning Blood","Smiling Mask","Pen Nib","Red Skull","Whetstone","Question Card","Snecko Eye","Red Mask","MutagenicStrength","Bottled Flame","Ancient Tea Set","Potion Belt"],"potions_floor_usage":[5,7,16,27,31,31],"damage_taken":[{"damage":0,"enemies":"Small Slimes","floor":1,"turns":4},{"damage":2,"enemies":"Jaw Worm","floor":5,"turns":3},{"damage":21,"enemies":"Gremlin Nob","floor":7,"turns":5},{"damage":0,"enemies":"Cultist","floor":8,"turns":4},{"damage":45,"enemies":"Gremlin Nob","floor":11,"turns":6},{"damage":0,"enemies":"Blue Slaver","floor":14,"turns":3},{"damage":3,"enemies":"Hexaghost","floor":16,"turns":9},{"damage":12,"enemies":"3 Byrds","floor":18,"turns":8},{"damage":62,"enemies":"Masked Bandits","floor":21,"turns":6},{"damage":20,"enemies":"2 Thieves","floor":24,"turns":3},{"damage":0,"enemies":"Gremlin Leader","floor":27,"turns":3},{"damage":17,"enemies":"Chosen and Byrds","floor":28,"turns":4},{"damage":21,"enemies":"Shelled Parasite and Fungi","floor":30,"turns":4},{"damage":2,"enemies":"Book of Stabbing","floor":31,"turns":5},{"damage":61,"enemies":"Collector","floor":33,"turns":6}],"seed_played":"3646074100712930636","potions_obtained":[{"floor":1,"key":"AttackPotion"},{"floor":5,"key":"SpeedPotion"},{"floor":11,"key":"Energy Potion"},{"floor":21,"key":"FearPotion"},{"floor":28,"key":"GamblersBrew"},{"floor":30,"key":"Energy Potion"}],"is_trial":false,"path_per_floor":["M","$","?","?","M","R","E","M","T","R","?","R","$","M","R","B",null,"M","?","$","?","?","R","M","$","T","E","M","R","M","E","R","B"],"character_chosen":"IRONCLAD","items_purchased":["Inflame","Demon Form"],"campfire_rested":3,"item_purchase_floors":[2,20],"current_hp_per_floor":[80,80,68,68,72,72,57,63,63,63,24,24,24,30,30,33,80,74,74,74,18,18,42,28,28,28,34,23,47,32,36,60,0],"gold":232,"neow_bonus":"RANDOM_COMMON_RELIC","is_prod":false,"is_daily":false,"chose_seed":false,"campfire_upgraded":4,"win_rate":0,"timestamp":1562616866,"path_taken":["M","$","?","?","?","R","E","M","T","R","?","R","$","M","R","BOSS","M","?","?","?","?","R","M","$","T","E","?","R","M","E","R","BOSS"],"build_version":"2019-01-23","purchased_purges":4,"victory":false,"max_hp_per_floor":[80,80,80,80,80,80,80,80,80,80,80,80,80,80,80,80,80,80,80,80,80,80,80,80,80,80,80,80,80,80,80,80,80],"card_choices":[{"not_picked":["Carnage","Rupture"],"picked":"Clothesline","floor":1},{"not_picked":["Dropkick","Warcry"],"picked":"Armaments","floor":5},{"not_picked":["Heavy Blade","Thunderclap"],"picked":"Limit Break","floor":7},{"not_picked":["Body Slam","Twin Strike"],"picked":"True Grit","floor":8},{"not_picked":["Body Slam","Spot Weakness"],"picked":"Shrug It Off","floor":11},{"not_picked":["Wild Strike","Combust","Blood for Blood"],"picked":"True Grit","floor":14},{"not_picked":["Fiend Fire","Offering","Brutality"],"picked":"Barricade","floor":16},{"not_picked":["Searing Blow","Wild Strike","Cleave"],"picked":"Pommel Strike","floor":18},{"not_picked":["Rampage","Sentinel","Twin Strike"],"picked":"Whirlwind+1","floor":21},{"not_picked":["Headbutt","Flex","Armaments+1","Clash"],"picked":"SKIP","floor":24},{"not_picked":["Second Wind+1","Intimidate","Rupture+1","Evolve"],"picked":"SKIP","floor":27},{"not_picked":["Sword Boomerang+1","Rupture+1","Perfected Strike"],"picked":"Clothesline+1","floor":28},{"not_picked":["Exhume","Feel No Pain","Thunderclap","Wild Strike"],"picked":"SKIP","floor":30},{"not_picked":["Headbutt","Brutality","Bloodletting+1"],"picked":"Rage+1","floor":31}],"player_experience":179991,"relics_obtained":[{"floor":7,"key":"Red Skull"},{"floor":9,"key":"Whetstone"},{"floor":11,"key":"Question Card"},{"floor":21,"key":"Red Mask"},{"floor":26,"key":"Bottled Flame"},{"floor":27,"key":"Ancient Tea Set"},{"floor":31,"key":"Potion Belt"}],"event_choices":[{"damage_healed":0,"gold_gain":0,"player_choice":"Success","damage_taken":12,"relics_obtained":["Pen Nib"],"max_hp_gain":0,"max_hp_loss":0,"event_name":"Scrap Ooze","floor":3,"gold_loss":0},{"damage_healed":0,"gold_gain":0,"player_choice":"Upgraded","damage_taken":0,"max_hp_gain":0,"max_hp_loss":0,"event_name":"Upgrade Shrine","floor":4,"gold_loss":0,"cards_upgraded":["Inflame"]},{"damage_healed":0,"gold_gain":0,"player_choice":"Searched \u00271\u0027 times","damage_taken":0,"max_hp_gain":0,"max_hp_loss":0,"event_name":"Dead Adventurer","floor":11,"gold_loss":0},{"cards_removed":["Strike_R"],"damage_healed":0,"gold_gain":0,"player_choice":"Offered Basic","damage_taken":0,"max_hp_gain":0,"max_hp_loss":0,"event_name":"Bonfire Elementals","floor":19,"gold_loss":0},{"damage_healed":0,"gold_gain":0,"player_choice":"Fought Bandits","damage_taken":0,"max_hp_gain":0,"max_hp_loss":0,"event_name":"Masked Bandits","floor":21,"gold_loss":0},{"damage_healed":0,"gold_gain":0,"player_choice":"Inject Mutagens","damage_taken":0,"relics_obtained":["MutagenicStrength"],"max_hp_gain":0,"max_hp_loss":0,"event_name":"Drug Dealer","floor":22,"gold_loss":0}],"is_beta":false,"boss_relics":[{"not_picked":["Runic Dome","Runic Cube"],"picked":"Snecko Eye"}],"items_purged_floors":[2,13,20,25],"is_endless":false,"potions_floor_spawned":[1,5,11,21,28,30],"killed_by":"Collector","ascension_level":3}