{"gold_per_floor":[118,193,193,146,146,146,158,171,171,196,207,4,29,41,41,137,137,156,71,22,37,37,70,169,169,169,183,183,183,30,43,43,145,145,165,181,74,74,74,74,74,74,98,98,98,128,141,141,141,141,141,141,93,127,127],"floor_reached":55,"playtime":7265,"items_purged":["Writhe"],"score":721,"play_id":"2aab313b-f2d3-4847-ab2c-0f28a5d68d3c","local_time":"20190707152452","is_ascension_mode":false,"campfire_choices":[{"floor":6.0,"key":"RECALL"},{"floor":15.0,"key":"REST"},{"floor":25.0,"key":"REST"},{"floor":32.0,"key":"REST"},{"floor":40.0,"key":"REST"},{"floor":44.0,"key":"REST"},{"floor":49.0,"key":"REST"},{"data":"Stack","floor":52.0,"key":"SMITH"}],"neow_cost":"NONE","seed_source_timestamp":577254056384188,"circlet_count":0,"master_deck":["Strike_B","Strike_B","Strike_B","Strike_B","Defend_B","Defend_B","Defend_B","Defend_B","Zap","Dualcast","Hologram+1","Coolheaded","Go for the Eyes","Chill","Coolheaded","Stack+1","FTL","Finesse","Static Discharge","Gash","All For One","Sweeping Beam","Cold Snap","Coolheaded","Stack+1","Melter+1","Lockon","Hello World","Rainbow","Go for the Eyes+1","Redo+1","Cold Snap","Mind Blast","Impatience","Apotheosis","Madness","Madness","Self Repair+1","Coolheaded+1","Gash","Stack+1"],"special_seed":0,"relics":["FrozenCore","NeowsBlessing","Ornamental Fan","Bag of Preparation","Regal Pillow","Anchor","Unceasing Top","Boot","Blood Vial","Letter Opener","Kunai","Lizard Tail","Oddly Smooth Stone","Pear"],"potions_floor_usage":[55],"damage_taken":[{"damage":0.0,"enemies":"Jaw Worm","floor":1.0,"turns":1.0},{"damage":0.0,"enemies":"2 Louse","floor":7.0,"turns":1.0},{"damage":0.0,"enemies":"Small Slimes","floor":8.0,"turns":1.0},{"damage":16.0,"enemies":"Lagavulin","floor":10.0,"turns":8.0},{"damage":6.0,"enemies":"Exordium Wildlife","floor":11.0,"turns":6.0},{"damage":11.0,"enemies":"Gremlin Nob","floor":13.0,"turns":5.0},{"damage":0.0,"enemies":"Looter","floor":14.0,"turns":2.0},{"damage":48.0,"enemies":"Hexaghost","floor":16.0,"turns":11.0},{"damage":0.0,"enemies":"Shell Parasite","floor":18.0,"turns":7.0},{"damage":0.0,"enemies":"Chosen","floor":21.0,"turns":6.0},{"damage":31.0,"enemies":"Slavers","floor":23.0,"turns":9.0},{"damage":0.0,"enemies":"Centurion and Healer","floor":27.0,"turns":11.0},{"damage":25.0,"enemies":"3 Cultists","floor":31.0,"turns":6.0},{"damage":25.0,"enemies":"Champ","floor":33.0,"turns":20.0},{"damage":57.0,"enemies":"3 Shapes","floor":35.0,"turns":5.0},{"damage":16.0,"enemies":"3 Darklings","floor":36.0,"turns":7.0},{"damage":0.0,"enemies":"4 Shapes","floor":38.0,"turns":1.0},{"damage":29.0,"enemies":"Nemesis","floor":46.0,"turns":8.0},{"damage":2.0,"enemies":"Spire Growth","floor":47.0,"turns":8.0},{"damage":49.0,"enemies":"Awakened One","floor":50.0,"turns":29.0},{"damage":101,"enemies":"Shield and Spear","floor":54,"turns":11},{"damage":34,"enemies":"The Heart","floor":55,"turns":3}],"seed_played":"-7697901057054279131","potions_obtained":[{"floor":8.0,"key":"PowerPotion"},{"floor":11.0,"key":"Weak Potion"},{"floor":23.0,"key":"FocusPotion"},{"floor":27.0,"key":"GamblersBrew"},{"floor":31.0,"key":"SmokeBomb"},{"floor":33.0,"key":"Strength Potion"},{"floor":47.0,"key":"SkillPotion"},{"floor":54,"key":"GamblersBrew"}],"is_trial":false,"path_per_floor":["M","?","?","$","?","R","M","M","T","E","M","$","E","M","R","B",null,"M","?","$","M","T","E","?","R","T","M","?","?","$","M","R","B",null,"M","M","$","M","?","R","?","?","T","R","?","E","M","$","R","B",null,"R","$","E","B"],"character_chosen":"DEFECT","items_purchased":["Coolheaded","FTL","Finesse","Static Discharge","Cold Snap","Lockon","Cold Snap","Mind Blast","Gash"],"campfire_rested":6,"item_purchase_floors":[4,12,12,12,20,30,37,37,53],"current_hp_per_floor":[75,64,64,64,61,61,61,61,61,45,39,39,28,28,65,17,75,75,75,75,75,75,44,44,75,75,75,75,75,75,50,75,50,75,18,4,4,6,6,43,43,38,38,75,66,39,49,49,75,36,75,75,75,31,0],"gold":127,"neow_bonus":"THREE_ENEMY_KILL","is_prod":false,"is_daily":false,"chose_seed":false,"campfire_upgraded":1,"win_rate":0.0,"timestamp":1562523892,"path_taken":["M","?","?","$","?","R","?","M","T","E","M","$","E","M","R","BOSS","M","?","$","M","?","E","?","R","T","M","?","?","?","M","R","BOSS","M","M","$","M","?","R","?","?","T","R","?","E","M","$","R","BOSS","R","$","E","BOSS"],"build_version":"2019-07-05","purchased_purges":1,"victory":false,"max_hp_per_floor":[75,75,75,75,75,75,75,75,75,75,75,75,75,75,75,75,75,75,75,75,75,75,75,75,75,75,75,75,75,75,75,75,75,75,75,75,75,75,75,75,75,75,75,75,75,75,75,75,75,75,75,75,75,85,85],"card_choices":[{"not_picked":["Steam","Beam Cell"],"picked":"Hologram","floor":1.0},{"not_picked":["Rip and Tear","Rebound"],"picked":"Go for the Eyes","floor":7.0},{"not_picked":["Hologram","Ball Lightning"],"picked":"Chill","floor":8.0},{"not_picked":["Defragment","Double Energy"],"picked":"Coolheaded","floor":10.0},{"not_picked":["Amplify","Defragment"],"picked":"Stack","floor":11.0},{"not_picked":["Turbo","Hologram"],"picked":"Sweeping Beam","floor":13.0},{"not_picked":["Rebound","Compile Driver"],"picked":"Gash","floor":14.0},{"not_picked":["Core Surge","Machine Learning"],"picked":"All For One","floor":16.0},{"not_picked":["Capacitor","Ball Lightning"],"picked":"Sweeping Beam","floor":18.0},{"not_picked":["Capacitor","Static Discharge"],"picked":"Coolheaded","floor":21.0},{"not_picked":["Sunder","Double Energy+1"],"picked":"Stack+1","floor":23.0},{"not_picked":["Auto Shields","Stack"],"picked":"Melter+1","floor":27.0},{"not_picked":["Sweeping Beam","Conserve Battery+1"],"picked":"Hello World","floor":31.0},{"not_picked":["Thunder Strike","Fission"],"picked":"Rainbow","floor":33.0},{"not_picked":["Force Field+1","Streamline+1"],"picked":"Go for the Eyes+1","floor":35.0},{"not_picked":["Force Field","Steam+1"],"picked":"Redo+1","floor":36.0},{"not_picked":["Forethought","Trip"],"picked":"Impatience","floor":42.0},{"not_picked":["Dark Shackles","Mayhem"],"picked":"Apotheosis","floor":42.0},{"not_picked":["Rip and Tear","Rebound+1"],"picked":"Self Repair+1","floor":46.0},{"not_picked":["Compile Driver","Turbo+1"],"picked":"Coolheaded+1","floor":47.0},{"not_picked":["Turbo","Reboot"],"picked":"Stack+1","floor":54}],"player_experience":73717,"relics_obtained":[{"floor":9.0,"key":"Bag of Preparation"},{"floor":10.0,"key":"Regal Pillow"},{"floor":13.0,"key":"Anchor"},{"floor":22.0,"key":"Boot"},{"floor":23.0,"key":"Blood Vial"},{"floor":26.0,"key":"Letter Opener"},{"floor":46.0,"key":"Oddly Smooth Stone"},{"floor":54,"key":"Pear"}],"event_choices":[{"damage_healed":0.0,"max_hp_gain":0.0,"max_hp_loss":0.0,"gold_gain":75.0,"event_name":"World of Goop","player_choice":"Gather Gold","floor":2.0,"gold_loss":0.0,"damage_taken":11.0},{"damage_healed":0.0,"max_hp_gain":0.0,"max_hp_loss":0.0,"gold_gain":0.0,"event_name":"Living Wall","player_choice":"Grow","floor":3.0,"gold_loss":0.0,"damage_taken":0.0,"cards_upgraded":["Hologram"]},{"damage_healed":0.0,"max_hp_gain":0.0,"max_hp_loss":0.0,"gold_gain":0.0,"event_name":"Scrap Ooze","player_choice":"Success","floor":5.0,"gold_loss":0.0,"damage_taken":3.0,"relics_obtained":["Ornamental Fan"]},{"damage_healed":0.0,"max_hp_gain":0.0,"max_hp_loss":0.0,"gold_gain":0.0,"event_name":"Addict","player_choice":"Obtained Relic","floor":19.0,"gold_loss":85.0,"damage_taken":0.0,"relics_obtained":["Unceasing Top"]},{"damage_healed":0.0,"max_hp_gain":0.0,"max_hp_loss":0.0,"gold_gain":99.0,"event_name":"Nest","player_choice":"Stole From Cult","floor":24.0,"gold_loss":0.0,"damage_taken":0.0},{"damage_healed":0.0,"max_hp_gain":0.0,"max_hp_loss":0.0,"gold_gain":0.0,"event_name":"The Mausoleum","player_choice":"Opened","floor":28.0,"gold_loss":0.0,"damage_taken":0.0,"relics_obtained":["Kunai"],"cards_obtained":["Writhe"]},{"damage_healed":0.0,"max_hp_gain":0.0,"max_hp_loss":0.0,"gold_gain":0.0,"event_name":"Cursed Tome","player_choice":"Ignored","floor":29.0,"gold_loss":0.0,"damage_taken":0.0},{"cards_removed":["Sweeping Beam"],"damage_healed":0.0,"max_hp_gain":0.0,"max_hp_loss":0.0,"gold_gain":0.0,"event_name":"Falling","player_choice":"Removed Attack","floor":39.0,"gold_loss":0.0,"damage_taken":0.0},{"damage_healed":0.0,"max_hp_gain":0.0,"max_hp_loss":0.0,"gold_gain":0.0,"event_name":"Tomb of Lord Red Mask","player_choice":"Ignored","floor":41.0,"gold_loss":0.0,"damage_taken":0.0},{"damage_healed":0.0,"max_hp_gain":0.0,"max_hp_loss":0.0,"gold_gain":0.0,"event_name":"SensoryStone","player_choice":"Memory 2","floor":42.0,"gold_loss":0.0,"damage_taken":5.0},{"damage_healed":0.0,"max_hp_gain":0.0,"max_hp_loss":0.0,"gold_gain":0.0,"event_name":"Winding Halls","player_choice":"Embrace Madness","floor":45.0,"gold_loss":0.0,"damage_taken":9.0,"cards_obtained":["Madness","Madness"]}],"is_beta":false,"boss_relics":[{"not_picked":["Coffee Dripper","Black Star"],"picked":"FrozenCore"},{"not_picked":["White Beast Statue","Sozu"],"picked":"Lizard Tail"}],"items_purged_floors":[30],"is_endless":false,"potions_floor_spawned":[8,11,23,27,31,33,47,54],"killed_by":"The Heart","ascension_level":0}