{"gold_per_floor":[10,20,20,170,170,170,205,217,229,273,285,25,25,40,40,115,115,132,132,150,150,150,150,70,84,84,100,111,111,137,137],"floor_reached":31,"playtime":1290,"items_purged":["Doubt","Strike_R"],"score":470,"play_id":"4c7578b4-7ce1-4ec4-b943-ba61b1e1f8dc","local_time":"20190708035642","is_ascension_mode":true,"campfire_choices":[{"floor":6,"key":"REST"},{"data":"Bludgeon","floor":8,"key":"SMITH"},{"floor":11,"key":"REST"},{"floor":13,"key":"REST"},{"data":"Feel No Pain","floor":15,"key":"SMITH"},{"floor":23,"key":"REST"}],"neow_cost":"NO_GOLD","seed_source_timestamp":269465128575042,"circlet_count":0,"master_deck":["AscendersBane","Strike_R","Strike_R","Defend_R","Defend_R","Defend_R","Defend_R","Bash","Double Tap+1","Bludgeon+1","Feel No Pain+1","Flash of Steel","Dark Embrace","Headbutt","Iron Wave","Uppercut","Iron Wave","Flame Barrier","Spot Weakness"],"relics":["Burning Blood","MawBank","Shuriken","The Courier","Bronze Scales","Velvet Choker","Nilry\u0027s Codex","Mummified Hand","Lantern"],"potions_floor_usage":[7,16,18,25,28,31],"damage_taken":[{"damage":13,"enemies":"Cultist","floor":1,"turns":5},{"damage":14,"enemies":"Jaw Worm","floor":2,"turns":4},{"damage":32,"enemies":"Gremlin Nob","floor":7,"turns":4},{"damage":30,"enemies":"3 Sentries","floor":10,"turns":6},{"damage":0,"enemies":"Small Slimes","floor":14,"turns":3},{"damage":84,"enemies":"Hexaghost","floor":16,"turns":9},{"damage":10,"enemies":"Spheric Guardian","floor":18,"turns":3},{"damage":27,"enemies":"2 Thieves","floor":20,"turns":4},{"damage":18,"enemies":"Snecko","floor":25,"turns":4},{"damage":19,"enemies":"Sentry and Sphere","floor":27,"turns":3},{"damage":19,"enemies":"Cultist and Chosen","floor":28,"turns":5},{"damage":32,"enemies":"Shelled Parasite and Fungi","floor":31,"turns":2}],"seed_played":"-6244780765616466612","potions_obtained":[{"floor":2,"key":"SteroidPotion"},{"floor":10,"key":"BloodPotion"},{"floor":16,"key":"Block Potion"},{"floor":19,"key":"Ancient Potion"},{"floor":19,"key":"Strength Potion"},{"floor":25,"key":"BloodPotion"},{"floor":27,"key":"EssenceOfSteel"}],"is_trial":false,"path_per_floor":["M","M","?","?","?","R","E","R","T","E","R","$","R","M","R","B",null,"M","?","M","?","?","R","$","M","T","M","M","?","T","M"],"character_chosen":"IRONCLAD","items_purchased":["Flash of Steel","Bronze Scales"],"campfire_rested":4,"item_purchase_floors":[12,12],"current_hp_per_floor":[61,53,53,53,53,75,49,49,49,25,47,47,69,75,75,15,60,56,56,35,14,29,51,51,39,39,26,31,31,31,0],"gold":137,"neow_bonus":"THREE_RARE_CARDS","is_prod":false,"is_daily":false,"chose_seed":false,"campfire_upgraded":2,"win_rate":0,"timestamp":1562572602,"path_taken":["M","M","?","?","?","R","E","R","T","E","R","$","R","M","R","BOSS","M","?","?","?","?","R","$","M","T","M","M","?","?","M"],"build_version":"2019-07-03","purchased_purges":2,"victory":false,"max_hp_per_floor":[75,75,75,75,75,75,75,75,75,75,75,75,75,75,75,75,75,75,75,75,75,75,75,75,75,75,75,75,75,75,75],"card_choices":[{"not_picked":["Juggernaut","Limit Break"],"picked":"Double Tap","floor":0},{"not_picked":["Headbutt","Searing Blow","Cleave"],"picked":"SKIP","floor":1},{"not_picked":["Sword Boomerang","Warcry","Clash"],"picked":"SKIP","floor":2},{"not_picked":["Havoc","Shrug It Off"],"picked":"Bludgeon","floor":7},{"not_picked":["Headbutt","Armaments"],"picked":"Feel No Pain","floor":10},{"not_picked":["Clash","Sword Boomerang","Havoc"],"picked":"SKIP","floor":14},{"not_picked":["Exhume","Limit Break"],"picked":"Dark Embrace","floor":16},{"not_picked":["Fire Breathing","Clothesline"],"picked":"Headbutt","floor":18},{"not_picked":["Havoc","Feel No Pain"],"picked":"Iron Wave","floor":20},{"not_picked":["Pommel Strike","Twin Strike"],"picked":"Uppercut","floor":25},{"not_picked":["Shockwave","Wild Strike"],"picked":"Iron Wave","floor":27},{"not_picked":["Sword Boomerang","Armaments","Clothesline"],"picked":"SKIP","floor":28}],"player_experience":688606,"relics_obtained":[{"floor":7,"key":"MawBank"},{"floor":9,"key":"Shuriken"},{"floor":10,"key":"The Courier"},{"floor":21,"key":"Nilry\u0027s Codex"},{"floor":26,"key":"Mummified Hand"},{"floor":30,"key":"Lantern"}],"event_choices":[{"damage_healed":0,"gold_gain":0,"player_choice":"Grow","damage_taken":0,"max_hp_gain":0,"max_hp_loss":0,"event_name":"Living Wall","floor":3,"gold_loss":0,"cards_upgraded":["Double Tap"]},{"damage_healed":0,"gold_gain":150,"player_choice":"AGREE","damage_taken":0,"max_hp_gain":0,"max_hp_loss":0,"event_name":"Liars Game","floor":4,"gold_loss":0,"cards_obtained":["Doubt"]},{"damage_healed":0,"gold_gain":0,"player_choice":"Ignored","damage_taken":0,"max_hp_gain":0,"max_hp_loss":0,"event_name":"Golden Idol","floor":5,"gold_loss":0},{"damage_healed":0,"gold_gain":0,"player_choice":"Got Potions","damage_taken":0,"max_hp_gain":0,"max_hp_loss":0,"event_name":"Lab","floor":19,"gold_loss":0},{"damage_healed":0,"gold_gain":0,"player_choice":"Obtained Book","damage_taken":21,"max_hp_gain":0,"max_hp_loss":0,"event_name":"Cursed Tome","floor":21,"gold_loss":0},{"damage_healed":15,"gold_gain":0,"player_choice":"Heal","damage_taken":0,"max_hp_gain":0,"max_hp_loss":0,"event_name":"The Library","floor":22,"gold_loss":0},{"damage_healed":0,"gold_gain":0,"cards_transformed":["Strike_R","Strike_R"],"player_choice":"Became Test Subject","damage_taken":0,"max_hp_gain":0,"max_hp_loss":0,"event_name":"Drug Dealer","floor":29,"gold_loss":0,"cards_obtained":["Flame Barrier","Spot Weakness"]}],"is_beta":true,"boss_relics":[{"not_picked":["Tiny House","Runic Dome"],"picked":"Velvet Choker"}],"items_purged_floors":[12,24],"is_endless":false,"potions_floor_spawned":[2,10,16,25,27],"killed_by":"Shelled Parasite and Fungi","ascension_level":19}