{"gold_per_floor":[118,129,81,92,104,135,147,147,147,112,128,156,156,187,187,287,287,302,302,320,192,192,192,16,30,87,104,124,32,32,52,52,148,148,162,181,199,35,46,46,80,80,132,132,143,161,161],"floor_reached":47,"playtime":2453,"items_purged":["Normality","Writhe"],"score":531,"play_id":"0913deec-64af-4d1a-b0eb-d64ea65492de","local_time":"20190705003314","is_ascension_mode":false,"campfire_choices":[{"floor":8,"key":"REST"},{"floor":13,"key":"REST"},{"floor":15,"key":"REST"},{"floor":23,"key":"REST"},{"floor":30,"key":"REST"},{"floor":32,"key":"REST"},{"floor":40,"key":"REST"},{"floor":42,"key":"REST"},{"floor":44,"key":"REST"}],"neow_cost":"NONE","seed_source_timestamp":356161447076783,"circlet_count":0,"master_deck":["Strike_G","Strike_G","Strike_G","Strike_G","Strike_G","Defend_G","Defend_G","Defend_G","Defend_G+1","Defend_G","Survivor+1","Neutralize","Corpse Explosion","Poisoned Stab","Deflect","Quick Slash","Choke","Slice","Calculated Gamble","Slice","Slice","Endless Agony","Flying Knee","Envenom","Shame","Blade Dance+1","RitualDagger","Quick Slash","Dagger Spray","Infinite Blades","Poisoned Stab","Blade Dance","Well Laid Plans","Enlightenment","Backflip","Die Die Die","Blade Dance","Quick Slash+1","Secret Technique","Parasite","PiercingWail","Slice+1","Distraction+1"],"relics":["Ring of the Snake","Pear","Meat on the Bone","Dodecahedron","Bottled Lightning","Calling Bell","Centennial Puzzle","Shuriken","Du-Vu Doll","Tiny Chest","Busted Crown","Darkstone Periapt","War Paint"],"potions_floor_usage":[27,27,28,33,36,37,37,39],"damage_taken":[{"damage":0,"enemies":"Small Slimes","floor":1,"turns":3},{"damage":0,"enemies":"Jaw Worm","floor":2,"turns":4},{"damage":0,"enemies":"2 Louse","floor":4,"turns":1},{"damage":0,"enemies":"Exordium Wildlife","floor":5,"turns":2},{"damage":29,"enemies":"Lagavulin","floor":6,"turns":7},{"damage":9,"enemies":"Red Slaver","floor":7,"turns":3},{"damage":4,"enemies":"2 Fungi Beasts","floor":11,"turns":3},{"damage":9,"enemies":"Gremlin Nob","floor":12,"turns":4},{"damage":16,"enemies":"Lagavulin","floor":14,"turns":5},{"damage":55,"enemies":"Hexaghost","floor":16,"turns":11},{"damage":10,"enemies":"Chosen","floor":18,"turns":3},{"damage":10,"enemies":"3 Byrds","floor":20,"turns":2},{"damage":45,"enemies":"Sentry and Sphere","floor":25,"turns":6},{"damage":31,"enemies":"Snake Plant","floor":27,"turns":5},{"damage":11,"enemies":"Snecko","floor":28,"turns":4},{"damage":0,"enemies":"3 Cultists","floor":31,"turns":2},{"damage":66,"enemies":"Collector","floor":33,"turns":9},{"damage":13,"enemies":"3 Shapes","floor":35,"turns":3},{"damage":29,"enemies":"3 Darklings","floor":36,"turns":2},{"damage":0,"enemies":"Jaw Worm Horde","floor":37,"turns":1},{"damage":33,"enemies":"Writhing Mass","floor":39,"turns":5},{"damage":60,"enemies":"Nemesis","floor":41,"turns":7},{"damage":19,"enemies":"Sphere and 2 Shapes","floor":45,"turns":3},{"damage":24,"enemies":"3 Darklings","floor":46,"turns":2},{"damage":32,"enemies":"Maw","floor":47,"turns":3}],"seed_played":"8223843481302708474","potions_obtained":[{"floor":2,"key":"Strength Potion"},{"floor":5,"key":"PowerPotion"},{"floor":7,"key":"FairyPotion"},{"floor":14,"key":"Block Potion"},{"floor":27,"key":"EssenceOfSteel"},{"floor":31,"key":"SpeedPotion"},{"floor":33,"key":"Poison Potion"},{"floor":35,"key":"LiquidBronze"},{"floor":36,"key":"Explosive Potion"},{"floor":37,"key":"FearPotion"}],"is_trial":false,"path_per_floor":["M","M","$","M","M","E","M","R","T","?","M","E","R","E","R","B",null,"M","?","M","$","?","R","$","M","T","M","M","$","R","M","R","B",null,"M","M","M","$","M","R","E","R","T","R","M","M","M"],"character_chosen":"THE_SILENT","items_purchased":["Quick Slash","Dagger Spray","Infinite Blades","Enlightenment","Secret Technique"],"campfire_rested":9,"item_purchase_floors":[3,21,24,29,38],"current_hp_per_floor":[70,70,70,70,70,51,42,66,66,80,76,67,80,64,80,37,80,70,64,54,54,54,78,78,45,45,26,27,27,51,51,75,21,80,67,50,50,50,29,53,14,38,38,62,43,31,0],"gold":161,"neow_bonus":"ONE_RANDOM_RARE_CARD","is_prod":false,"is_daily":false,"chose_seed":false,"campfire_upgraded":0,"win_rate":0.0,"timestamp":1562297594,"path_taken":["M","M","$","M","M","E","M","R","T","?","M","E","R","E","R","BOSS","M","?","M","$","?","R","$","M","T","M","M","$","R","M","R","BOSS","M","M","M","$","M","R","E","R","T","R","M","M","M"],"build_version":"2019-07-01","purchased_purges":2,"victory":false,"max_hp_per_floor":[70,70,70,70,70,80,80,80,80,80,80,80,80,80,80,80,80,80,80,80,80,80,80,80,80,80,80,80,80,80,80,80,80,80,80,80,80,80,80,80,80,80,80,80,80,80,80],"card_choices":[{"not_picked":["PiercingWail","Sucker Punch"],"picked":"Poisoned Stab","floor":1},{"not_picked":["Masterful Stab","Poisoned Stab"],"picked":"Deflect","floor":2},{"not_picked":["Expertise","Riddle With Holes"],"picked":"Choke","floor":4},{"not_picked":["Dodge and Roll","Deflect"],"picked":"Slice","floor":5},{"not_picked":["Expertise","Tools of the Trade"],"picked":"Calculated Gamble","floor":6},{"not_picked":["Poisoned Stab","Heel Hook"],"picked":"Slice","floor":7},{"not_picked":["Bane","Eviscerate"],"picked":"Slice","floor":11},{"not_picked":["Bane","Bullet Time"],"picked":"Endless Agony","floor":12},{"not_picked":["Endless Agony","Dagger Spray"],"picked":"Flying Knee","floor":14},{"not_picked":["Tools of the Trade","Glass Knife"],"picked":"Envenom","floor":16},{"not_picked":["All Out Attack","Deadly Poison+1"],"picked":"Blade Dance+1","floor":18},{"not_picked":["Expertise","Outmaneuver"],"picked":"Quick Slash","floor":20},{"not_picked":["Underhanded Strike","Dagger Spray"],"picked":"Poisoned Stab","floor":25},{"not_picked":["Deflect","Dagger Spray"],"picked":"Blade Dance","floor":27},{"not_picked":["Masterful Stab+1","Skewer"],"picked":"Well Laid Plans","floor":28},{"not_picked":["Deadly Poison","Well Laid Plans"],"picked":"Backflip","floor":31},{"not_picked":["Unload","Glass Knife"],"picked":"Die Die Die","floor":33},{"not_picked":[],"picked":"Blade Dance","floor":35},{"not_picked":[],"picked":"Quick Slash+1","floor":36},{"not_picked":["Crippling Poison"],"picked":"SKIP","floor":37},{"not_picked":[],"picked":"PiercingWail","floor":39},{"not_picked":["Tactician+1"],"picked":"SKIP","floor":41},{"not_picked":[],"picked":"Slice+1","floor":45},{"not_picked":[],"picked":"Distraction+1","floor":46}],"player_experience":54208,"relics_obtained":[{"floor":6,"key":"Pear"},{"floor":9,"key":"Meat on the Bone"},{"floor":12,"key":"Dodecahedron"},{"floor":14,"key":"Bottled Lightning"},{"floor":17,"key":"Centennial Puzzle"},{"floor":17,"key":"Shuriken"},{"floor":17,"key":"Du-Vu Doll"},{"floor":26,"key":"Tiny Chest"},{"floor":41,"key":"Darkstone Periapt"},{"floor":43,"key":"War Paint"}],"event_choices":[{"damage_healed":20,"gold_gain":0,"player_choice":"Healed","damage_taken":0,"max_hp_gain":0,"max_hp_loss":0,"event_name":"The Cleric","floor":10,"gold_loss":35},{"damage_healed":0,"gold_gain":0,"player_choice":"Joined the Cult","damage_taken":6,"max_hp_gain":0,"max_hp_loss":0,"event_name":"Nest","floor":19,"gold_loss":0,"cards_obtained":["RitualDagger"]},{"damage_healed":0,"gold_gain":0,"player_choice":"Ignored","damage_taken":0,"max_hp_gain":0,"max_hp_loss":0,"event_name":"Ghosts","floor":22,"gold_loss":0}],"is_beta":false,"boss_relics":[{"not_picked":["Astrolabe","Snecko Eye"],"picked":"Calling Bell"},{"not_picked":["HoveringKite","Velvet Choker"],"picked":"Busted Crown"}],"items_purged_floors":[21,24],"is_endless":false,"potions_floor_spawned":[2,5,7,12,14,18,27,31,33,35,36,37],"killed_by":"Maw","ascension_level":0}