{"gold_per_floor":[364,99,114,114,130,193,193,219,219,219,245,245,210,210,210,284,284,304,284,300,300,317,317],"floor_reached":23,"playtime":856,"items_purged":[],"score":414,"play_id":"c09f6825-6619-4bf5-baed-b4954896147a","local_time":"20190708233034","is_ascension_mode":true,"campfire_choices":[{"data":"Gash","floor":7.0,"key":"SMITH"},{"data":"Gash","floor":12.0,"key":"SMITH"},{"data":"Dualcast","floor":15.0,"key":"SMITH"}],"neow_cost":"TEN_PERCENT_HP_LOSS","seed_source_timestamp":2252544518132838,"circlet_count":0,"master_deck":["AscendersBane","Zap+1","Dualcast+1","Gash+1","FTL","Steam","Conserve Battery","Glacier","Auto Shields+1","Gash+1","Gash+1","Hyperbeam+1","Electrodynamics","Biased Cognition","Fusion","Static Discharge","Machine Learning","Rainbow","Defragment","Conserve Battery","Turbo"],"special_seed":0,"relics":["Cracked Core","Juzu Bracelet","Tiny Chest","Symbiotic Virus","Molten Egg 2","Nunchaku","Pandora\u0027s Box","Pear"],"potions_floor_usage":[20,23],"damage_taken":[{"damage":2.0,"enemies":"Jaw Worm","floor":1.0,"turns":4.0},{"damage":7.0,"enemies":"Small Slimes","floor":3.0,"turns":3.0},{"damage":5.0,"enemies":"2 Louse","floor":5.0,"turns":3.0},{"damage":5.0,"enemies":"3 Sentries","floor":6.0,"turns":4.0},{"damage":12.0,"enemies":"Lagavulin","floor":8.0,"turns":10.0},{"damage":15.0,"enemies":"Gremlin Nob","floor":11.0,"turns":4.0},{"damage":4,"enemies":"Hexaghost","floor":16,"turns":9},{"damage":18,"enemies":"2 Thieves","floor":18,"turns":3},{"damage":17,"enemies":"Shell Parasite","floor":20,"turns":4},{"damage":25,"enemies":"Centurion and Healer","floor":22,"turns":3},{"damage":6,"enemies":"Book of Stabbing","floor":23,"turns":2}],"seed_played":"730433090646245492","potions_obtained":[{"floor":5.0,"key":"AttackPotion"},{"floor":6.0,"key":"Strength Potion"},{"floor":8.0,"key":"SkillPotion"},{"floor":18,"key":"FocusPotion"},{"floor":19,"key":"Weak Potion"},{"floor":22,"key":"SkillPotion"}],"is_trial":false,"path_per_floor":["M","$","M","?","M","E","R","E","T","?","E","R","?","?","R","B",null,"M","?","M","T","M","E"],"character_chosen":"DEFECT","items_purchased":["FTL","Juzu Bracelet","Steam"],"campfire_rested":0,"item_purchase_floors":[2,2,2],"current_hp_per_floor":[62,62,55,55,50,45,45,33,33,26,11,11,27,27,27,23,54,36,36,19,29,4,0],"gold":317,"neow_bonus":"TWO_FIFTY_GOLD","is_prod":false,"is_daily":false,"chose_seed":false,"campfire_upgraded":3,"win_rate":0,"timestamp":1562621434,"path_taken":["M","$","M","?","M","E","R","E","T","?","E","R","?","?","R","BOSS","M","?","M","?","M","E"],"build_version":"2019-07-05","purchased_purges":0,"victory":false,"max_hp_per_floor":[64,64,64,64,64,64,64,64,64,64,64,64,64,64,64,64,64,64,64,64,74,74,74],"card_choices":[{"not_picked":["Rip and Tear","Go for the Eyes"],"picked":"Gash","floor":1.0},{"not_picked":["Coolheaded","Ball Lightning"],"picked":"Conserve Battery","floor":3.0},{"not_picked":["Undo","Streamline"],"picked":"Glacier","floor":5.0},{"not_picked":["Genetic Algorithm","Double Energy"],"picked":"Auto Shields","floor":6.0},{"not_picked":["Capacitor","Chaos"],"picked":"Gash","floor":8.0},{"not_picked":["Steam Power","Sweeping Beam+1"],"picked":"Gash+1","floor":11.0},{"not_picked":["Core Surge+1","Seek"],"picked":"Hyperbeam+1","floor":16},{"not_picked":["Coolheaded","Redo","Skim"],"picked":"SKIP","floor":18},{"not_picked":["Steam Power","Static Discharge"],"picked":"Conserve Battery","floor":20},{"not_picked":["Barrage+1","Coolheaded"],"picked":"Turbo","floor":22}],"player_experience":612944,"relics_obtained":[{"floor":6.0,"key":"Tiny Chest"},{"floor":8.0,"key":"Symbiotic Virus"},{"floor":9.0,"key":"Molten Egg 2"},{"floor":11.0,"key":"Nunchaku"},{"floor":21,"key":"Pear"}],"event_choices":[{"damage_healed":0.0,"max_hp_gain":0.0,"max_hp_loss":0.0,"gold_gain":0.0,"event_name":"Living Wall","player_choice":"Grow","floor":4.0,"gold_loss":0.0,"damage_taken":0.0,"cards_upgraded":["Zap"]},{"cards_removed":["Strike_B"],"damage_healed":0.0,"max_hp_gain":0.0,"max_hp_loss":0.0,"gold_gain":0.0,"event_name":"Golden Wing","player_choice":"Card Removal","floor":10.0,"gold_loss":0.0,"damage_taken":7.0},{"damage_healed":16.0,"max_hp_gain":0.0,"max_hp_loss":0.0,"gold_gain":0.0,"event_name":"The Cleric","player_choice":"Healed","floor":13.0,"gold_loss":35.0,"damage_taken":0.0},{"damage_healed":0.0,"max_hp_gain":0.0,"max_hp_loss":0.0,"gold_gain":0.0,"event_name":"Accursed Blacksmith","player_choice":"Forge","floor":14.0,"gold_loss":0.0,"damage_taken":0.0,"cards_upgraded":["Auto Shields"]},{"damage_healed":0,"gold_gain":0,"player_choice":"Bought 1 Potion","damage_taken":0,"max_hp_gain":0,"max_hp_loss":0,"event_name":"The Woman in Blue","floor":19,"gold_loss":0}],"is_beta":false,"boss_relics":[{"not_picked":["Empty Cage","Inserter"],"picked":"Pandora\u0027s Box"}],"items_purged_floors":[],"is_endless":false,"potions_floor_spawned":[5,6,8,18,22],"killed_by":"Book of Stabbing","ascension_level":20}