{"gold_per_floor":[118,42,42,52,63,63,63,79,129,143,1,1,17,92,92,192,192,211,197,197,209,209,220,220,220,220,220],"floor_reached":27,"playtime":2311,"items_purged":[],"score":205,"play_id":"66a31663-0b22-42b7-bdf6-415acfafac9e","local_time":"20190702191809","is_ascension_mode":false,"campfire_choices":[{"data":"Anger","floor":6,"key":"SMITH"},{"floor":12,"key":"REST"},{"floor":15,"key":"REST"},{"floor":25,"key":"REST"}],"neow_cost":"NONE","seed_source_timestamp":164570881348184,"circlet_count":0,"master_deck":["Strike_R","Strike_R","Strike_R","Strike_R","Strike_R","Defend_R","Defend_R","Defend_R","Defend_R","Bash","Anger+1","Seeing Red","Feel No Pain","Sword Boomerang","Warcry","Fiend Fire","Cleave","Impatience","Sword Boomerang","Headbutt","Anger","Anger","Dark Embrace","Dual Wield","Headbutt","Thunderclap","Seeing Red","Ghostly Armor"],"relics":["Burning Blood","Boot","Dream Catcher","Lizard Tail","MutagenicStrength","Anchor"],"potions_floor_usage":[],"damage_taken":[{"damage":1,"enemies":"2 Louse","floor":1,"turns":4},{"damage":3,"enemies":"Jaw Worm","floor":4,"turns":4},{"damage":0,"enemies":"Small Slimes","floor":5,"turns":3},{"damage":5,"enemies":"Looter","floor":8,"turns":4},{"damage":31,"enemies":"Large Slime","floor":10,"turns":8},{"damage":2,"enemies":"3 Louse","floor":13,"turns":2},{"damage":44,"enemies":"Slime Boss","floor":16,"turns":10},{"damage":15,"enemies":"Chosen","floor":18,"turns":5},{"damage":42,"enemies":"2 Thieves","floor":19,"turns":4},{"damage":44,"enemies":"Centurion and Healer","floor":21,"turns":8},{"damage":39,"enemies":"Snake Plant","floor":23,"turns":5},{"damage":44,"enemies":"Masked Bandits","floor":27,"turns":5}],"seed_played":"5493420397547061606","potions_obtained":[{"floor":1,"key":"Poison Potion"},{"floor":4,"key":"LiquidBronze"}],"is_trial":false,"path_per_floor":["M","$","?","M","M","R","?","M","T","M","$","R","M","?","R","B",null,"M","M","$","M","?","M","?","R","T","?"],"character_chosen":"IRONCLAD","items_purchased":["Feel No Pain","Impatience","Sword Boomerang"],"campfire_rested":3,"item_purchase_floors":[2,11,11],"current_hp_per_floor":[80,80,77,80,80,80,80,80,80,55,55,79,80,69,80,42,80,71,35,35,46,46,13,13,37,37,0],"gold":220,"neow_bonus":"THREE_CARDS","is_prod":false,"is_daily":false,"chose_seed":false,"campfire_upgraded":1,"win_rate":0.0,"timestamp":1562105889,"path_taken":["M","$","?","M","M","R","?","M","T","?","$","R","M","?","R","BOSS","M","M","$","M","?","M","?","R","T","?"],"build_version":"2019-07-01","purchased_purges":0,"victory":false,"max_hp_per_floor":[80,80,80,80,80,80,80,80,80,80,80,80,80,80,80,80,80,80,80,80,80,80,80,80,80,80,80],"card_choices":[{"not_picked":["Shrug It Off","Headbutt"],"picked":"Anger","floor":0},{"not_picked":["Inflame","Clothesline"],"picked":"Seeing Red","floor":1},{"not_picked":["Combust","Clothesline"],"picked":"Sword Boomerang","floor":4},{"not_picked":["Clash","Headbutt"],"picked":"Warcry","floor":5},{"not_picked":["True Grit","Clash"],"picked":"Fiend Fire","floor":8},{"not_picked":["Perfected Strike","Clothesline"],"picked":"Cleave","floor":10},{"not_picked":["Sword Boomerang","Shrug It Off"],"picked":"Headbutt","floor":12},{"not_picked":["Headbutt","Corruption"],"picked":"Anger","floor":13},{"not_picked":["Disarm","Intimidate"],"picked":"Anger","floor":15},{"not_picked":["Bludgeon","Offering"],"picked":"Dark Embrace","floor":16},{"not_picked":["Sever Soul+1","Cleave"],"picked":"Dual Wield","floor":18},{"not_picked":["Whirlwind+1","Searing Blow"],"picked":"Headbutt","floor":19},{"not_picked":["Anger","Flex"],"picked":"Thunderclap","floor":21},{"not_picked":["Cleave","Pummel"],"picked":"Seeing Red","floor":23},{"not_picked":["Sword Boomerang","Brutality"],"picked":"Ghostly Armor","floor":25}],"player_experience":10685,"relics_obtained":[{"floor":9,"key":"Dream Catcher"},{"floor":26,"key":"Anchor"}],"event_choices":[{"damage_healed":0,"gold_gain":0,"player_choice":"Success","damage_taken":3,"relics_obtained":["Boot"],"max_hp_gain":0,"max_hp_loss":0,"event_name":"Scrap Ooze","floor":3,"gold_loss":0},{"damage_healed":0,"gold_gain":0,"player_choice":"Leave","damage_taken":0,"max_hp_gain":0,"max_hp_loss":0,"event_name":"The Cleric","floor":7,"gold_loss":0},{"damage_healed":0,"gold_gain":75,"player_choice":"Gather Gold","damage_taken":11,"max_hp_gain":0,"max_hp_loss":0,"event_name":"World of Goop","floor":14,"gold_loss":0},{"damage_healed":0,"gold_gain":0,"player_choice":"Ignored","damage_taken":0,"max_hp_gain":0,"max_hp_loss":0,"event_name":"Ghosts","floor":22,"gold_loss":0},{"damage_healed":0,"gold_gain":0,"player_choice":"Inject Mutagens","damage_taken":0,"relics_obtained":["MutagenicStrength"],"max_hp_gain":0,"max_hp_loss":0,"event_name":"Drug Dealer","floor":24,"gold_loss":0},{"damage_healed":0,"gold_gain":0,"player_choice":"Fought Bandits","damage_taken":0,"max_hp_gain":0,"max_hp_loss":0,"event_name":"Masked Bandits","floor":27,"gold_loss":0}],"is_beta":false,"boss_relics":[{"not_picked":["Philosopher\u0027s Stone","Runic Pyramid"],"picked":"Lizard Tail"}],"items_purged_floors":[],"is_endless":false,"potions_floor_spawned":[1,4],"killed_by":"Masked Bandits","ascension_level":0}