{"gold_per_floor":[116,116,127,142,158,184,184,184,184,184,184,184,86,115,115,219,219,235,12,26,42,42,42,56,56,56,82,82,101,67,67],"floor_reached":31,"playtime":949,"items_purged":["Strike_R","Strike_R"],"score":279,"play_id":"cdfd40ec-2654-46bb-8873-ce8db5955293","local_time":"20190708164945","is_ascension_mode":true,"campfire_choices":[{"data":"Whirlwind","floor":7,"key":"SMITH"},{"floor":10,"key":"REST"},{"data":"True Grit","floor":12,"key":"SMITH"},{"floor":15,"key":"REST"},{"data":"Trip","floor":23,"key":"SMITH"},{"data":"True Grit","floor":25,"key":"SMITH"}],"neow_cost":"NONE","seed_source_timestamp":858420930360100,"circlet_count":0,"master_deck":["Strike_R","Defend_R","Defend_R","Defend_R","Defend_R","Bash","Seeing Red","Armaments","Whirlwind+1","True Grit+1","Infernal Blade+1","Body Slam","True Grit+1","Barricade","Armaments","Pummel","Trip+1","Inflame+1","Combust"],"relics":["Burning Blood","NeowsBlessing","Omamori","Orichalcum","Darkstone Periapt","Busted Crown","Prayer Wheel","Red Mask"],"potions_floor_usage":[5,16,16,18,21,27,29],"damage_taken":[{"damage":0,"enemies":"2 Louse","floor":1,"turns":1},{"damage":0,"enemies":"Cultist","floor":3,"turns":1},{"damage":0,"enemies":"Small Slimes","floor":4,"turns":1},{"damage":43,"enemies":"Gremlin Gang","floor":5,"turns":9},{"damage":36,"enemies":"Gremlin Nob","floor":6,"turns":4},{"damage":4,"enemies":"3 Sentries","floor":14,"turns":4},{"damage":24,"enemies":"The Guardian","floor":16,"turns":13},{"damage":11,"enemies":"Spheric Guardian","floor":18,"turns":4},{"damage":2,"enemies":"Shell Parasite","floor":20,"turns":7},{"damage":15,"enemies":"Sentry and Sphere","floor":21,"turns":4},{"damage":28,"enemies":"Shelled Parasite and Fungi","floor":24,"turns":6},{"damage":17,"enemies":"Masked Bandits","floor":27,"turns":4},{"damage":35,"enemies":"Chosen and Byrds","floor":29,"turns":9},{"damage":15,"enemies":"Snake Plant","floor":31,"turns":2}],"seed_played":"-2018894167108983687","potions_obtained":[{"floor":4,"key":"Block Potion"},{"floor":6,"key":"PowerPotion"},{"floor":14,"key":"SkillPotion"},{"floor":16,"key":"AttackPotion"},{"floor":18,"key":"EssenceOfSteel"},{"floor":21,"key":"FearPotion"},{"floor":27,"key":"SteroidPotion"}],"is_trial":false,"path_per_floor":["M","?","M","M","M","E","R","?","T","R","?","R","$","E","R","B",null,"M","$","M","M","?","R","M","R","T","?","?","M","$","M"],"character_chosen":"IRONCLAD","items_purchased":["Body Slam","Pummel","Trip","Combust"],"campfire_rested":2,"item_purchase_floors":[13,19,19,30],"current_hp_per_floor":[80,80,80,80,43,13,13,6,6,30,30,30,30,32,56,38,80,75,75,79,70,70,70,48,48,48,37,37,8,8,0],"gold":67,"neow_bonus":"THREE_ENEMY_KILL","is_prod":false,"is_daily":false,"chose_seed":false,"campfire_upgraded":4,"win_rate":0,"timestamp":1562618985,"path_taken":["M","?","?","M","?","E","R","?","T","R","?","R","$","E","R","BOSS","M","$","?","M","?","R","M","R","T","?","?","M","$","M"],"build_version":"2019-01-23","purchased_purges":2,"victory":false,"max_hp_per_floor":[80,80,80,80,80,80,80,80,80,80,80,80,80,80,80,80,80,80,80,80,80,80,80,80,80,80,80,80,80,80,80],"card_choices":[{"not_picked":["Perfected Strike","Armaments"],"picked":"Seeing Red","floor":1},{"not_picked":["Metallicize","True Grit"],"picked":"Whirlwind","floor":3},{"not_picked":["Havoc","Warcry"],"picked":"True Grit","floor":4},{"not_picked":["Thunderclap","True Grit"],"picked":"Infernal Blade","floor":5},{"not_picked":["Clothesline","Iron Wave","Spot Weakness"],"picked":"SKIP","floor":6},{"not_picked":["Burning Pact","Flex"],"picked":"True Grit","floor":14},{"not_picked":["Brutality","Berserk"],"picked":"Barricade","floor":16},{"not_picked":[],"picked":"Armaments","floor":18},{"not_picked":["Perfected Strike"],"picked":"SKIP","floor":20},{"not_picked":["Intimidate"],"picked":"SKIP","floor":21},{"not_picked":["Anger+1"],"picked":"SKIP","floor":24},{"not_picked":[],"picked":"Inflame+1","floor":29},{"not_picked":["Flex"],"picked":"SKIP","floor":29}],"player_experience":182581,"relics_obtained":[{"floor":6,"key":"Omamori"},{"floor":9,"key":"Orichalcum"},{"floor":14,"key":"Darkstone Periapt"},{"floor":26,"key":"Prayer Wheel"},{"floor":27,"key":"Red Mask"}],"event_choices":[{"damage_healed":0,"gold_gain":0,"cards_transformed":["Strike_R"],"player_choice":"Transformed","damage_taken":0,"max_hp_gain":0,"max_hp_loss":0,"event_name":"Transmorgrifier","floor":2,"gold_loss":0,"cards_obtained":["Armaments"]},{"damage_healed":0,"gold_gain":0,"player_choice":"Fled","damage_taken":7,"max_hp_gain":0,"max_hp_loss":0,"event_name":"Scrap Ooze","floor":8,"gold_loss":0},{"damage_healed":0,"gold_gain":0,"player_choice":"Forge","damage_taken":0,"max_hp_gain":0,"max_hp_loss":0,"event_name":"Accursed Blacksmith","floor":11,"gold_loss":0,"cards_upgraded":["Infernal Blade"]},{"cards_removed":["Strike_R"],"damage_healed":0,"gold_gain":0,"player_choice":"Elegance","damage_taken":0,"max_hp_gain":0,"max_hp_loss":0,"event_name":"Back to Basics","floor":22,"gold_loss":0},{"damage_healed":0,"gold_gain":0,"player_choice":"Fought Bandits","damage_taken":0,"max_hp_gain":0,"max_hp_loss":0,"event_name":"Masked Bandits","floor":27,"gold_loss":0},{"damage_healed":0,"gold_gain":0,"player_choice":"Ignored","damage_taken":0,"max_hp_gain":0,"max_hp_loss":0,"event_name":"Ghosts","floor":28,"gold_loss":0}],"is_beta":false,"boss_relics":[{"not_picked":["Black Star","Coffee Dripper"],"picked":"Busted Crown"}],"items_purged_floors":[13,19],"is_endless":false,"potions_floor_spawned":[4,6,14,16,18,21,27],"killed_by":"Snake Plant","ascension_level":3}