{"gold_per_floor":[119,119,131,141,160,160,186,197,222,222,237,187,187,112,112,217,217,233,233,88,88,88,119,119,131,131,131,131,151,208,208,208,208],"floor_reached":33,"playtime":1790,"items_purged":["Writhe"],"score":340,"play_id":"41bd643c-4f9d-4721-9d1e-b2a472a60cb6","local_time":"20190416221103","is_ascension_mode":true,"campfire_choices":[{"data":"True Grit","floor":6,"key":"SMITH"},{"data":"Bash","floor":10,"key":"SMITH"},{"data":"Carnage","floor":13,"key":"SMITH"},{"floor":15,"key":"REST"},{"floor":24,"key":"REST"},{"data":"Spot Weakness","floor":28,"key":"SMITH"},{"floor":32,"key":"REST"}],"neow_cost":"CURSE","seed_source_timestamp":30879808652898,"circlet_count":0,"master_deck":["Strike_R","Strike_R","Defend_R","Defend_R","Defend_R","Bash+1","Intimidate","Cleave","Offering","True Grit+1","Carnage+1","Battle Trance","Sentinel","Whirlwind","Feed+1","Combust+1","Ghostly Armor+1","Rampage+1","Flame Barrier+1","Shrug It Off","Feed+1","Headbutt+1","Spot Weakness+1","Shrug It Off+1"],"relics":["Burning Blood","Prayer Wheel","Anchor","Red Skull","Astrolabe","Lantern","Dodecahedron","Vajra","Blue Candle","Tiny Chest","Girya"],"potions_floor_usage":[7,7,7,16,33,33,33],"damage_taken":[{"damage":24,"enemies":"Small Slimes","floor":1,"turns":4},{"damage":1,"enemies":"Cultist","floor":3,"turns":3},{"damage":7,"enemies":"Jaw Worm","floor":4,"turns":4},{"damage":20,"enemies":"Exordium Thugs","floor":5,"turns":3},{"damage":15,"enemies":"Gremlin Nob","floor":7,"turns":4},{"damage":6,"enemies":"2 Fungi Beasts","floor":8,"turns":2},{"damage":6,"enemies":"Lots of Slimes","floor":11,"turns":1},{"damage":65,"enemies":"Hexaghost","floor":16,"turns":8},{"damage":23,"enemies":"2 Thieves","floor":18,"turns":4},{"damage":26,"enemies":"Slavers","floor":23,"turns":7},{"damage":6,"enemies":"Shell Parasite","floor":25,"turns":3},{"damage":11,"enemies":"Snake Plant","floor":29,"turns":3},{"damage":36,"enemies":"Gremlin Leader","floor":30,"turns":6},{"damage":96,"enemies":"Champ","floor":33,"turns":10}],"seed_played":"-1910203004873449061","potions_obtained":[{"floor":1,"key":"GamblersBrew"},{"floor":2,"key":"Fire Potion"},{"floor":2,"key":"Strength Potion"},{"floor":2,"key":"Weak Potion"},{"floor":8,"key":"Swift Potion"},{"floor":16,"key":"LiquidBronze"},{"floor":18,"key":"SpeedPotion"},{"floor":29,"key":"Dexterity Potion"},{"floor":30,"key":"Ancient Potion"}],"is_trial":false,"path_per_floor":["M","?","M","M","M","R","E","M","T","R","M","?","R","$","R","B",null,"M","?","$","T","?","E","R","M","T","?","R","M","E","T","R","B"],"character_chosen":"IRONCLAD","items_purchased":["Lantern"],"campfire_rested":3,"item_purchase_floors":[20],"current_hp_per_floor":[62,62,67,66,52,52,43,43,43,43,43,43,43,43,67,8,80,66,66,66,66,66,54,81,81,81,81,81,76,46,46,73,0],"gold":208,"neow_bonus":"ONE_RARE_RELIC","is_prod":false,"is_daily":false,"chose_seed":false,"campfire_upgraded":4,"win_rate":0,"timestamp":1555467063,"path_taken":["M","?","M","?","M","R","E","M","T","R","M","?","R","$","R","BOSS","M","?","$","?","?","E","R","?","T","?","R","M","E","?","R","BOSS"],"build_version":"2019-01-23","purchased_purges":1,"victory":false,"max_hp_per_floor":[80,80,80,80,80,80,80,80,80,80,80,80,80,80,80,80,80,83,83,83,83,83,91,91,91,91,91,91,91,91,91,91,91],"card_choices":[{"not_picked":["Perfected Strike","Sentinel"],"picked":"Intimidate","floor":1},{"not_picked":["Body Slam","Pommel Strike"],"picked":"Cleave","floor":1},{"not_picked":["Metallicize","Warcry"],"picked":"Offering","floor":3},{"not_picked":["Sword Boomerang","Twin Strike"],"picked":"True Grit","floor":3},{"not_picked":["Flex","Twin Strike"],"picked":"Carnage","floor":4},{"not_picked":["Havoc","Body Slam","Warcry"],"picked":"SKIP","floor":4},{"not_picked":["Pommel Strike","Power Through"],"picked":"Battle Trance","floor":5},{"not_picked":["Carnage","Twin Strike"],"picked":"Sentinel","floor":5},{"not_picked":["Rupture","Warcry"],"picked":"Whirlwind","floor":7},{"not_picked":["Heavy Blade","Headbutt","Feel No Pain"],"picked":"SKIP","floor":8},{"not_picked":["Headbutt","Intimidate","Perfected Strike"],"picked":"SKIP","floor":8},{"not_picked":["Pommel Strike","Anger","Battle Trance"],"picked":"SKIP","floor":11},{"not_picked":["Wild Strike","Berserk","Evolve"],"picked":"SKIP","floor":11},{"not_picked":["Barricade","Limit Break"],"picked":"Feed","floor":16},{"not_picked":["Blood for Blood","Pummel+1"],"picked":"Flame Barrier+1","floor":18},{"not_picked":["Body Slam+1","Evolve"],"picked":"Shrug It Off","floor":18},{"not_picked":["Sword Boomerang","Havoc","Sever Soul"],"picked":"SKIP","floor":23},{"not_picked":["Sword Boomerang","Havoc","Sever Soul"],"picked":"SKIP","floor":23},{"not_picked":["Heavy Blade","Havoc"],"picked":"Headbutt+1","floor":25},{"not_picked":["Dropkick","True Grit+1","Sword Boomerang"],"picked":"SKIP","floor":25},{"not_picked":["Iron Wave","Spot Weakness","Second Wind"],"picked":"SKIP","floor":29},{"not_picked":["Havoc+1","Burning Pact+1","Rampage"],"picked":"SKIP","floor":29},{"not_picked":["Carnage","Intimidate"],"picked":"Shrug It Off+1","floor":30}],"player_experience":169802,"relics_obtained":[{"floor":7,"key":"Anchor"},{"floor":9,"key":"Red Skull"},{"floor":21,"key":"Dodecahedron"},{"floor":23,"key":"Vajra"},{"floor":26,"key":"Blue Candle"},{"floor":30,"key":"Tiny Chest"},{"floor":31,"key":"Girya"}],"event_choices":[{"damage_healed":0,"gold_gain":0,"player_choice":"Got Potions","damage_taken":0,"max_hp_gain":0,"max_hp_loss":0,"event_name":"Lab","floor":2,"gold_loss":0},{"cards_removed":["Strike_R"],"damage_healed":0,"gold_gain":0,"player_choice":"Card Removal","damage_taken":0,"max_hp_gain":0,"max_hp_loss":0,"event_name":"The Cleric","floor":12,"gold_loss":50},{"damage_healed":0,"gold_gain":0,"player_choice":"Upgraded","damage_taken":0,"max_hp_gain":0,"max_hp_loss":0,"event_name":"Upgrade Shrine","floor":19,"gold_loss":0,"cards_upgraded":["Feed"]},{"damage_healed":0,"gold_gain":0,"player_choice":"Copied","damage_taken":0,"max_hp_gain":0,"max_hp_loss":0,"event_name":"Duplicator","floor":22,"gold_loss":0,"cards_obtained":["Feed"]},{"damage_healed":0,"gold_gain":0,"player_choice":"Read","damage_taken":0,"max_hp_gain":0,"max_hp_loss":0,"event_name":"The Library","floor":27,"gold_loss":0,"cards_obtained":["Spot Weakness"]}],"is_beta":false,"boss_relics":[{"not_picked":["Fusion Hammer","Runic Dome"],"picked":"Astrolabe"}],"items_purged_floors":[14],"is_endless":false,"potions_floor_spawned":[1,8,16,18,29,30],"killed_by":"Champ","ascension_level":4}