{"gold_per_floor":[119,133,143,143,143,143,159,189,263,263,291,306,12,40,40,139,139,153,172,190,190,190,190,219,219,242,242,242,242,255,266,266,368,368,381,401,476,476,27,27,53,53,76,76,7,26,46,57,57,57,57,57,7,39,39],"floor_reached":56,"playtime":11178,"items_purged":["Defend_R"],"score":1280,"play_id":"17c2147e-ff76-4571-982b-880d61da25dd","local_time":"20190702032810","is_ascension_mode":true,"campfire_choices":[{"data":"Secret Technique","floor":6,"key":"SMITH"},{"floor":10,"key":"REST"},{"floor":15,"key":"REST"},{"data":"Feel No Pain","floor":23,"key":"SMITH"},{"data":"RitualDagger","floor":25,"key":"SMITH"},{"floor":27,"key":"RECALL"},{"data":"Cleave","floor":29,"key":"SMITH"},{"data":"Armaments","floor":32,"key":"SMITH"},{"data":"Exhume","floor":40,"key":"SMITH"},{"data":"True Grit","floor":42,"key":"SMITH"},{"data":"Body Slam","floor":44,"key":"SMITH"},{"data":"Dual Wield","floor":49,"key":"SMITH"},{"data":"Anger","floor":52,"key":"SMITH"}],"neow_cost":"TEN_PERCENT_HP_LOSS","seed_source_timestamp":154069256850369,"circlet_count":0,"master_deck":["Strike_R","Strike_R","Strike_R+1","Defend_R","Defend_R","Bash+1","Purity","Secret Technique+1","Fire Breathing","Reckless Charge","Body Slam+1","Anger+1","Impervious","Feel No Pain+1","Shrug It Off","Inflame+1","Brutality+1","Dark Embrace+1","Armaments+1","Cleave+1","Intimidate+1","RitualDagger+1","Demon Form+1","Dual Wield+1","Twin Strike","Shockwave","Armaments+1","Exhume+1","Sword Boomerang+1","Shrug It Off","True Grit+1","Second Wind","Feel No Pain+1","Entrench+1","Warcry+1","Twin Strike+1"],"relics":["Black Blood","Gambling Chip","Self Forming Clay","Odd Mushroom","Frozen Egg 2","Blood Vial","Coffee Dripper","Meat on the Bone","Magic Flower","Lantern","Bottled Lightning","Smiling Mask","Bag of Marbles"],"potions_floor_usage":[16,20,24,24,33,35,46,46,50,55,55],"damage_taken":[{"damage":5,"enemies":"Small Slimes","floor":1,"turns":4},{"damage":7,"enemies":"2 Louse","floor":2,"turns":2},{"damage":1,"enemies":"Cultist","floor":3,"turns":3},{"damage":10,"enemies":"Exordium Wildlife","floor":7,"turns":3},{"damage":18,"enemies":"Gremlin Nob","floor":8,"turns":4},{"damage":22,"enemies":"The Mushroom Lair","floor":11,"turns":4},{"damage":13,"enemies":"3 Louse","floor":12,"turns":6},{"damage":4,"enemies":"3 Sentries","floor":14,"turns":8},{"damage":4,"enemies":"Slime Boss","floor":16,"turns":5},{"damage":17,"enemies":"Spheric Guardian","floor":18,"turns":4},{"damage":7,"enemies":"Chosen","floor":19,"turns":4},{"damage":18,"enemies":"Snake Plant","floor":20,"turns":5},{"damage":12,"enemies":"Gremlin Leader","floor":24,"turns":7},{"damage":6,"enemies":"Centurion and Healer","floor":30,"turns":5},{"damage":3,"enemies":"Cultist and Chosen","floor":31,"turns":6},{"damage":13,"enemies":"Collector","floor":33,"turns":8},{"damage":14,"enemies":"3 Shapes","floor":35,"turns":4},{"damage":11,"enemies":"Orb Walker","floor":36,"turns":4},{"damage":4,"enemies":"Transient","floor":38,"turns":5},{"damage":5,"enemies":"Giant Head","floor":41,"turns":6},{"damage":20,"enemies":"Jaw Worm Horde","floor":46,"turns":5},{"damage":14,"enemies":"3 Darklings","floor":47,"turns":8},{"damage":28,"enemies":"Writhing Mass","floor":48,"turns":6},{"damage":34,"enemies":"Time Eater","floor":50,"turns":10},{"damage":39,"enemies":"Shield and Spear","floor":54,"turns":8},{"damage":88,"enemies":"The Heart","floor":55,"turns":11}],"seed_played":"1765919937928660904","potions_obtained":[{"floor":2,"key":"Energy Potion"},{"floor":8,"key":"PowerPotion"},{"floor":12,"key":"Block Potion"},{"floor":19,"key":"Fire Potion"},{"floor":20,"key":"EssenceOfSteel"},{"floor":30,"key":"Ancient Potion"},{"floor":35,"key":"Fruit Juice"},{"floor":36,"key":"Fire Potion"},{"floor":46,"key":"Fruit Juice"},{"floor":48,"key":"Poison Potion"},{"floor":54,"key":"BloodPotion"}],"is_trial":false,"path_per_floor":["M","M","M","?","?","R","M","E","T","R","?","M","$","E","R","B",null,"M","M","M","?","?","R","E","R","T","R","?","R","M","M","R","B",null,"M","M","?","M","$","R","E","R","T","R","$","M","M","M","R","B",null,"R","$","E","B",null],"character_chosen":"IRONCLAD","items_purchased":["Frozen Egg 2","Inflame+1","Magic Flower","Lantern","Second Wind"],"campfire_rested":2,"item_purchase_floors":[13,13,39,39,45],"current_hp_per_floor":[72,71,72,58,58,58,54,42,42,63,47,40,40,42,63,67,72,61,62,52,72,66,66,62,62,62,62,62,62,64,69,69,64,72,73,74,67,75,75,75,77,77,77,77,77,77,81,69,69,71,82,82,82,58,36],"gold":39,"neow_bonus":"RANDOM_COLORLESS_2","is_prod":false,"is_daily":false,"chose_seed":false,"campfire_upgraded":10,"win_rate":0,"timestamp":1562052490,"path_taken":["M","M","M","?","?","R","?","E","T","R","?","M","$","E","R","BOSS","M","M","M","?","?","R","E","R","T","R","?","R","M","M","R","BOSS","M","M","?","M","$","R","E","R","T","R","$","?","M","M","R","BOSS","R","$","E","BOSS"],"build_version":"2019-07-01","purchased_purges":1,"victory":true,"max_hp_per_floor":[72,72,72,72,72,72,72,72,72,72,72,72,72,72,72,72,72,72,72,72,72,72,72,72,72,72,72,72,72,72,72,72,72,72,77,77,77,77,77,77,77,77,77,77,77,82,82,82,82,82,82,82,82,82,82],"card_choices":[{"not_picked":["Clash","Headbutt"],"picked":"Fire Breathing","floor":1},{"not_picked":["Dual Wield","Corruption"],"picked":"Reckless Charge","floor":2},{"not_picked":["Clothesline","Entrench"],"picked":"Body Slam","floor":3},{"not_picked":["Pommel Strike","Heavy Blade"],"picked":"Anger","floor":7},{"not_picked":["Clothesline","Shrug It Off"],"picked":"Impervious","floor":8},{"not_picked":["Havoc","Clothesline"],"picked":"Feel No Pain","floor":11},{"not_picked":["Flex","Thunderclap"],"picked":"Shrug It Off","floor":12},{"not_picked":["Pummel","Carnage"],"picked":"Brutality+1","floor":14},{"not_picked":["Juggernaut+1","Feed"],"picked":"Dark Embrace+1","floor":16},{"not_picked":["Warcry","Wild Strike"],"picked":"Armaments+1","floor":18},{"not_picked":["Entrench","Clothesline"],"picked":"Cleave","floor":19},{"not_picked":["Thunderclap","Headbutt"],"picked":"Intimidate+1","floor":20},{"not_picked":["Perfected Strike","Headbutt"],"picked":"Demon Form+1","floor":24},{"not_picked":["Anger","Body Slam"],"picked":"Shockwave","floor":30},{"not_picked":["Perfected Strike","Searing Blow"],"picked":"Armaments","floor":31},{"not_picked":["Brutality+1","Feed"],"picked":"Exhume","floor":33},{"not_picked":["Twin Strike+1","Body Slam"],"picked":"Sword Boomerang+1","floor":35},{"not_picked":["Perfected Strike+1","Havoc"],"picked":"Shrug It Off","floor":36},{"not_picked":["Flex","Warcry+1","Cleave+1"],"picked":"SKIP","floor":38},{"not_picked":["Hemokinesis+1","Armaments"],"picked":"True Grit","floor":41},{"not_picked":["Headbutt","Uppercut"],"picked":"Feel No Pain+1","floor":46},{"not_picked":["Searing Blow","Power Through+1"],"picked":"Entrench+1","floor":47},{"not_picked":["Dual Wield","Exhume"],"picked":"Warcry+1","floor":48},{"not_picked":["Thunderclap+1","Whirlwind+1"],"picked":"Twin Strike+1","floor":54}],"player_experience":59611,"relics_obtained":[{"floor":8,"key":"Gambling Chip"},{"floor":9,"key":"Self Forming Clay"},{"floor":11,"key":"Odd Mushroom"},{"floor":14,"key":"Blood Vial"},{"floor":24,"key":"Meat on the Bone"},{"floor":41,"key":"Bottled Lightning"},{"floor":43,"key":"Smiling Mask"},{"floor":54,"key":"Bag of Marbles"}],"event_choices":[{"damage_healed":0,"gold_gain":0,"player_choice":"Entered Light","damage_taken":14,"max_hp_gain":0,"max_hp_loss":0,"event_name":"Shining Light","floor":4,"gold_loss":0,"cards_upgraded":["Bash","Strike_R"]},{"cards_removed":["Strike_R"],"damage_healed":0,"gold_gain":0,"player_choice":"Purged","damage_taken":0,"max_hp_gain":0,"max_hp_loss":0,"event_name":"Purifier","floor":5,"gold_loss":0},{"damage_healed":0,"gold_gain":0,"player_choice":"Fought Mushrooms","damage_taken":0,"max_hp_gain":0,"max_hp_loss":0,"event_name":"Mushrooms","floor":11,"gold_loss":0},{"damage_healed":24,"gold_gain":0,"player_choice":"Heal","damage_taken":0,"max_hp_gain":0,"max_hp_loss":0,"event_name":"The Library","floor":21,"gold_loss":0},{"damage_healed":0,"gold_gain":0,"player_choice":"Joined the Cult","damage_taken":6,"max_hp_gain":0,"max_hp_loss":0,"event_name":"Nest","floor":22,"gold_loss":0,"cards_obtained":["RitualDagger"]},{"damage_healed":0,"gold_gain":0,"cards_transformed":["Strike_R","Defend_R"],"player_choice":"Became Test Subject","damage_taken":0,"max_hp_gain":0,"max_hp_loss":0,"event_name":"Drug Dealer","floor":28,"gold_loss":0,"cards_obtained":["Dual Wield","Twin Strike"]},{"damage_healed":0,"gold_gain":75,"player_choice":"Touch","damage_taken":7,"max_hp_gain":0,"max_hp_loss":0,"event_name":"FaceTrader","floor":37,"gold_loss":0}],"is_beta":false,"boss_relics":[{"not_picked":["Velvet Choker","Snecko Eye"],"picked":"Coffee Dripper"},{"not_picked":["Empty Cage","White Beast Statue"],"picked":"Black Blood"}],"items_purged_floors":[53],"is_endless":false,"potions_floor_spawned":[2,8,12,19,20,30,35,36,46,48,54],"ascension_level":1}