{"gold_per_floor":[116,291,291,303,303,303,329,344,344,344,361,373,402,414,414,511,511,528,508,186,200,217,217,142,142,167,167,178,212,212,14,14,110,110,127,127,147,147,172,197,197,213,213,226,226,226,226],"floor_reached":47,"playtime":2297,"items_purged":["Strike_R"],"score":508,"play_id":"b4b08bbd-a0f8-4f1f-9132-4825aee80672","local_time":"20190328161414","is_ascension_mode":false,"campfire_choices":[{"data":"Metallicize","floor":6,"key":"SMITH"},{"data":"Inflame","floor":10,"key":"SMITH"},{"data":"Flame Barrier","floor":15,"key":"SMITH"},{"data":"Whirlwind","floor":23,"key":"SMITH"},{"data":"Shrug It Off","floor":25,"key":"SMITH"},{"data":"Metallicize","floor":30,"key":"SMITH"},{"data":"Battle Trance","floor":32,"key":"SMITH"},{"data":"Battle Trance","floor":41,"key":"SMITH"},{"floor":46,"key":"REST"}],"neow_cost":"NONE","seed_source_timestamp":1231100427658539,"circlet_count":0,"master_deck":["Strike_R","Strike_R","Defend_R","Defend_R+1","Defend_R","Defend_R","Bash","Metallicize+1","Inflame+1","Shrug It Off+1","Flame Barrier+1","Whirlwind+1","Feed","Combust+1","Battle Trance+1","Metallicize+1","Body Slam+1","Double Tap+1","Battle Trance+1","Body Slam+1","Thunderclap+1","Clumsy","Purity"],"relics":["Burning Blood","Meat on the Bone","Omamori","Cursed Key","Sundial","Potion Belt","Nloth\u0027s Gift","Molten Egg 2","Chemical X","Orrery","PreservedInsect","Boot","Bottled Lightning"],"potions_floor_usage":[7,7,7,7,11,11,13,16,16,18,21,21,29,40,44],"damage_taken":[{"damage":5,"enemies":"Jaw Worm","floor":1,"turns":5},{"damage":6,"enemies":"Cultist","floor":4,"turns":3},{"damage":15,"enemies":"3 Sentries","floor":7,"turns":10},{"damage":3,"enemies":"2 Louse","floor":8,"turns":3},{"damage":4,"enemies":"Gremlin Gang","floor":11,"turns":4},{"damage":2,"enemies":"2 Fungi Beasts","floor":12,"turns":5},{"damage":20,"enemies":"Gremlin Nob","floor":13,"turns":5},{"damage":7,"enemies":"Blue Slaver","floor":14,"turns":5},{"damage":32,"enemies":"The Guardian","floor":16,"turns":15},{"damage":13,"enemies":"2 Thieves","floor":18,"turns":4},{"damage":4,"enemies":"Spheric Guardian","floor":21,"turns":6},{"damage":23,"enemies":"Shelled Parasite and Fungi","floor":22,"turns":6},{"damage":15,"enemies":"Cultist and Chosen","floor":28,"turns":5},{"damage":3,"enemies":"Book of Stabbing","floor":29,"turns":5},{"damage":50,"enemies":"Automaton","floor":33,"turns":7},{"damage":14,"enemies":"3 Shapes","floor":35,"turns":4},{"damage":0,"enemies":"Orb Walker","floor":37,"turns":3},{"damage":10,"enemies":"Giant Head","floor":40,"turns":6},{"damage":30,"enemies":"Maw","floor":42,"turns":6},{"damage":35,"enemies":"Jaw Worm Horde","floor":44,"turns":4},{"damage":74,"enemies":"Nemesis","floor":47,"turns":4}],"seed_played":"-7669816528449579081","potions_obtained":[{"floor":0,"key":"Strength Potion"},{"floor":0,"key":"BloodPotion"},{"floor":0,"key":"EntropicBrew"},{"floor":7,"key":"EssenceOfSteel"},{"floor":12,"key":"SpeedPotion"},{"floor":14,"key":"Regen Potion"},{"floor":16,"key":"EssenceOfSteel"},{"floor":18,"key":"Regen Potion"},{"floor":19,"key":"Fire Potion"},{"floor":22,"key":"PowerPotion"},{"floor":33,"key":"Block Potion"},{"floor":40,"key":"GamblersBrew"},{"floor":42,"key":"Strength Potion"}],"is_trial":false,"path_per_floor":["M","?","?","M","?","R","E","M","T","R","M","M","E","M","R","B",null,"M","?","$","M","M","R","?","R","T","?","M","E","R","$","R","B",null,"M","?","M","?","T","E","R","M","T","M","?","R","E"],"character_chosen":"IRONCLAD","items_purchased":["Sundial","Chemical X"],"campfire_rested":1,"item_purchase_floors":[20,31],"current_hp_per_floor":[80,80,80,80,64,64,63,66,66,66,68,72,60,59,59,48,82,80,80,80,87,70,70,70,70,70,70,64,67,67,67,67,35,90,85,85,91,91,91,87,87,63,63,46,46,73,0],"gold":226,"neow_bonus":"THREE_SMALL_POTIONS","is_prod":false,"is_daily":false,"chose_seed":false,"campfire_upgraded":8,"win_rate":0.0,"timestamp":1553804054,"path_taken":["M","?","?","?","?","R","E","M","T","R","M","M","E","M","R","BOSS","M","?","$","?","M","R","?","R","T","?","?","E","R","?","R","BOSS","M","?","?","?","?","E","R","M","T","M","?","R","E"],"build_version":"2019-01-23","purchased_purges":1,"victory":false,"max_hp_per_floor":[80,80,80,80,80,80,80,80,80,80,80,80,82,82,82,82,82,87,87,87,87,87,87,87,87,87,87,90,90,90,90,90,90,90,93,93,93,93,93,93,93,93,93,93,93,93,93],"card_choices":[{"not_picked":["Pummel","Twin Strike","Sentinel"],"picked":"SKIP","floor":1},{"not_picked":["Iron Wave","Perfected Strike"],"picked":"Metallicize","floor":4},{"not_picked":["Perfected Strike","Flex"],"picked":"Inflame","floor":7},{"not_picked":["Clothesline","Wild Strike","Intimidate"],"picked":"SKIP","floor":8},{"not_picked":["Feel No Pain","Wild Strike"],"picked":"Shrug It Off","floor":11},{"not_picked":["Demon Form","Intimidate"],"picked":"Flame Barrier","floor":12},{"not_picked":["Anger","Twin Strike","Havoc"],"picked":"Singing Bowl","floor":13},{"not_picked":["Anger","Armaments"],"picked":"Whirlwind","floor":14},{"not_picked":["Exhume","Offering"],"picked":"Feed","floor":16},{"not_picked":["Perfected Strike","Sword Boomerang","Anger+1"],"picked":"Singing Bowl","floor":18},{"not_picked":["True Grit","Iron Wave"],"picked":"Combust+1","floor":21},{"not_picked":["Fire Breathing","Thunderclap+1"],"picked":"Battle Trance","floor":22},{"not_picked":["Thunderclap","Power Through"],"picked":"Metallicize","floor":28},{"not_picked":["Sentinel+1","Clash"],"picked":"Body Slam","floor":29},{"not_picked":["Bludgeon+1","Feed+1"],"picked":"Double Tap","floor":33},{"not_picked":["Intimidate","Inflame"],"picked":"Battle Trance","floor":34},{"not_picked":["Battle Trance","Sword Boomerang+1"],"picked":"Body Slam+1","floor":34},{"not_picked":["Rupture","Clothesline+1","Berserk"],"picked":"SKIP","floor":35},{"not_picked":["Clothesline+1","Wild Strike+1","Headbutt+1"],"picked":"SKIP","floor":37},{"not_picked":["Armaments","Juggernaut"],"picked":"Thunderclap+1","floor":40},{"not_picked":["Pommel Strike+1","Cleave+1","Heavy Blade+1"],"picked":"SKIP","floor":42},{"not_picked":["Fire Breathing+1","Twin Strike+1","Ghostly Armor"],"picked":"SKIP","floor":44},{"not_picked":["Finesse","The Bomb"],"picked":"Purity","floor":45}],"player_experience":68032,"relics_obtained":[{"floor":7,"key":"Meat on the Bone"},{"floor":9,"key":"Singing Bowl"},{"floor":13,"key":"Omamori"},{"floor":26,"key":"Potion Belt"},{"floor":29,"key":"Molten Egg 2"},{"floor":39,"key":"PreservedInsect"},{"floor":40,"key":"Boot"},{"floor":43,"key":"Bottled Lightning"}],"event_choices":[{"damage_healed":0,"gold_gain":175,"player_choice":"AGREE","damage_taken":0,"max_hp_gain":0,"max_hp_loss":0,"event_name":"Liars Game","floor":2,"gold_loss":0,"cards_obtained":["Doubt"]},{"cards_removed":["Doubt"],"damage_healed":0,"gold_gain":0,"player_choice":"Removed Curses","damage_taken":0,"max_hp_gain":0,"max_hp_loss":0,"event_name":"Fountain of Cleansing","floor":3,"gold_loss":0},{"damage_healed":0,"gold_gain":0,"player_choice":"Entered Light","damage_taken":16,"max_hp_gain":0,"max_hp_loss":0,"event_name":"Shining Light","floor":5,"gold_loss":0,"cards_upgraded":["Strike_R","Defend_R"]},{"damage_healed":0,"gold_gain":0,"player_choice":"Bought 1 Potion","damage_taken":0,"max_hp_gain":0,"max_hp_loss":0,"event_name":"The Woman in Blue","floor":19,"gold_loss":0},{"cards_removed":["Strike_R"],"damage_healed":0,"gold_gain":0,"player_choice":"Gave Gold","damage_taken":0,"max_hp_gain":0,"max_hp_loss":0,"event_name":"Beggar","floor":24,"gold_loss":75},{"damage_healed":0,"gold_gain":0,"player_choice":"Traded Relic","damage_taken":0,"relics_obtained":["Nloth\u0027s Gift"],"max_hp_gain":0,"max_hp_loss":0,"event_name":"N\u0027loth","floor":27,"relics_lost":["Singing Bowl"],"gold_loss":0},{"damage_healed":0,"gold_gain":0,"player_choice":"Forge","damage_taken":0,"max_hp_gain":0,"max_hp_loss":0,"event_name":"Accursed Blacksmith","floor":36,"gold_loss":0,"cards_upgraded":["Double Tap"]},{"cards_removed":["Strike_R"],"damage_healed":0,"gold_gain":0,"player_choice":"Removed Attack","damage_taken":0,"max_hp_gain":0,"max_hp_loss":0,"event_name":"Falling","floor":38,"gold_loss":0},{"damage_healed":0,"gold_gain":0,"player_choice":"Memory 1","damage_taken":0,"max_hp_gain":0,"max_hp_loss":0,"event_name":"SensoryStone","floor":45,"gold_loss":0}],"is_beta":false,"boss_relics":[{"not_picked":["Coffee Dripper","Busted Crown"],"picked":"Cursed Key"},{"not_picked":["Snecko Eye","Runic Dome"],"picked":"Orrery"}],"items_purged_floors":[20],"is_endless":false,"potions_floor_spawned":[7,12,14,16,18,22,33,40,42],"killed_by":"Nemesis","ascension_level":0}