{"gold_per_floor":[114,127,146,159,159,62,72,72,72,89,104,124,124,124,124,229,229,247,266,266,277,289,305,324,424,503,259,259],"floor_reached":28,"playtime":1883,"items_purged":["Strike_B","Strike_B"],"score":218,"play_id":"315c37f7-88aa-49cb-af5b-a14be1616d86","local_time":"20181230225252","is_ascension_mode":false,"campfire_choices":[{"data":"Go for the Eyes","floor":15,"key":"SMITH"}],"neow_cost":"NONE","seed_source_timestamp":18242112387659,"circlet_count":0,"master_deck":["Strike_B","Defend_B","Defend_B","Defend_B","Zap+1","Dualcast","Streamline+1","Rebound","BootSequence","Go for the Eyes+1","Reboot","Hologram","Self Repair","Conserve Battery","Cold Snap","Leap","Auto Shields","Hologram"],"special_seed":0,"relics":["Cracked Core","Bottled Flame","Orrery","Bottled Tornado","Omamori"],"potions_floor_usage":[],"damage_taken":[{"damage":6.0,"enemies":"Jaw Worm","floor":1.0,"turns":3.0},{"damage":0.0,"enemies":"Cultist","floor":2.0,"turns":3.0},{"damage":0.0,"enemies":"2 Louse","floor":3.0,"turns":3.0},{"damage":1.0,"enemies":"2 Fungi Beasts","floor":4.0,"turns":4.0},{"damage":9.0,"enemies":"Gremlin Gang","floor":7.0,"turns":5.0},{"damage":3,"enemies":"Red Slaver","floor":10,"turns":2},{"damage":0,"enemies":"Blue Slaver","floor":11,"turns":3},{"damage":11,"enemies":"Exordium Thugs","floor":12,"turns":4},{"damage":28,"enemies":"Hexaghost","floor":16,"turns":10},{"damage":2,"enemies":"Shell Parasite","floor":18,"turns":4},{"damage":8,"enemies":"Chosen","floor":19,"turns":6},{"damage":19,"enemies":"Snake Plant","floor":21,"turns":5},{"damage":13,"enemies":"3 Cultists","floor":22,"turns":6},{"damage":7,"enemies":"Centurion and Healer","floor":23,"turns":5},{"damage":39,"enemies":"Chosen and Byrds","floor":24,"turns":9},{"damage":25,"enemies":"Sentry and Sphere","floor":28,"turns":5}],"seed_played":"7346169728626918908","potions_obtained":[{"floor":4.0,"key":"PowerPotion"},{"floor":10,"key":"SteroidPotion"},{"floor":11,"key":"FairyPotion"},{"floor":12,"key":"LiquidBronze"},{"floor":16,"key":"SpeedPotion"}],"is_trial":false,"path_per_floor":["M","M","M","M","?","$","M","$","T","M","M","M","?","?","R","B",null,"M","M","?","M","M","M","M","?","T","$","M"],"character_chosen":"DEFECT","items_purchased":["Go for the Eyes","Omamori"],"campfire_rested":0,"item_purchase_floors":[6,27],"current_hp_per_floor":[69,69,69,68,68,68,59,59,59,56,56,45,70,70,70,49,75,73,72,72,60,54,54,22,22,22,22,0],"gold":259,"neow_bonus":"REMOVE_CARD","is_prod":false,"is_daily":false,"chose_seed":false,"campfire_upgraded":1,"win_rate":0.0,"timestamp":1546228372,"path_taken":["M","M","M","M","?","$","?","$","T","M","M","M","?","?","R","BOSS","M","?","?","?","M","M","M","?","T","?","M"],"build_version":"2018-12-20","purchased_purges":2,"victory":false,"max_hp_per_floor":[75,75,75,75,75,75,75,75,75,75,75,75,75,75,75,75,75,75,75,75,75,75,75,75,75,75,75,75],"card_choices":[{"not_picked":["Hologram","Lockon"],"picked":"Streamline","floor":1.0},{"not_picked":["Compile Driver","Streamline","Scrape"],"picked":"SKIP","floor":2.0},{"not_picked":["Stack","Sweeping Beam"],"picked":"Rebound","floor":3.0},{"not_picked":["Reprogram","Force Field"],"picked":"BootSequence","floor":4.0},{"not_picked":["Sweeping Beam","Rebound"],"picked":"Reboot","floor":7.0},{"not_picked":["Rebound","Ball Lightning"],"picked":"Hologram","floor":10},{"not_picked":["Heatsinks","Barrage"],"picked":"Self Repair","floor":11},{"not_picked":["Chill","Barrage"],"picked":"Conserve Battery","floor":12},{"not_picked":["Conserve Battery","Chill"],"picked":"Cold Snap","floor":17},{"not_picked":["Lockon","Self Repair"],"picked":"Leap","floor":17},{"not_picked":["Darkness","Thunder Strike","Tempest"],"picked":"SKIP","floor":18},{"not_picked":["Redo+1","Chill+1"],"picked":"Auto Shields","floor":19},{"not_picked":["Sweeping Beam","Cold Snap","Steam"],"picked":"SKIP","floor":21},{"not_picked":["Gash","Sweeping Beam"],"picked":"Hologram","floor":22},{"not_picked":["Steam","Cold Snap","Chill"],"picked":"SKIP","floor":23},{"not_picked":["Stack","Coolheaded","Streamline"],"picked":"SKIP","floor":24}],"player_experience":47634,"relics_obtained":[{"floor":9.0,"key":"Bottled Flame"},{"floor":26,"key":"Bottled Tornado"}],"event_choices":[{"damage_healed":0.0,"max_hp_gain":0.0,"max_hp_loss":0.0,"gold_gain":0.0,"event_name":"Upgrade Shrine","player_choice":"Upgraded","floor":5.0,"gold_loss":0.0,"damage_taken":0.0,"cards_upgraded":["Streamline"]},{"damage_healed":25,"gold_gain":0,"player_choice":"Banana","damage_taken":0,"max_hp_gain":0,"max_hp_loss":0,"event_name":"Big Fish","floor":13,"gold_loss":0},{"damage_healed":0,"gold_gain":0,"player_choice":"Forge","damage_taken":0,"max_hp_gain":0,"max_hp_loss":0,"event_name":"Accursed Blacksmith","floor":14,"gold_loss":0,"cards_upgraded":["Zap"]},{"cards_removed":["Defend_B"],"damage_healed":0,"gold_gain":0,"player_choice":"Purged","damage_taken":0,"max_hp_gain":0,"max_hp_loss":0,"event_name":"Purifier","floor":20,"gold_loss":0},{"damage_healed":0,"gold_gain":100,"player_choice":"Pray","damage_taken":0,"max_hp_gain":0,"max_hp_loss":0,"event_name":"Golden Shrine","floor":25,"gold_loss":0}],"is_beta":false,"boss_relics":[{"not_picked":["Busted Crown","Velvet Choker"],"picked":"Orrery"}],"items_purged_floors":[6,27],"is_endless":false,"potions_floor_spawned":[4,10,11,12,16,18,21],"killed_by":"Sentry and Sphere","ascension_level":0}