{"gold_per_floor":[118,118,23,39,59,59,122,152,152,152],"floor_reached":10,"playtime":687,"items_purged":[],"score":76,"play_id":"9cf05c6c-cdc9-47bc-9c39-ceec8efe967a","local_time":"20190319173644","is_ascension_mode":true,"campfire_choices":[{"data":"Mind Blast","floor":6,"key":"SMITH"}],"neow_cost":"NONE","seed_source_timestamp":19741831850891,"circlet_count":0,"master_deck":["Defend_G","Defend_G","Defend_G","Defend_G","Defend_G","Strike_G","Strike_G","Strike_G","Strike_G","Strike_G","Survivor","Neutralize","Forethought","Sucker Punch","Mind Blast+1","Deep Breath","Backflip","Calculated Gamble","Slice","Choke"],"relics":["Ring of the Snake","Mercury Hourglass","Dream Catcher","Bag of Marbles"],"potions_floor_usage":[7,8],"damage_taken":[{"damage":12,"enemies":"Jaw Worm","floor":1,"turns":4},{"damage":0,"enemies":"Cultist","floor":4,"turns":6},{"damage":0,"enemies":"2 Louse","floor":5,"turns":2},{"damage":24,"enemies":"Gremlin Nob","floor":7,"turns":5},{"damage":10,"enemies":"3 Sentries","floor":8,"turns":6},{"damage":25,"enemies":"Lagavulin","floor":10,"turns":3}],"seed_played":"-7430719866976258734","potions_obtained":[{"floor":1,"key":"EssenceOfSteel"},{"floor":7,"key":"FearPotion"}],"is_trial":false,"path_per_floor":["M","?","$","M","M","R","?","E","T","E"],"character_chosen":"THE_SILENT","items_purchased":["Deep Breath"],"campfire_rested":0,"item_purchase_floors":[3],"current_hp_per_floor":[58,58,58,58,58,58,34,24,24,0],"gold":152,"neow_bonus":"RANDOM_COLORLESS","is_prod":false,"is_daily":false,"chose_seed":false,"campfire_upgraded":1,"win_rate":0,"timestamp":1553031404,"path_taken":["M","?","?","M","?","R","?","E","T","E"],"build_version":"2019-01-23","purchased_purges":0,"victory":false,"max_hp_per_floor":[70,70,70,70,70,70,70,70,70,70],"card_choices":[{"not_picked":["Poisoned Stab","Bane"],"picked":"Sucker Punch","floor":1},{"not_picked":["Predator","Expertise"],"picked":"Backflip","floor":4},{"not_picked":["Predator","PiercingWail"],"picked":"Calculated Gamble","floor":5},{"not_picked":["Underhanded Strike","Masterful Stab"],"picked":"Slice","floor":7},{"not_picked":["Concentrate","Slice"],"picked":"Choke","floor":8}],"player_experience":135205,"relics_obtained":[{"floor":7,"key":"Mercury Hourglass"},{"floor":8,"key":"Dream Catcher"},{"floor":9,"key":"Bag of Marbles"}],"event_choices":[{"damage_healed":0,"gold_gain":0,"player_choice":"1 cards matched","damage_taken":0,"max_hp_gain":0,"max_hp_loss":0,"event_name":"Match and Keep!","floor":2,"gold_loss":0,"cards_obtained":["Mind Blast"]},{"damage_healed":0,"gold_gain":0,"player_choice":"Searched \u00272\u0027 times","damage_taken":0,"max_hp_gain":0,"max_hp_loss":0,"event_name":"Dead Adventurer","floor":7,"gold_loss":0}],"is_beta":false,"boss_relics":[],"items_purged_floors":[],"is_endless":false,"potions_floor_spawned":[1,7],"killed_by":"Lagavulin","ascension_level":3}