{"gold_per_floor":[117,135,145,163,231,259,278,278,278,298,148,148,166,240,240,240],"floor_reached":16,"playtime":554,"items_purged":[],"score":104,"play_id":"090f2a6a-010c-46d8-9f76-c3a1cd3397f0","local_time":"20190705124415","is_ascension_mode":false,"campfire_choices":[{"floor":12,"key":"REST"},{"floor":15,"key":"REST"}],"neow_cost":"NONE","seed_source_timestamp":401931576084350,"circlet_count":0,"master_deck":["Strike_R","Strike_R","Strike_R","Strike_R","Strike_R","Defend_R","Defend_R","Defend_R","Defend_R","Bash","Clash","Clash","Double Tap","Thunderclap","Sword Boomerang","Cleave","Shrug It Off","Feed"],"relics":["Burning Blood","NeowsBlessing","Paper Frog","Pen Nib","Golden Idol","Darkstone Periapt","Bag of Marbles","Gremlin Horn"],"potions_floor_usage":[7,16],"damage_taken":[{"damage":0,"enemies":"Cultist","floor":1,"turns":1},{"damage":0,"enemies":"2 Louse","floor":2,"turns":1},{"damage":0,"enemies":"Jaw Worm","floor":3,"turns":1},{"damage":3,"enemies":"Red Slaver","floor":4,"turns":2},{"damage":26,"enemies":"Lagavulin","floor":6,"turns":4},{"damage":9,"enemies":"2 Fungi Beasts","floor":7,"turns":3},{"damage":19,"enemies":"Gremlin Gang","floor":10,"turns":4},{"damage":0,"enemies":"Exordium Wildlife","floor":13,"turns":1},{"damage":88,"enemies":"Slime Boss","floor":16,"turns":10}],"seed_played":"1486238060620565540","potions_obtained":[{"floor":1,"key":"FearPotion"},{"floor":6,"key":"Energy Potion"},{"floor":7,"key":"Fruit Juice"},{"floor":13,"key":"SneckoOil"}],"is_trial":false,"path_per_floor":["M","M","M","M","T","E","M","?","T","M","$","R","M","T","R","B"],"character_chosen":"IRONCLAD","items_purchased":["Bag of Marbles"],"campfire_rested":2,"item_purchase_floors":[11],"current_hp_per_floor":[80,80,80,80,80,60,62,41,41,28,28,53,59,59,84,0],"gold":240,"neow_bonus":"THREE_ENEMY_KILL","is_prod":false,"is_daily":false,"chose_seed":false,"campfire_upgraded":0,"win_rate":0.0,"timestamp":1562341455,"path_taken":["M","M","M","M","?","E","?","?","T","M","$","R","M","?","R","BOSS"],"build_version":"2019-07-01","purchased_purges":0,"victory":false,"max_hp_per_floor":[80,80,80,80,80,80,85,85,85,85,85,85,85,85,85,85],"card_choices":[{"not_picked":["Twin Strike","Flex"],"picked":"Clash","floor":1},{"not_picked":["Sword Boomerang","Warcry"],"picked":"Clash","floor":2},{"not_picked":["Heavy Blade","Warcry"],"picked":"Double Tap","floor":3},{"not_picked":["Clash","Disarm"],"picked":"Thunderclap","floor":4},{"not_picked":["Shockwave","Sever Soul"],"picked":"Sword Boomerang","floor":6},{"not_picked":["Flame Barrier","Warcry"],"picked":"Cleave","floor":7},{"not_picked":["Sword Boomerang","Thunderclap"],"picked":"Shrug It Off","floor":10},{"not_picked":["Twin Strike","Corruption"],"picked":"Feed","floor":13}],"player_experience":56661,"relics_obtained":[{"floor":5,"key":"Paper Frog"},{"floor":6,"key":"Pen Nib"},{"floor":9,"key":"Darkstone Periapt"},{"floor":14,"key":"Gremlin Horn"}],"event_choices":[{"damage_healed":0,"gold_gain":0,"player_choice":"Take Damage","damage_taken":21,"relics_obtained":["Golden Idol"],"max_hp_gain":0,"max_hp_loss":0,"event_name":"Golden Idol","floor":8,"gold_loss":0}],"is_beta":false,"boss_relics":[],"items_purged_floors":[],"is_endless":false,"potions_floor_spawned":[1,6,7,13],"killed_by":"Slime Boss","ascension_level":0}