{"gold_per_floor":[114,125,125,50,50,85,85,85,85,104,133,133,149,187,187,283,283,303,303,67,90,109,109,109,149,231,252,271,271,314,328,328,423,423,444,459,792,772,772,772,772],"floor_reached":41,"playtime":3086,"items_purged":["Fire Breathing"],"score":887,"play_id":"932f2b8b-d76b-4db4-9041-aeb7bc0e5e70","local_time":"20190619003511","is_ascension_mode":true,"campfire_choices":[{"data":"Armaments","floor":7,"key":"SMITH"},{"floor":15,"key":"REST"},{"floor":24,"key":"REST"},{"data":"Ghostly Armor","floor":29,"key":"SMITH"},{"floor":32,"key":"REST"},{"floor":40,"key":"REST"}],"neow_cost":"NONE","seed_source_timestamp":600718977331192,"circlet_count":0,"master_deck":["AscendersBane","Bash+1","Inflame","Battle Trance","Armaments+1","Flame Barrier","Flame Barrier","Carnage+1","Reaper+1","Juggernaut","Anger+1","Warcry","Pummel+1","Dropkick+1","Power Through","Intimidate","Inflame","Body Slam+1","Rampage+1","Reaper+1","Blood for Blood+1","Ghostly Armor+1","Carnage+1","Pommel Strike+1","Dark Embrace","Havoc+1"],"relics":["Black Blood","NeowsBlessing","Molten Egg 2","Anchor","Odd Mushroom","Omamori","Pandora\u0027s Box","Blood Vial","FaceOfCleric","Dream Catcher","Bottled Flame","Pen Nib"],"potions_floor_usage":[11,14,14,25,28,33,39],"damage_taken":[{"damage":0,"enemies":"2 Louse","floor":1,"turns":1},{"damage":0,"enemies":"Small Slimes","floor":2,"turns":1},{"damage":0,"enemies":"Lagavulin","floor":6,"turns":1},{"damage":0,"enemies":"Jaw Worm","floor":10,"turns":3},{"damage":21,"enemies":"The Mushroom Lair","floor":11,"turns":5},{"damage":0,"enemies":"2 Fungi Beasts","floor":13,"turns":4},{"damage":23,"enemies":"Gremlin Nob","floor":14,"turns":5},{"damage":51,"enemies":"Slime Boss","floor":16,"turns":13},{"damage":33,"enemies":"Spheric Guardian","floor":18,"turns":5},{"damage":18,"enemies":"Shell Parasite","floor":21,"turns":5},{"damage":12,"enemies":"Snecko","floor":22,"turns":4},{"damage":17,"enemies":"Gremlin Leader","floor":25,"turns":7},{"damage":10,"enemies":"3 Cultists","floor":27,"turns":5},{"damage":17,"enemies":"Cultist and Chosen","floor":28,"turns":6},{"damage":35,"enemies":"Book of Stabbing","floor":30,"turns":6},{"damage":24,"enemies":"Centurion and Healer","floor":31,"turns":7},{"damage":66,"enemies":"Champ","floor":33,"turns":12},{"damage":76,"enemies":"3 Darklings","floor":35,"turns":6},{"damage":22,"enemies":"Orb Walker","floor":36,"turns":3},{"damage":0,"enemies":"Spire Growth","floor":39,"turns":2},{"damage":83,"enemies":"Nemesis","floor":41,"turns":6}],"seed_played":"7746593486784655622","potions_obtained":[{"floor":6,"key":"FearPotion"},{"floor":10,"key":"SkillPotion"},{"floor":13,"key":"GamblersBrew"},{"floor":16,"key":"Ancient Potion"},{"floor":18,"key":"Weak Potion"},{"floor":21,"key":"Explosive Potion"},{"floor":28,"key":"Fruit Juice"},{"floor":30,"key":"AttackPotion"},{"floor":33,"key":"Strength Potion"},{"floor":38,"key":"SmokeBomb"}],"is_trial":false,"path_per_floor":["M","M","?","?","?","E","R","?","T","M","?","?","M","E","R","B",null,"M","?","$","M","M","?","R","E","T","M","M","R","E","M","R","B",null,"M","M","?","?","M","R","E"],"character_chosen":"IRONCLAD","items_purchased":["Blood Vial"],"campfire_rested":4,"item_purchase_floors":[20],"current_hp_per_floor":[74,75,75,75,49,55,55,55,55,61,46,51,57,40,64,29,67,41,41,41,31,38,38,62,72,72,78,82,82,56,65,90,41,79,25,23,23,23,36,64,0],"gold":772,"neow_bonus":"THREE_ENEMY_KILL","is_prod":false,"is_daily":false,"chose_seed":false,"campfire_upgraded":2,"win_rate":0,"timestamp":1560918911,"path_taken":["M","M","?","?","?","E","R","?","T","?","?","?","M","E","R","BOSS","M","?","$","M","M","?","R","E","T","?","M","R","E","M","R","BOSS","M","M","?","?","M","R","E"],"build_version":"2019-06-17v2","purchased_purges":1,"victory":false,"max_hp_per_floor":[75,75,75,75,75,75,75,75,75,75,75,80,80,80,80,80,80,80,80,80,80,80,80,80,81,81,82,88,88,89,90,90,91,91,92,93,93,93,94,94,94],"card_choices":[{"not_picked":["Sword Boomerang","Clothesline"],"picked":"Inflame","floor":1},{"not_picked":["Havoc","Twin Strike"],"picked":"Battle Trance","floor":2},{"not_picked":["Sword Boomerang","Cleave"],"picked":"Armaments","floor":6},{"not_picked":["Perfected Strike+1","Iron Wave+1"],"picked":"Flame Barrier","floor":10},{"not_picked":["Havoc","Perfected Strike+1"],"picked":"Flame Barrier","floor":11},{"not_picked":["Sever Soul+1","Wild Strike+1"],"picked":"Carnage+1","floor":13},{"not_picked":["Feed+1","Warcry"],"picked":"Reaper+1","floor":14},{"not_picked":["Brutality","Berserk"],"picked":"Juggernaut","floor":16},{"not_picked":["Thunderclap+1","Shockwave","Flame Barrier"],"picked":"SKIP","floor":18},{"not_picked":["True Grit","Flex"],"picked":"Body Slam+1","floor":21},{"not_picked":["Armaments","Thunderclap+1"],"picked":"Rampage+1","floor":22},{"not_picked":["Inflame+1","Metallicize"],"picked":"Reaper+1","floor":25},{"not_picked":["Clash+1","Heavy Blade+1"],"picked":"Blood for Blood+1","floor":27},{"not_picked":["Heavy Blade+1","Anger+1"],"picked":"Ghostly Armor","floor":28},{"not_picked":["Pommel Strike+1","Feel No Pain"],"picked":"Carnage+1","floor":30},{"not_picked":["Dropkick+1","Wild Strike+1"],"picked":"Pommel Strike+1","floor":31},{"not_picked":["Feed+1","Berserk"],"picked":"Dark Embrace","floor":33},{"not_picked":["Twin Strike+1","Blood for Blood+1"],"picked":"Havoc+1","floor":35},{"not_picked":["Intimidate","Clothesline+1","Thunderclap+1"],"picked":"SKIP","floor":36}],"player_experience":617189,"relics_obtained":[{"floor":6,"key":"Molten Egg 2"},{"floor":9,"key":"Anchor"},{"floor":11,"key":"Odd Mushroom"},{"floor":14,"key":"Omamori"},{"floor":25,"key":"Dream Catcher"},{"floor":26,"key":"Bottled Flame"},{"floor":30,"key":"Pen Nib"}],"event_choices":[{"damage_healed":0,"gold_gain":0,"player_choice":"Grow","damage_taken":0,"max_hp_gain":0,"max_hp_loss":0,"event_name":"Living Wall","floor":3,"gold_loss":0,"cards_upgraded":["Bash"]},{"cards_removed":["Strike_R"],"damage_healed":0,"gold_gain":0,"player_choice":"Card Removal","damage_taken":0,"max_hp_gain":0,"max_hp_loss":0,"event_name":"The Cleric","floor":4,"gold_loss":75},{"damage_healed":0,"gold_gain":0,"player_choice":"Take Damage","damage_taken":26,"relics_obtained":["Golden Idol"],"max_hp_gain":0,"max_hp_loss":0,"event_name":"Golden Idol","floor":5,"gold_loss":0},{"damage_healed":0,"gold_gain":0,"player_choice":"Ignored","damage_taken":0,"max_hp_gain":0,"max_hp_loss":0,"event_name":"Liars Game","floor":8,"gold_loss":0},{"damage_healed":0,"gold_gain":0,"player_choice":"Fought Mushrooms","damage_taken":0,"max_hp_gain":0,"max_hp_loss":0,"event_name":"Mushrooms","floor":11,"gold_loss":0},{"damage_healed":0,"gold_gain":0,"player_choice":"Donut","damage_taken":0,"max_hp_gain":5,"max_hp_loss":0,"event_name":"Big Fish","floor":12,"gold_loss":0},{"damage_healed":0,"gold_gain":0,"player_choice":"Ignored","damage_taken":0,"max_hp_gain":0,"max_hp_loss":0,"event_name":"The Mausoleum","floor":19,"gold_loss":0},{"damage_healed":0,"gold_gain":0,"player_choice":"Trade","damage_taken":0,"relics_obtained":["FaceOfCleric"],"max_hp_gain":0,"max_hp_loss":0,"event_name":"FaceTrader","floor":23,"gold_loss":0},{"damage_healed":0,"gold_gain":333,"player_choice":"Gave Idol","damage_taken":0,"max_hp_gain":0,"max_hp_loss":0,"event_name":"The Moai Head","floor":37,"relics_lost":["Golden Idol"],"gold_loss":0},{"damage_healed":0,"gold_gain":0,"player_choice":"Bought 1 Potion","damage_taken":0,"max_hp_gain":0,"max_hp_loss":0,"event_name":"The Woman in Blue","floor":38,"gold_loss":0}],"is_beta":true,"boss_relics":[{"not_picked":["Runic Pyramid","Mark of Pain"],"picked":"Pandora\u0027s Box"},{"not_picked":["Runic Cube","Lizard Tail"],"picked":"Black Blood"}],"items_purged_floors":[20],"is_endless":false,"potions_floor_spawned":[6,10,13,16,18,21,28,30,33,39],"killed_by":"Nemesis","ascension_level":17}