{"gold_per_floor":[214,214,226,226,39,39,58,92,92,151,151,183,183,183,183,285,285,301,12,111,36,47,47],"floor_reached":23,"playtime":1127,"items_purged":["Regret"],"score":234,"play_id":"44d63a28-65d5-4344-a098-0c9f23321698","local_time":"20190627223931","is_ascension_mode":true,"campfire_choices":[{"data":"Skewer","floor":6,"key":"SMITH"},{"floor":11,"key":"REST"},{"data":"Footwork","floor":13,"key":"SMITH"},{"floor":15,"key":"REST"}],"neow_cost":"NONE","seed_source_timestamp":297859280475500,"circlet_count":0,"master_deck":["Defend_G+1","Defend_G","Defend_G+1","Defend_G","Strike_G","Strike_G","Strike_G","Strike_G","Strike_G","Survivor","Neutralize","Dagger Spray","Poisoned Stab","Skewer+1","Footwork+1","Infinite Blades","Flying Knee","Deflect","Catalyst","Blind","After Image","Dodge and Roll+1","Caltrops","Dagger Throw","Flash of Steel","Quick Slash+1"],"relics":["Ring of the Snake","Question Card","Meat on the Bone","Bottled Tornado","Bottled Flame","Busted Crown"],"potions_floor_usage":[8,16],"damage_taken":[{"damage":0,"enemies":"Small Slimes","floor":1,"turns":3},{"damage":7,"enemies":"Jaw Worm","floor":3,"turns":5},{"damage":0,"enemies":"Cultist","floor":7,"turns":4},{"damage":11,"enemies":"Gremlin Nob","floor":8,"turns":3},{"damage":24,"enemies":"3 Sentries","floor":12,"turns":6},{"damage":28,"enemies":"The Guardian","floor":16,"turns":14},{"damage":15,"enemies":"3 Byrds","floor":18,"turns":7},{"damage":2,"enemies":"Shell Parasite","floor":22,"turns":6},{"damage":54,"enemies":"Slavers","floor":23,"turns":4}],"seed_played":"-6932627424101260835","potions_obtained":[{"floor":1,"key":"Poison Potion"},{"floor":8,"key":"PowerPotion"},{"floor":12,"key":"Energy Potion"},{"floor":22,"key":"Energy Potion"}],"is_trial":false,"path_per_floor":["M","?","M","?","$","R","M","E","T","?","R","E","R","?","R","B",null,"M","$","?","?","M","E"],"character_chosen":"THE_SILENT","items_purchased":["LiquidBronze","Skewer","Footwork","Caltrops","Dagger Throw","Flash of Steel"],"campfire_rested":2,"item_purchase_floors":[5,5,5,19,19,19],"current_hp_per_floor":[70,70,63,49,49,49,49,38,38,38,59,47,47,47,68,40,70,55,55,55,55,53,0],"gold":47,"neow_bonus":"HUNDRED_GOLD","is_prod":false,"is_daily":false,"chose_seed":false,"campfire_upgraded":2,"win_rate":0,"timestamp":1561689571,"path_taken":["M","?","M","?","$","R","M","E","T","?","R","E","R","?","R","BOSS","M","$","?","?","M","E"],"build_version":"2019-01-23","purchased_purges":1,"victory":false,"max_hp_per_floor":[70,70,70,70,70,70,70,70,70,70,70,70,70,70,70,70,70,70,70,70,70,70,70],"card_choices":[{"not_picked":["Escape Plan","Backflip"],"picked":"Dagger Spray","floor":1},{"not_picked":["Cloak And Dagger","Acrobatics","Prepared"],"picked":"Poisoned Stab","floor":3},{"not_picked":["Terror","Backflip","Flechettes"],"picked":"Infinite Blades","floor":7},{"not_picked":["Concentrate","Sucker Punch","Accuracy"],"picked":"Flying Knee","floor":8},{"not_picked":["Reflex","Poisoned Stab","Skewer"],"picked":"Deflect","floor":12},{"not_picked":["Storm of Steel","Adrenaline","Tools of the Trade"],"picked":"After Image","floor":16},{"not_picked":["Slice+1"],"picked":"Dodge and Roll+1","floor":18},{"not_picked":["Poisoned Stab+1"],"picked":"Quick Slash+1","floor":22}],"player_experience":189118,"relics_obtained":[{"floor":8,"key":"Meat on the Bone"},{"floor":9,"key":"Bottled Tornado"},{"floor":12,"key":"Bottled Flame"}],"event_choices":[{"damage_healed":0,"gold_gain":0,"player_choice":"Box","damage_taken":0,"relics_obtained":["Question Card"],"max_hp_gain":0,"max_hp_loss":0,"event_name":"Big Fish","floor":2,"gold_loss":0,"cards_obtained":["Regret"]},{"damage_healed":0,"gold_gain":0,"player_choice":"Entered Light","damage_taken":14,"max_hp_gain":0,"max_hp_loss":0,"event_name":"Shining Light","floor":4,"gold_loss":0,"cards_upgraded":["Defend_G","Defend_G"]},{"damage_healed":0,"gold_gain":59,"player_choice":"Gained Gold","damage_taken":0,"max_hp_gain":0,"max_hp_loss":0,"event_name":"Golden Wing","floor":10,"gold_loss":0},{"damage_healed":0,"gold_gain":0,"player_choice":"2 cards matched","damage_taken":0,"max_hp_gain":0,"max_hp_loss":0,"event_name":"Match and Keep!","floor":14,"gold_loss":0,"cards_obtained":["Catalyst","Blind"]},{"damage_healed":0,"gold_gain":99,"player_choice":"Stole From Cult","damage_taken":0,"max_hp_gain":0,"max_hp_loss":0,"event_name":"Nest","floor":20,"gold_loss":0},{"cards_removed":["Defend_G"],"damage_healed":0,"gold_gain":0,"player_choice":"Gave Gold","damage_taken":0,"max_hp_gain":0,"max_hp_loss":0,"event_name":"Beggar","floor":21,"gold_loss":75}],"is_beta":false,"boss_relics":[{"not_picked":["White Beast Statue","Snecko Eye"],"picked":"Busted Crown"}],"items_purged_floors":[19],"is_endless":false,"potions_floor_spawned":[1,8,12,22],"killed_by":"Slavers","ascension_level":4}