{"gold_per_floor":[116,116,116,129,204,204,230,230,256,256,256,284,294,294,294,294],"floor_reached":16,"playtime":512,"items_purged":[],"score":197,"play_id":"7bf8199b-1346-4f65-8ce6-fd2ffea93045","local_time":"20190708073330","is_ascension_mode":true,"campfire_choices":[{"data":"Backflip","floor":6,"key":"SMITH"},{"data":"Concentrate","floor":8,"key":"SMITH"},{"floor":10,"key":"REST"},{"floor":15,"key":"DIG"}],"neow_cost":"NONE","seed_source_timestamp":283250426317698,"circlet_count":0,"master_deck":["AscendersBane","Strike_G","Strike_G","Strike_G","Strike_G","Strike_G","Defend_G","Defend_G","Defend_G","Defend_G","Defend_G","Survivor","Neutralize","Concentrate+1","Backflip+1","Die Die Die+1","Dagger Spray+1"],"relics":["Ring of the Snake","NeowsBlessing","Blood Vial","Molten Egg 2","Potion Belt","Shovel","Smiling Mask","Paper Crane"],"potions_floor_usage":[16],"damage_taken":[{"damage":0,"enemies":"Jaw Worm","floor":1,"turns":1},{"damage":0,"enemies":"2 Louse","floor":4,"turns":1},{"damage":0,"enemies":"Gremlin Nob","floor":7,"turns":1},{"damage":21,"enemies":"3 Sentries","floor":12,"turns":10},{"damage":4,"enemies":"Small Slimes","floor":13,"turns":3},{"damage":51,"enemies":"Slime Boss","floor":16,"turns":9}],"seed_played":"-256273696936695178","potions_obtained":[{"floor":12,"key":"Dexterity Potion"}],"is_trial":false,"path_per_floor":["M","?","?","M","?","R","E","R","T","R","?","E","M","?","R","B"],"character_chosen":"THE_SILENT","items_purchased":[],"campfire_rested":1,"item_purchase_floors":[],"current_hp_per_floor":[63,51,51,53,42,42,44,44,44,65,65,46,44,49,49,0],"gold":294,"neow_bonus":"THREE_ENEMY_KILL","is_prod":false,"is_daily":false,"chose_seed":false,"campfire_upgraded":2,"win_rate":0,"timestamp":1562585610,"path_taken":["M","?","?","M","?","R","E","R","T","R","?","E","?","?","R","BOSS"],"build_version":"2019-07-03","purchased_purges":0,"victory":false,"max_hp_per_floor":[70,70,70,70,70,70,70,70,70,70,70,70,70,75,75,75],"card_choices":[{"not_picked":["Dagger Throw","Slice"],"picked":"Concentrate","floor":1},{"not_picked":["Blade Dance","Quick Slash"],"picked":"Backflip","floor":4},{"not_picked":["Slice","Blade Dance"],"picked":"Die Die Die","floor":7},{"not_picked":["Phantasmal Killer","Slice+1"],"picked":"Dagger Spray+1","floor":12},{"not_picked":["Poisoned Stab+1","Slice+1","Sucker Punch+1"],"picked":"SKIP","floor":13}],"player_experience":700300,"relics_obtained":[{"floor":7,"key":"Molten Egg 2"},{"floor":9,"key":"Potion Belt"},{"floor":12,"key":"Smiling Mask"},{"floor":15,"key":"Paper Crane"}],"event_choices":[{"damage_healed":0,"gold_gain":0,"player_choice":"Success","damage_taken":12,"relics_obtained":["Blood Vial"],"max_hp_gain":0,"max_hp_loss":0,"event_name":"Scrap Ooze","floor":2,"gold_loss":0},{"damage_healed":0,"gold_gain":0,"player_choice":"Ignored","damage_taken":0,"max_hp_gain":0,"max_hp_loss":0,"event_name":"Liars Game","floor":3,"gold_loss":0},{"damage_healed":0,"gold_gain":75,"player_choice":"Gather Gold","damage_taken":11,"max_hp_gain":0,"max_hp_loss":0,"event_name":"World of Goop","floor":5,"gold_loss":0},{"damage_healed":0,"gold_gain":0,"player_choice":"Searched \u00271\u0027 times","damage_taken":0,"relics_obtained":["Shovel"],"max_hp_gain":0,"max_hp_loss":0,"event_name":"Dead Adventurer","floor":11,"gold_loss":0},{"damage_healed":0,"gold_gain":0,"player_choice":"Donut","damage_taken":0,"max_hp_gain":5,"max_hp_loss":0,"event_name":"Big Fish","floor":14,"gold_loss":0}],"is_beta":true,"boss_relics":[],"items_purged_floors":[],"is_endless":false,"potions_floor_spawned":[12],"killed_by":"Slime Boss","ascension_level":10}