{"gold_per_floor":[17,117,136,147,159,159,172,172,199,216,216,257,308,27,27,148,148,134,149,149,172,172,172,211,234,286,321,337,352,352,372,372,495,495,509,69,69,84,39,39,164,164,191,191,209,209,227,292,292,292],"floor_reached":51,"playtime":1347,"items_purged":["Strike_R","Fiend Fire"],"score":867,"play_id":"657ecf85-5ffd-4ed7-9317-cfe66d3ba6c6","local_time":"20190709161433","is_ascension_mode":true,"campfire_choices":[{"data":"Entrench","floor":6.0,"key":"SMITH"},{"data":"Bludgeon","floor":8.0,"key":"SMITH"},{"data":"Body Slam","floor":15.0,"key":"SMITH"},{"data":"Flame Barrier","floor":23.0,"key":"SMITH"},{"data":"Immolate","floor":30,"key":"SMITH"},{"floor":32,"key":"REST"},{"data":"True Grit","floor":40,"key":"SMITH"},{"data":"Whirlwind","floor":42,"key":"SMITH"},{"data":"Jack Of All Trades","floor":44,"key":"SMITH"},{"data":"Dual Wield","floor":49,"key":"SMITH"}],"neow_cost":"NO_GOLD","seed_source_timestamp":0,"circlet_count":0,"master_deck":["Strike_R","Strike_R","Strike_R","Defend_R+1","Defend_R","Defend_R","Defend_R+1","Bash","Bludgeon+1","Thunderclap","Headbutt","Entrench+1","Shrug It Off","Iron Wave","Body Slam+1","Shrug It Off","Flame Barrier+1","Necronomicurse","Shrug It Off+1","True Grit+1","Immolate+1","Whirlwind+1","Whirlwind+1","Shrug It Off","Infernal Blade+1","Shrug It Off","Jack Of All Trades+1","Shrug It Off","Flex","Dropkick","Corruption","Dual Wield+1"],"special_seed":0,"relics":["Burning Blood","Dream Catcher","Golden Idol","Ancient Tea Set","Oddly Smooth Stone","Chemical X","Mark of Pain","Necronomicon","Bronze Scales","War Paint","Thread and Needle","Sozu","Du-Vu Doll","Nunchaku","Vajra","Unceasing Top"],"potions_floor_usage":[27,27,27,29,29,33],"damage_taken":[{"damage":0.0,"enemies":"2 Louse","floor":1.0,"turns":3.0},{"damage":6.0,"enemies":"Cultist","floor":3.0,"turns":3.0},{"damage":0.0,"enemies":"Small Slimes","floor":4.0,"turns":3.0},{"damage":14.0,"enemies":"Blue Slaver","floor":5.0,"turns":5.0},{"damage":2.0,"enemies":"Exordium Wildlife","floor":7.0,"turns":5.0},{"damage":12.0,"enemies":"Large Slime","floor":10.0,"turns":6.0},{"damage":24.0,"enemies":"Lagavulin","floor":12.0,"turns":6.0},{"damage":46.0,"enemies":"Slime Boss","floor":16.0,"turns":12.0},{"damage":13.0,"enemies":"2 Thieves","floor":18.0,"turns":4.0},{"damage":9.0,"enemies":"3 Byrds","floor":19.0,"turns":7.0},{"damage":11.0,"enemies":"Snake Plant","floor":21.0,"turns":4.0},{"damage":18.0,"enemies":"Book of Stabbing","floor":24.0,"turns":4.0},{"damage":6,"enemies":"Centurion and Healer","floor":25,"turns":5},{"damage":7,"enemies":"Slavers","floor":27,"turns":6},{"damage":0,"enemies":"Sentry and Sphere","floor":28,"turns":2},{"damage":3,"enemies":"Snake Plant","floor":29,"turns":2},{"damage":6,"enemies":"Snecko","floor":31,"turns":3},{"damage":37,"enemies":"Automaton","floor":33,"turns":8},{"damage":0,"enemies":"3 Darklings","floor":35,"turns":1},{"damage":0,"enemies":"Orb Walker","floor":38,"turns":3},{"damage":0,"enemies":"Mind Bloom Boss Battle","floor":41,"turns":3},{"damage":0,"enemies":"Jaw Worm Horde","floor":45,"turns":2},{"damage":8,"enemies":"4 Shapes","floor":47,"turns":1},{"damage":0,"enemies":"2 Orb Walkers","floor":48,"turns":2},{"damage":38,"enemies":"Donu and Deca","floor":50,"turns":5}],"seed_played":"7190429110141642368","potions_obtained":[{"floor":3.0,"key":"SteroidPotion"},{"floor":4.0,"key":"Swift Potion"},{"floor":12.0,"key":"Ancient Potion"},{"floor":16.0,"key":"Explosive Potion"},{"floor":21.0,"key":"EntropicBrew"},{"floor":25,"key":"Weak Potion"},{"floor":27,"key":"Poison Potion"},{"floor":28,"key":"Poison Potion"},{"floor":31,"key":"SkillPotion"}],"is_trial":false,"path_per_floor":["M","?","M","M","M","R","M","R","T","M","?","E","T","$","R","B",null,"M","M","?","M","?","R","E","M","T","E","M","M","R","M","R","B",null,"M","$","?","M","$","R","?","R","T","R","M","?","M","?","R","B",null],"character_chosen":"IRONCLAD","items_purchased":["Chemical X","Du-Vu Doll","Shrug It Off","Flex"],"campfire_rested":1,"item_purchase_floors":[14,36,36,39],"current_hp_per_floor":[80,80,80,80,72,72,76,76,76,70,70,52,52,52,52,12,74,67,64,64,59,43,43,31,31,31,30,36,39,39,39,61,30,74,74,74,74,74,74,74,74,74,74,74,74,74,72,74,74,42],"gold":292,"neow_bonus":"THREE_RARE_CARDS","is_prod":false,"is_daily":false,"chose_seed":false,"campfire_upgraded":9,"win_rate":0,"timestamp":1562703273,"path_taken":["M","?","?","M","M","R","M","R","T","M","?","E","?","?","R","BOSS","M","M","?","M","?","R","E","M","T","E","M","M","R","M","R","BOSS","M","$","?","M","$","R","?","R","T","R","M","?","?","?","R","BOSS"],"build_version":"2019-01-23","purchased_purges":2,"victory":true,"max_hp_per_floor":[80,80,80,80,80,80,80,80,80,80,74,74,74,74,74,74,74,74,74,74,74,74,74,74,74,74,74,74,74,74,74,74,74,74,74,74,74,74,74,74,74,74,74,74,74,74,74,74,74,74],"card_choices":[{"not_picked":["Brutality","Berserk"],"picked":"Bludgeon","floor":0.0},{"not_picked":["Fire Breathing","Dropkick"],"picked":"Thunderclap","floor":1.0},{"not_picked":["Sentinel","Cleave"],"picked":"Headbutt","floor":3.0},{"not_picked":["Rampage","Thunderclap"],"picked":"Entrench","floor":4.0},{"not_picked":["Anger","Flex"],"picked":"Shrug It Off","floor":5.0},{"not_picked":["Limit Break","Thunderclap"],"picked":"Iron Wave","floor":7.0},{"not_picked":["Headbutt","Heavy Blade"],"picked":"Body Slam","floor":10.0},{"not_picked":["Disarm","Reckless Charge"],"picked":"Shrug It Off","floor":12.0},{"not_picked":["Limit Break","Exhume"],"picked":"Fiend Fire","floor":16.0},{"not_picked":["Iron Wave+1","Clothesline"],"picked":"Flame Barrier","floor":18.0},{"not_picked":["Headbutt","Clash","Armaments"],"picked":"SKIP","floor":19.0},{"not_picked":["Twin Strike","Searing Blow","Pommel Strike"],"picked":"SKIP","floor":21.0},{"not_picked":["Blood for Blood","Inflame+1"],"picked":"Shrug It Off+1","floor":24.0},{"not_picked":["Armaments","Headbutt"],"picked":"True Grit","floor":25},{"not_picked":["Clash","Searing Blow+1","Disarm"],"picked":"SKIP","floor":27},{"not_picked":["Havoc","Flex"],"picked":"Immolate","floor":28},{"not_picked":["Thunderclap+1","Spot Weakness+1"],"picked":"Whirlwind+1","floor":29},{"not_picked":["Infernal Blade","Clash+1"],"picked":"Whirlwind","floor":31},{"not_picked":["Pommel Strike","Headbutt"],"picked":"Shrug It Off","floor":32},{"not_picked":["Wild Strike","Thunderclap"],"picked":"Infernal Blade+1","floor":35},{"not_picked":["Thinking Ahead","Dark Shackles"],"picked":"Jack Of All Trades","floor":37},{"not_picked":["Sword Boomerang","Intimidate"],"picked":"Shrug It Off","floor":38},{"not_picked":["Sentinel","Pommel Strike+1"],"picked":"Dropkick","floor":41},{"not_picked":["Warcry","Evolve+1"],"picked":"Corruption","floor":45},{"not_picked":["Pummel","Disarm","Power Through+1"],"picked":"SKIP","floor":47},{"not_picked":["Headbutt+1","Sword Boomerang"],"picked":"Dual Wield","floor":48}],"player_experience":196709,"relics_obtained":[{"floor":9.0,"key":"Dream Catcher"},{"floor":12.0,"key":"Ancient Tea Set"},{"floor":13.0,"key":"Oddly Smooth Stone"},{"floor":22.0,"key":"Necronomicon"},{"floor":24.0,"key":"Bronze Scales"},{"floor":26,"key":"War Paint"},{"floor":27,"key":"Thread and Needle"},{"floor":41,"key":"Nunchaku"},{"floor":43,"key":"Vajra"},{"floor":48,"key":"Unceasing Top"}],"event_choices":[{"damage_healed":0.0,"max_hp_gain":0.0,"max_hp_loss":0.0,"gold_gain":100.0,"event_name":"Golden Shrine","player_choice":"Pray","floor":2.0,"gold_loss":0.0,"damage_taken":0.0},{"damage_healed":0.0,"max_hp_gain":0.0,"max_hp_loss":6.0,"gold_gain":0.0,"event_name":"Golden Idol","player_choice":"Lose Max HP","floor":11.0,"gold_loss":0.0,"damage_taken":0.0,"relics_obtained":["Golden Idol"]},{"damage_healed":0.0,"max_hp_gain":0.0,"max_hp_loss":0.0,"gold_gain":0.0,"event_name":"Ghosts","player_choice":"Ignored","floor":20.0,"gold_loss":0.0,"damage_taken":0.0},{"damage_healed":0.0,"max_hp_gain":0.0,"max_hp_loss":0.0,"gold_gain":0.0,"event_name":"Cursed Tome","player_choice":"Obtained Book","floor":22.0,"gold_loss":0.0,"damage_taken":16.0},{"damage_healed":0,"gold_gain":0,"player_choice":"Memory 1","damage_taken":0,"max_hp_gain":0,"max_hp_loss":0,"event_name":"SensoryStone","floor":37,"gold_loss":0},{"damage_healed":0,"gold_gain":0,"player_choice":"Fight","damage_taken":0,"max_hp_gain":0,"max_hp_loss":0,"event_name":"MindBloom","floor":41,"gold_loss":0},{"cards_removed":["Strike_R"],"damage_healed":0,"gold_gain":0,"player_choice":"Purged","damage_taken":0,"max_hp_gain":0,"max_hp_loss":0,"event_name":"Purifier","floor":46,"gold_loss":0},{"damage_healed":0,"gold_gain":0,"player_choice":"Fight","damage_taken":0,"max_hp_gain":0,"max_hp_loss":0,"event_name":"Mysterious Sphere","floor":48,"gold_loss":0}],"is_beta":false,"boss_relics":[{"not_picked":["Ectoplasm","White Beast Statue"],"picked":"Mark of Pain"},{"not_picked":["Tiny House","Runic Cube"],"picked":"Sozu"}],"items_purged_floors":[14,36],"is_endless":false,"potions_floor_spawned":[3,4,12,16,21,25,27,28,31,35,41,45],"ascension_level":4}