{"gold_per_floor":[111,111,111,1,1,36,36,71,96,111,127,127,151,176,176,300,300,321,321,68,89,11,11],"floor_reached":23,"playtime":705,"items_purged":["Regret"],"score":286,"play_id":"647c2c58-3d13-4807-8f89-e28517abae9d","local_time":"20190409144734","is_ascension_mode":true,"campfire_choices":[{"data":"Combust","floor":7,"key":"SMITH"},{"data":"Anger","floor":12,"key":"SMITH"},{"data":"Armaments","floor":15,"key":"SMITH"}],"neow_cost":"NONE","seed_source_timestamp":425921581982988,"circlet_count":0,"master_deck":["Strike_R","Strike_R","Strike_R","Strike_R","Strike_R","Defend_R+1","Defend_R","Defend_R","Defend_R","Bash","Armaments+1","Combust+1","Thunderclap","Pommel Strike","Anger+1","Body Slam","Thunderclap","Armaments+1","Demon Form","True Grit","Bandage Up","Panacea","True Grit","Entrench"],"relics":["Burning Blood","NeowsBlessing","Meat on the Bone","Golden Idol","Blue Candle","Ginger","Pen Nib","Black Star","Ornamental Fan"],"potions_floor_usage":[13,14,16,16],"damage_taken":[{"damage":0,"enemies":"2 Louse","floor":1,"turns":1},{"damage":0,"enemies":"3 Sentries","floor":6,"turns":2},{"damage":0,"enemies":"Gremlin Nob","floor":8,"turns":1},{"damage":2,"enemies":"Cultist","floor":10,"turns":3},{"damage":3,"enemies":"Small Slimes","floor":11,"turns":2},{"damage":1,"enemies":"3 Louse","floor":13,"turns":1},{"damage":2,"enemies":"Exordium Thugs","floor":14,"turns":2},{"damage":41,"enemies":"The Guardian","floor":16,"turns":9},{"damage":50,"enemies":"3 Byrds","floor":18,"turns":6},{"damage":2,"enemies":"Chosen","floor":21,"turns":4},{"damage":48,"enemies":"Book of Stabbing","floor":23,"turns":5}],"seed_played":"-5713556632573126464","potions_obtained":[{"floor":1,"key":"Explosive Potion"},{"floor":8,"key":"Weak Potion"},{"floor":10,"key":"Swift Potion"},{"floor":13,"key":"AttackPotion"}],"is_trial":false,"path_per_floor":["M","?","?","$","?","E","R","E","T","M","M","R","M","M","R","B",null,"M","?","$","M","$","E"],"character_chosen":"IRONCLAD","items_purchased":["Combust","Ornamental Fan","Entrench"],"campfire_rested":0,"item_purchase_floors":[4,20,22],"current_hp_per_floor":[80,80,74,74,59,65,65,71,71,74,74,74,74,74,74,51,74,42,21,21,41,41,0],"gold":11,"neow_bonus":"THREE_ENEMY_KILL","is_prod":false,"is_daily":false,"chose_seed":false,"campfire_upgraded":3,"win_rate":0,"timestamp":1554835654,"path_taken":["M","?","?","$","?","E","R","E","T","M","M","R","M","M","R","BOSS","M","?","?","M","$","E"],"build_version":"2019-01-23","purchased_purges":1,"victory":false,"max_hp_per_floor":[80,80,74,74,74,74,74,74,74,74,74,74,74,74,74,74,74,74,74,74,74,74,74],"card_choices":[{"not_picked":["Uppercut","Sever Soul"],"picked":"Armaments","floor":1},{"not_picked":["Warcry","Reaper"],"picked":"Thunderclap","floor":6},{"not_picked":["Rage","Clothesline"],"picked":"Pommel Strike","floor":8},{"not_picked":["Corruption","Bloodletting"],"picked":"Anger","floor":10},{"not_picked":["Second Wind","Sword Boomerang"],"picked":"Body Slam","floor":11},{"not_picked":["Uppercut","Anger"],"picked":"Thunderclap","floor":13},{"not_picked":["Flex","Wild Strike"],"picked":"Armaments","floor":14},{"not_picked":["Berserk","Immolate"],"picked":"Demon Form","floor":16},{"not_picked":["Seeing Red+1","Havoc"],"picked":"True Grit","floor":18},{"not_picked":["Iron Wave","Sword Boomerang"],"picked":"True Grit","floor":21}],"player_experience":154375,"relics_obtained":[{"floor":6,"key":"Blue Candle"},{"floor":8,"key":"Ginger"},{"floor":9,"key":"Pen Nib"}],"event_choices":[{"damage_healed":0,"gold_gain":0,"player_choice":"Box","damage_taken":0,"relics_obtained":["Meat on the Bone"],"max_hp_gain":0,"max_hp_loss":0,"event_name":"Big Fish","floor":2,"gold_loss":0,"cards_obtained":["Regret"]},{"damage_healed":0,"gold_gain":0,"player_choice":"Lose Max HP","damage_taken":0,"relics_obtained":["Golden Idol"],"max_hp_gain":0,"max_hp_loss":6,"event_name":"Golden Idol","floor":3,"gold_loss":0},{"damage_healed":0,"gold_gain":0,"player_choice":"Entered Light","damage_taken":15,"max_hp_gain":0,"max_hp_loss":0,"event_name":"Shining Light","floor":5,"gold_loss":0,"cards_upgraded":["Defend_R","Armaments"]},{"damage_healed":0,"gold_gain":0,"player_choice":"CARD CARD ","damage_taken":21,"max_hp_gain":0,"max_hp_loss":0,"event_name":"Knowing Skull","floor":19,"potions_obtained":[],"gold_loss":0,"cards_obtained":["Bandage Up","Panacea"]},{"damage_healed":0,"gold_gain":0,"player_choice":"CARD CARD ","damage_taken":21,"max_hp_gain":0,"max_hp_loss":0,"event_name":"Knowing Skull","floor":19,"potions_obtained":[],"gold_loss":0,"cards_obtained":["Bandage Up","Panacea"]}],"is_beta":false,"boss_relics":[{"not_picked":["Runic Dome","Black Blood"],"picked":"Black Star"}],"items_purged_floors":[4],"is_endless":false,"potions_floor_spawned":[1,8,10,13],"killed_by":"Book of Stabbing","ascension_level":3}