{"gold_per_floor":[111,125,125,125,125,161,175,17,40,79,99,99,114,134,134,134],"floor_reached":16,"playtime":1948,"items_purged":["Injury"],"score":137,"play_id":"5770622b-a6d6-4dfc-ae72-dd3927cd1e56","local_time":"20190704143520","is_ascension_mode":false,"campfire_choices":[{"floor":12,"key":"REST"},{"floor":15,"key":"REST"}],"neow_cost":"NONE","seed_source_timestamp":320784542066559,"circlet_count":0,"master_deck":["Strike_B","Strike_B","Strike_B","Strike_B","Defend_B","Defend_B","Defend_B","Defend_B","Zap","Dualcast","Gash","Storm+1","Beam Cell","Leap","Redo","Heatsinks","Stack","Beam Cell","Redo","Melter"],"relics":["Cracked Core","NeowsBlessing","Golden Idol","Pen Nib","Blood Vial","Orichalcum","Mummified Hand"],"potions_floor_usage":[14,16,16],"damage_taken":[{"damage":0,"enemies":"Small Slimes","floor":1,"turns":1},{"damage":0,"enemies":"Cultist","floor":2,"turns":1},{"damage":0,"enemies":"3 Sentries","floor":6,"turns":2},{"damage":2,"enemies":"2 Louse","floor":7,"turns":3},{"damage":36,"enemies":"Lagavulin","floor":10,"turns":6},{"damage":5,"enemies":"Looter","floor":11,"turns":3},{"damage":10,"enemies":"Exordium Thugs","floor":13,"turns":4},{"damage":16,"enemies":"Large Slime","floor":14,"turns":5},{"damage":47,"enemies":"The Guardian","floor":16,"turns":9}],"seed_played":"-262208791409369629","potions_obtained":[{"floor":2,"key":"FocusPotion"},{"floor":6,"key":"SkillPotion"},{"floor":7,"key":"FearPotion"},{"floor":11,"key":"GamblersBrew"}],"is_trial":false,"path_per_floor":["M","M","?","?","?","E","M","$","T","E","M","R","M","M","R","B"],"character_chosen":"DEFECT","items_purchased":["Redo","Heatsinks"],"campfire_rested":2,"item_purchase_floors":[8,8],"current_hp_per_floor":[75,75,75,57,57,57,57,57,57,23,20,42,34,20,42,0],"gold":134,"neow_bonus":"THREE_ENEMY_KILL","is_prod":false,"is_daily":false,"chose_seed":false,"campfire_upgraded":0,"win_rate":0.0,"timestamp":1562261720,"path_taken":["M","M","?","?","?","E","M","$","T","E","M","R","M","?","R","BOSS"],"build_version":"2019-07-01","purchased_purges":1,"victory":false,"max_hp_per_floor":[75,75,75,75,75,75,75,75,75,75,75,75,75,75,75,75],"card_choices":[{"not_picked":["Go for the Eyes","Streamline"],"picked":"Gash","floor":1},{"not_picked":["Steam","Lockon"],"picked":"Storm","floor":2},{"not_picked":["Doom and Gloom","Streamline"],"picked":"Beam Cell","floor":6},{"not_picked":["Turbo","Cold Snap"],"picked":"Leap","floor":7},{"not_picked":["Reboot","Ball Lightning"],"picked":"Stack","floor":10},{"not_picked":["Streamline","Steam Power"],"picked":"Beam Cell","floor":11},{"not_picked":["Force Field","Undo"],"picked":"Redo","floor":13},{"not_picked":["Self Repair","Aggregate"],"picked":"Melter","floor":14}],"player_experience":44350,"relics_obtained":[{"floor":6,"key":"Blood Vial"},{"floor":9,"key":"Orichalcum"},{"floor":10,"key":"Mummified Hand"}],"event_choices":[{"damage_healed":0,"gold_gain":0,"player_choice":"Take Wound","damage_taken":0,"relics_obtained":["Golden Idol"],"max_hp_gain":0,"max_hp_loss":0,"event_name":"Golden Idol","floor":3,"gold_loss":0,"cards_obtained":["Injury"]},{"damage_healed":0,"gold_gain":0,"player_choice":"Success","damage_taken":18,"relics_obtained":["Pen Nib"],"max_hp_gain":0,"max_hp_loss":0,"event_name":"Scrap Ooze","floor":4,"gold_loss":0},{"damage_healed":0,"gold_gain":0,"player_choice":"Upgraded","damage_taken":0,"max_hp_gain":0,"max_hp_loss":0,"event_name":"Upgrade Shrine","floor":5,"gold_loss":0,"cards_upgraded":["Storm"]}],"is_beta":false,"boss_relics":[],"items_purged_floors":[8],"is_endless":false,"potions_floor_spawned":[2,6,7,11],"killed_by":"The Guardian","ascension_level":0}