{"gold_per_floor":[15,28,28,28,40,40,50,50,73,123,134,134,149,149,149,222,222,241,138,154,69,69,69,103,103,177,177,190,235,247,276,276,352,352,368,70,70,87,87,87,102,102,102,102,116,116,29,39,39,39,39],"floor_reached":51,"playtime":2651,"items_purged":["Strike_G","Defend_G"],"score":1325,"play_id":"8ff03217-4448-4b41-a8a3-0059d68f82e5","local_time":"20190704003436","is_ascension_mode":true,"campfire_choices":[{"data":"Catalyst","floor":6.0,"key":"SMITH"},{"data":"Concentrate","floor":8,"key":"SMITH"},{"data":"Crippling Poison","floor":12,"key":"SMITH"},{"data":"Dash","floor":15,"key":"SMITH"},{"floor":23,"key":"REST"},{"floor":25,"key":"REST"},{"data":"A Thousand Cuts","floor":27,"key":"SMITH"},{"data":"Prepared","floor":32,"key":"SMITH"},{"floor":40,"key":"REST"},{"floor":46,"key":"REST"},{"floor":49,"key":"REST"}],"neow_cost":"NO_GOLD","seed_source_timestamp":765572840655400,"circlet_count":0,"master_deck":["AscendersBane","Survivor","Catalyst+1","Concentrate+1","Dash+1","Expertise","Deadly Poison","Crippling Poison+1","Blur","Infinite Blades","A Thousand Cuts+1","After Image","Eviscerate+1","Eviscerate+1","Calculated Gamble+1","Accuracy","Blade Dance","Leg Sweep","Backflip","Noxious Fumes","Prepared+1","After Image","PiercingWail","Madness","Madness","Backflip","Backflip+1","Calculated Gamble","Well Laid Plans"],"special_seed":0,"relics":["Ring of the Snake","Strawberry","Astrolabe","PreservedInsect","Tingsha","Letter Opener","Oddly Smooth Stone","The Courier","Lizard Tail","Sundial","Ornamental Fan"],"potions_floor_usage":[16,16,24,31,38,45,50,50],"damage_taken":[{"damage":0.0,"enemies":"2 Louse","floor":1.0,"turns":4.0},{"damage":2.0,"enemies":"Jaw Worm","floor":2.0,"turns":5.0},{"damage":0.0,"enemies":"Cultist","floor":5.0,"turns":3.0},{"damage":0,"enemies":"Looter","floor":7,"turns":3},{"damage":3,"enemies":"Lots of Slimes","floor":11,"turns":3},{"damage":0,"enemies":"2 Fungi Beasts","floor":13,"turns":3},{"damage":6,"enemies":"Hexaghost","floor":16,"turns":6},{"damage":24,"enemies":"2 Thieves","floor":18,"turns":3},{"damage":6,"enemies":"3 Byrds","floor":20,"turns":3},{"damage":31,"enemies":"Gremlin Leader","floor":24,"turns":7},{"damage":4,"enemies":"Snake Plant","floor":28,"turns":4},{"damage":0,"enemies":"Centurion and Healer","floor":30,"turns":6},{"damage":0,"enemies":"Slavers","floor":31,"turns":2},{"damage":6,"enemies":"Champ","floor":33,"turns":7},{"damage":18,"enemies":"Orb Walker","floor":35,"turns":4},{"damage":11,"enemies":"3 Shapes","floor":38,"turns":5},{"damage":1,"enemies":"Writhing Mass","floor":41,"turns":7},{"damage":34,"enemies":"Spire Growth","floor":45,"turns":6},{"damage":3,"enemies":"Sphere and 2 Shapes","floor":48,"turns":3},{"damage":33,"enemies":"Time Eater","floor":50,"turns":13},{"damage":60,"enemies":"Awakened One","floor":51,"turns":8}],"seed_played":"8374308321746187715","potions_obtained":[{"floor":2.0,"key":"Dexterity Potion"},{"floor":5.0,"key":"Fire Potion"},{"floor":13,"key":"LiquidBronze"},{"floor":16,"key":"PowerPotion"},{"floor":18,"key":"Block Potion"},{"floor":24,"key":"GamblersBrew"},{"floor":33,"key":"Weak Potion"}],"is_trial":false,"path_per_floor":["M","M","?","?","M","R","M","R","T","?","M","R","M","?","R","B",null,"M","$","M","?","?","R","E","R","T","R","M","T","M","E","R","B",null,"M","$","?","M","?","R","M","?","T","$","M","R","$","M","R","B","B"],"character_chosen":"THE_SILENT","items_purchased":["Blade Dance","Sundial","Dexterity Potion","Strength Potion"],"campfire_rested":5,"item_purchase_floors":[19,36,47,47],"current_hp_per_floor":[59,57,57,57,57,57,57,57,64,64,61,61,61,61,61,55,69,45,45,39,39,39,60,29,50,50,50,46,46,46,46,46,40,65,47,47,34,23,23,44,43,43,43,43,9,30,30,27,48,15,0],"gold":39,"neow_bonus":"TRANSFORM_TWO_CARDS","is_prod":false,"is_daily":false,"chose_seed":false,"campfire_upgraded":6,"win_rate":0,"timestamp":1562171676,"path_taken":["M","M","?","?","?","R","M","R","T","?","M","R","?","?","R","BOSS","M","$","?","?","?","R","E","R","T","R","M","?","?","E","R","BOSS","M","$","?","M","?","R","M","?","T","?","M","R","$","M","R","BOSS","BOSS"],"build_version":"2019-07-01","purchased_purges":2,"victory":false,"max_hp_per_floor":[66,66,66,66,66,66,66,66,73,73,73,73,73,73,73,73,73,73,73,73,73,73,73,73,73,73,73,73,73,73,73,73,73,73,73,73,73,73,73,73,73,73,73,73,73,73,73,73,73,73,73],"card_choices":[{"not_picked":["Deadly Poison","Escape Plan"],"picked":"Dash","floor":1.0},{"not_picked":["Caltrops","Slice","Finisher"],"picked":"SKIP","floor":2.0},{"not_picked":["Caltrops","Slice","Finisher"],"picked":"SKIP","floor":2.0},{"not_picked":["Cloak And Dagger","Backflip"],"picked":"Crippling Poison","floor":5.0},{"not_picked":["Underhanded Strike","Blade Dance","Endless Agony"],"picked":"SKIP","floor":7},{"not_picked":["Bane","Expertise"],"picked":"Blur","floor":11},{"not_picked":["Cloak And Dagger","Dagger Spray"],"picked":"Infinite Blades","floor":13},{"not_picked":["Doppelganger","Die Die Die"],"picked":"After Image","floor":16},{"not_picked":["Outmaneuver+1","Poisoned Stab"],"picked":"Accuracy","floor":18},{"not_picked":["Dagger Spray","Tactician"],"picked":"Leg Sweep","floor":20},{"not_picked":["Predator","Backstab"],"picked":"Backflip","floor":24},{"not_picked":["Outmaneuver","Quick Slash"],"picked":"Noxious Fumes","floor":28},{"not_picked":["Bane","Dagger Throw"],"picked":"Prepared","floor":30},{"not_picked":["Caltrops","Dagger Spray","Endless Agony"],"picked":"SKIP","floor":31},{"not_picked":["Phantasmal Killer","Corpse Explosion"],"picked":"After Image","floor":33},{"not_picked":["Cloak And Dagger","Slice+1"],"picked":"PiercingWail","floor":35},{"not_picked":["Bane+1","Accuracy"],"picked":"Backflip","floor":38},{"not_picked":["Deflect+1","Leg Sweep"],"picked":"Backflip+1","floor":41},{"not_picked":["Quick Slash+1","Backflip+1"],"picked":"Calculated Gamble","floor":45},{"not_picked":["Heel Hook","Flying Knee"],"picked":"Well Laid Plans","floor":48}],"player_experience":747394,"relics_obtained":[{"floor":9,"key":"Strawberry"},{"floor":24,"key":"Tingsha"},{"floor":26,"key":"Letter Opener"},{"floor":29,"key":"Oddly Smooth Stone"},{"floor":31,"key":"The Courier"},{"floor":43,"key":"Ornamental Fan"}],"event_choices":[{"cards_removed":["Defend_G"],"damage_healed":0.0,"max_hp_gain":0.0,"max_hp_loss":0.0,"gold_gain":0.0,"event_name":"Living Wall","player_choice":"Forget","floor":3.0,"gold_loss":0.0,"damage_taken":0.0},{"damage_healed":0.0,"max_hp_gain":0.0,"max_hp_loss":0.0,"gold_gain":0.0,"event_name":"Match and Keep!","player_choice":"2 cards matched","floor":4.0,"gold_loss":0.0,"damage_taken":0.0,"cards_obtained":["Expertise","Deadly Poison"]},{"damage_healed":0,"gold_gain":50,"player_choice":"Pray","damage_taken":0,"max_hp_gain":0,"max_hp_loss":0,"event_name":"Golden Shrine","floor":10,"gold_loss":0},{"damage_healed":0,"gold_gain":0,"cards_transformed":["Strike_G"],"player_choice":"Transformed","damage_taken":0,"max_hp_gain":0,"max_hp_loss":0,"event_name":"Transmorgrifier","floor":14,"gold_loss":0,"cards_obtained":["A Thousand Cuts"]},{"damage_healed":0,"gold_gain":0,"player_choice":"Obtained Relic","damage_taken":0,"relics_obtained":["PreservedInsect"],"max_hp_gain":0,"max_hp_loss":0,"event_name":"Addict","floor":21,"gold_loss":85},{"cards_removed":["Strike_G"],"damage_healed":0,"gold_gain":0,"player_choice":"Elegance","damage_taken":0,"max_hp_gain":0,"max_hp_loss":0,"event_name":"Back to Basics","floor":22,"gold_loss":0},{"damage_healed":0,"gold_gain":0,"player_choice":"Embrace Madness","damage_taken":13,"max_hp_gain":0,"max_hp_loss":0,"event_name":"Winding Halls","floor":37,"gold_loss":0,"cards_obtained":["Madness","Madness"]},{"cards_removed":["Neutralize"],"damage_healed":0,"gold_gain":0,"player_choice":"Removed Attack","damage_taken":0,"max_hp_gain":0,"max_hp_loss":0,"event_name":"Falling","floor":39,"gold_loss":0},{"damage_healed":0,"gold_gain":0,"player_choice":"Memory 1","damage_taken":0,"max_hp_gain":0,"max_hp_loss":0,"event_name":"SensoryStone","floor":42,"gold_loss":0}],"is_beta":false,"boss_relics":[{"not_picked":["Tiny House","Runic Dome"],"picked":"Astrolabe"},{"not_picked":["Eternal Feather","Fusion Hammer"],"picked":"Lizard Tail"}],"items_purged_floors":[19,36],"is_endless":false,"potions_floor_spawned":[2,5,13,16,18,24,33,48],"killed_by":"Awakened One","ascension_level":20}