{"gold_per_floor":[111,136,146,157,157,157,197,197,197,197,228,228,251,251,251,251],"floor_reached":16,"playtime":781,"items_purged":[],"score":216,"play_id":"db939e66-ca91-4873-851c-39b710f58eaa","local_time":"20190709202726","is_ascension_mode":true,"campfire_choices":[{"data":"Carnage","floor":6,"key":"SMITH"},{"data":"True Grit","floor":8,"key":"SMITH"},{"floor":10,"key":"REST"},{"data":"Bash","floor":15,"key":"SMITH"}],"neow_cost":"PERCENT_DAMAGE","seed_source_timestamp":395924724336333,"circlet_count":0,"master_deck":["AscendersBane","Strike_R","Strike_R","Strike_R","Strike_R","Strike_R","Defend_R","Defend_R+1","Defend_R","Defend_R+1","Bash+1","Carnage+1","Havoc","Headbutt","True Grit+1","Pain","Feel No Pain"],"relics":["Burning Blood","Red Skull","Golden Idol","Potion Belt","War Paint","Ginger","WarpedTongs"],"potions_floor_usage":[7,16],"damage_taken":[{"damage":2,"enemies":"Cultist","floor":1,"turns":4},{"damage":6,"enemies":"Small Slimes","floor":3,"turns":3},{"damage":8,"enemies":"2 Louse","floor":4,"turns":2},{"damage":32,"enemies":"Gremlin Nob","floor":7,"turns":4},{"damage":38,"enemies":"Lagavulin","floor":11,"turns":6},{"damage":3,"enemies":"Exordium Thugs","floor":13,"turns":3},{"damage":64,"enemies":"Hexaghost","floor":16,"turns":8}],"seed_played":"-3200606300460145985","potions_obtained":[{"floor":3,"key":"SteroidPotion"},{"floor":7,"key":"Ancient Potion"},{"floor":11,"key":"LiquidBronze"}],"is_trial":false,"path_per_floor":["M","T","M","M","?","R","E","R","T","R","E","?","M","?","R","B"],"character_chosen":"IRONCLAD","items_purchased":[],"campfire_rested":1,"item_purchase_floors":[],"current_hp_per_floor":[68,68,68,66,66,66,40,40,40,64,32,32,35,62,62,0],"gold":251,"neow_bonus":"TWENTY_PERCENT_HP_BONUS","is_prod":false,"is_daily":false,"chose_seed":false,"campfire_upgraded":3,"win_rate":0,"timestamp":1562718446,"path_taken":["M","?","M","?","?","R","E","R","T","R","E","?","?","?","R","BOSS"],"build_version":"2019-07-03","purchased_purges":0,"victory":false,"max_hp_per_floor":[89,89,89,89,81,81,81,81,81,81,81,81,81,81,81,81],"card_choices":[{"not_picked":["Warcry","Entrench"],"picked":"Carnage","floor":1},{"not_picked":["Body Slam","Pummel"],"picked":"Havoc","floor":3},{"not_picked":["Berserk","Havoc"],"picked":"Headbutt","floor":4},{"not_picked":["Iron Wave","Rage"],"picked":"True Grit","floor":7},{"not_picked":["Rupture","Bloodletting","Cleave"],"picked":"SKIP","floor":11},{"not_picked":["Perfected Strike","Thunderclap"],"picked":"Feel No Pain","floor":13}],"player_experience":736407,"relics_obtained":[{"floor":2,"key":"Red Skull"},{"floor":7,"key":"Potion Belt"},{"floor":9,"key":"War Paint"},{"floor":11,"key":"Ginger"}],"event_choices":[{"damage_healed":0,"gold_gain":0,"player_choice":"Lose Max HP","damage_taken":0,"relics_obtained":["Golden Idol"],"max_hp_gain":0,"max_hp_loss":8,"event_name":"Golden Idol","floor":5,"gold_loss":0},{"damage_healed":0,"gold_gain":0,"player_choice":"Rummage","damage_taken":0,"relics_obtained":["WarpedTongs"],"max_hp_gain":0,"max_hp_loss":0,"event_name":"Accursed Blacksmith","floor":12,"gold_loss":0,"cards_obtained":["Pain"]},{"damage_healed":27,"gold_gain":0,"player_choice":"Banana","damage_taken":0,"max_hp_gain":0,"max_hp_loss":0,"event_name":"Big Fish","floor":14,"gold_loss":0}],"is_beta":true,"boss_relics":[],"items_purged_floors":[],"is_endless":false,"potions_floor_spawned":[3,7,11],"killed_by":"Hexaghost","ascension_level":20}