{"gold_per_floor":[119,194,194,194,211,243,260,260,260,109,139,139,159,171,171,243,243,263,276,293,91,41,99,139,54,123,123,123,187,187,187,187,187],"floor_reached":33,"playtime":2210,"items_purged":["Strike_R"],"score":585,"play_id":"7c6c2ccf-a78b-4ef0-a160-ae38ca06a791","local_time":"20190703082059","is_ascension_mode":true,"campfire_choices":[{"data":"1","floor":12,"key":"LIFT"},{"data":"2","floor":15,"key":"LIFT"},{"floor":28,"key":"REST"},{"data":"3","floor":30,"key":"LIFT"},{"data":"Shrug It Off","floor":32,"key":"SMITH"}],"neow_cost":"NONE","seed_source_timestamp":97975042568053,"circlet_count":0,"master_deck":["AscendersBane","Strike_R","Strike_R+1","Strike_R","Strike_R","Defend_R","Defend_R","Defend_R","Defend_R","Bash+1","Feel No Pain+1","Iron Wave","Armaments","Ghostly Armor+1","Flame Barrier","Battle Trance","Feed+1","Twin Strike+1","HandOfGreed+1","Headbutt+1","Shrug It Off+1"],"relics":["Burning Blood","NeowsBlessing","Omamori","WarpedTongs","Molten Egg 2","Girya","Busted Crown","Juzu Bracelet","Regal Pillow","Pantograph"],"potions_floor_usage":[16,16,16,23,23,29,33],"damage_taken":[{"damage":0,"enemies":"Jaw Worm","floor":1,"turns":1},{"damage":0,"enemies":"Small Slimes","floor":5,"turns":1},{"damage":0,"enemies":"Gremlin Nob","floor":6,"turns":1},{"damage":0,"enemies":"Cultist","floor":7,"turns":3},{"damage":14,"enemies":"3 Sentries","floor":11,"turns":17},{"damage":9,"enemies":"Exordium Wildlife","floor":13,"turns":4},{"damage":3,"enemies":"Exordium Thugs","floor":14,"turns":6},{"damage":59,"enemies":"Slime Boss","floor":16,"turns":21},{"damage":13,"enemies":"Shell Parasite","floor":18,"turns":6},{"damage":0,"enemies":"Chosen","floor":19,"turns":4},{"damage":17,"enemies":"Snecko","floor":20,"turns":6},{"damage":53,"enemies":"Slavers","floor":23,"turns":6},{"damage":11,"enemies":"Chosen and Byrds","floor":24,"turns":7},{"damage":8,"enemies":"3 Cultists","floor":29,"turns":6},{"damage":126,"enemies":"Champ","floor":33,"turns":10}],"seed_played":"-1077635048407606922","potions_obtained":[{"floor":1,"key":"Poison Potion"},{"floor":7,"key":"EntropicBrew"},{"floor":11,"key":"SkillPotion"},{"floor":18,"key":"BloodPotion"},{"floor":24,"key":"SkillPotion"},{"floor":29,"key":"BloodPotion"}],"is_trial":false,"path_per_floor":["M","?","?","?","M","E","M","?","T","$","E","R","M","M","R","B",null,"M","M","M","$","?","E","M","?","T","?","R","M","R","?","R","B"],"character_chosen":"IRONCLAD","items_purchased":["Ghostly Armor","HandOfGreed+1"],"campfire_rested":1,"item_purchase_floors":[10,21],"current_hp_per_floor":[74,63,40,40,46,52,58,58,58,58,50,50,47,50,50,12,59,56,66,55,55,55,32,27,27,27,27,68,66,66,66,66,0],"gold":187,"neow_bonus":"THREE_ENEMY_KILL","is_prod":false,"is_daily":false,"chose_seed":false,"campfire_upgraded":1,"win_rate":0,"timestamp":1562156459,"path_taken":["M","?","?","?","?","E","M","?","T","?","E","R","M","M","R","BOSS","M","M","M","?","?","E","M","?","T","?","R","M","R","?","R","BOSS"],"build_version":"2019-06-30","purchased_purges":1,"victory":false,"max_hp_per_floor":[75,75,75,75,75,75,75,75,75,75,75,75,75,75,75,75,75,79,83,83,83,83,87,87,87,87,87,87,87,87,87,87,87],"card_choices":[{"not_picked":["Flex","Thunderclap"],"picked":"Feel No Pain","floor":1},{"not_picked":["Reckless Charge","Clothesline"],"picked":"Iron Wave","floor":5},{"not_picked":["Bloodletting","Flex","Anger"],"picked":"SKIP","floor":6},{"not_picked":["Clash","Headbutt"],"picked":"Armaments","floor":7},{"not_picked":["Burning Pact","Anger+1"],"picked":"Flame Barrier","floor":11},{"not_picked":["Anger+1","Combust","Perfected Strike+1"],"picked":"SKIP","floor":13},{"not_picked":["Headbutt+1","Twin Strike+1"],"picked":"Battle Trance","floor":14},{"not_picked":["Fiend Fire+1","Impervious"],"picked":"Feed+1","floor":16},{"not_picked":[],"picked":"Twin Strike+1","floor":18},{"not_picked":["Searing Blow+1"],"picked":"SKIP","floor":19},{"not_picked":["Fire Breathing"],"picked":"SKIP","floor":20},{"not_picked":["Hemokinesis+1"],"picked":"SKIP","floor":23},{"not_picked":[],"picked":"Headbutt+1","floor":24},{"not_picked":["Rupture"],"picked":"SKIP","floor":29}],"player_experience":677663,"relics_obtained":[{"floor":6,"key":"Omamori"},{"floor":9,"key":"Molten Egg 2"},{"floor":11,"key":"Girya"},{"floor":23,"key":"Juzu Bracelet"},{"floor":26,"key":"Pantograph"}],"event_choices":[{"damage_healed":0,"gold_gain":75,"player_choice":"Gather Gold","damage_taken":11,"max_hp_gain":0,"max_hp_loss":0,"event_name":"World of Goop","floor":2,"gold_loss":0},{"damage_healed":0,"gold_gain":0,"player_choice":"Entered Light","damage_taken":23,"max_hp_gain":0,"max_hp_loss":0,"event_name":"Shining Light","floor":3,"gold_loss":0,"cards_upgraded":["Strike_R","Bash"]},{"damage_healed":0,"gold_gain":0,"player_choice":"Upgraded","damage_taken":0,"max_hp_gain":0,"max_hp_loss":0,"event_name":"Upgrade Shrine","floor":4,"gold_loss":0,"cards_upgraded":["Feel No Pain"]},{"damage_healed":0,"gold_gain":0,"player_choice":"Rummage","damage_taken":0,"relics_obtained":["WarpedTongs"],"max_hp_gain":0,"max_hp_loss":0,"event_name":"Accursed Blacksmith","floor":8,"gold_loss":0,"cards_obtained":["Pain"]},{"damage_healed":0,"gold_gain":0,"player_choice":"Upgrade","damage_taken":0,"max_hp_gain":0,"max_hp_loss":0,"event_name":"Designer","floor":22,"gold_loss":50,"cards_upgraded":["Ghostly Armor"]},{"damage_healed":0,"gold_gain":0,"player_choice":"Obtained Relic","damage_taken":0,"relics_obtained":["Regal Pillow"],"max_hp_gain":0,"max_hp_loss":0,"event_name":"Addict","floor":25,"gold_loss":85},{"damage_healed":0,"gold_gain":0,"player_choice":"Ignored","damage_taken":0,"max_hp_gain":0,"max_hp_loss":0,"event_name":"Ghosts","floor":27,"gold_loss":0},{"damage_healed":0,"gold_gain":0,"player_choice":"Read","damage_taken":0,"max_hp_gain":0,"max_hp_loss":0,"event_name":"The Library","floor":31,"gold_loss":0,"cards_obtained":["Shrug It Off"]}],"is_beta":true,"boss_relics":[{"not_picked":["Calling Bell","Eternal Feather"],"picked":"Busted Crown"}],"items_purged_floors":[10],"is_endless":false,"potions_floor_spawned":[1,7,11,18,24,29],"killed_by":"Champ","ascension_level":19}