{"gold_per_floor":[110,110,128,42,60,93,93,111,134,169,188,210,285,305,305,402,402,415,514,499,517,517],"floor_reached":22,"playtime":1144,"items_purged":[],"score":198,"play_id":"15f6ae2b-7440-48e4-ab43-44e1be53e6c0","local_time":"20190705213630","is_ascension_mode":false,"campfire_choices":[{"floor":7,"key":"RECALL"},{"floor":15,"key":"REST"}],"neow_cost":"NONE","seed_source_timestamp":433285372768643,"circlet_count":0,"master_deck":["Strike_B","Strike_B","Strike_B","Strike_B","Defend_B","Defend_B","Defend_B","Defend_B","Zap","Dualcast+1","Darkness","Melter","Self Repair","Compile Driver","Cold Snap","Gash","Coolheaded","Hello World","Static Discharge","Lockon","Barrage","Echo Form","Gash","Go for the Eyes","Cold Snap"],"relics":["Cracked Core","NeowsBlessing","Anchor","Vajra","Odd Mushroom","Inserter"],"potions_floor_usage":[16,18,21],"damage_taken":[{"damage":0,"enemies":"2 Louse","floor":1,"turns":1},{"damage":0,"enemies":"Cultist","floor":3,"turns":1},{"damage":0,"enemies":"Small Slimes","floor":5,"turns":1},{"damage":38,"enemies":"Gremlin Nob","floor":6,"turns":5},{"damage":0,"enemies":"2 Fungi Beasts","floor":8,"turns":3},{"damage":16,"enemies":"Lagavulin","floor":10,"turns":6},{"damage":3,"enemies":"Looter","floor":11,"turns":3},{"damage":15,"enemies":"The Mushroom Lair","floor":12,"turns":3},{"damage":4,"enemies":"Lots of Slimes","floor":14,"turns":4},{"damage":30,"enemies":"Hexaghost","floor":16,"turns":6},{"damage":35,"enemies":"3 Byrds","floor":18,"turns":6},{"damage":26,"enemies":"2 Thieves","floor":20,"turns":4},{"damage":23,"enemies":"Centurion and Healer","floor":21,"turns":7},{"damage":15,"enemies":"Shelled Parasite and Fungi","floor":22,"turns":2}],"seed_played":"6141112020810003907","potions_obtained":[{"floor":8,"key":"LiquidBronze"},{"floor":10,"key":"PowerPotion"},{"floor":11,"key":"SpeedPotion"},{"floor":16,"key":"Energy Potion"}],"is_trial":false,"path_per_floor":["M","?","M","$","M","E","R","M","T","E","M","?","?","M","R","B",null,"M","?","M","M","M"],"character_chosen":"DEFECT","items_purchased":["Self Repair","Compile Driver"],"campfire_rested":1,"item_purchase_floors":[4,4],"current_hp_per_floor":[75,75,75,75,75,44,44,51,51,42,46,38,27,30,52,29,75,54,54,28,12,0],"gold":517,"neow_bonus":"THREE_ENEMY_KILL","is_prod":false,"is_daily":false,"chose_seed":false,"campfire_upgraded":0,"win_rate":0.0,"timestamp":1562373390,"path_taken":["M","?","M","$","?","E","R","M","T","E","M","?","?","M","R","BOSS","M","?","M","M","M"],"build_version":"2019-07-05","purchased_purges":0,"victory":false,"max_hp_per_floor":[75,75,75,75,75,75,75,75,75,75,75,75,75,75,75,75,75,75,75,75,75,75],"card_choices":[{"not_picked":["Turbo","Rebound"],"picked":"Darkness","floor":1},{"not_picked":["Rebound","Recycle"],"picked":"Melter","floor":3},{"not_picked":["Barrage","Redo"],"picked":"Cold Snap","floor":5},{"not_picked":["Turbo","Sweeping Beam"],"picked":"Gash","floor":6},{"not_picked":["Lockon","White Noise"],"picked":"Coolheaded","floor":8},{"not_picked":["Blizzard","Sunder"],"picked":"Hello World","floor":10},{"not_picked":["Redo","Sweeping Beam"],"picked":"Static Discharge","floor":11},{"not_picked":["White Noise","Stack"],"picked":"Lockon","floor":12},{"not_picked":["Reinforced Body","Thunder Strike"],"picked":"Barrage","floor":14},{"not_picked":["Core Surge","Biased Cognition"],"picked":"Echo Form","floor":16},{"not_picked":["Tempest","Beam Cell"],"picked":"Gash","floor":18},{"not_picked":["Steam","Barrage"],"picked":"Go for the Eyes","floor":20},{"not_picked":["Leap","Hologram"],"picked":"Cold Snap","floor":21}],"player_experience":68301,"relics_obtained":[{"floor":6,"key":"Anchor"},{"floor":10,"key":"Vajra"},{"floor":12,"key":"Odd Mushroom"}],"event_choices":[{"damage_healed":0,"gold_gain":0,"player_choice":"Forge","damage_taken":0,"max_hp_gain":0,"max_hp_loss":0,"event_name":"Accursed Blacksmith","floor":2,"gold_loss":0,"cards_upgraded":["Dualcast"]},{"damage_healed":0,"gold_gain":0,"player_choice":"Fought Mushrooms","damage_taken":0,"max_hp_gain":0,"max_hp_loss":0,"event_name":"Mushrooms","floor":12,"gold_loss":0},{"damage_healed":0,"gold_gain":75,"player_choice":"Gather Gold","damage_taken":11,"max_hp_gain":0,"max_hp_loss":0,"event_name":"World of Goop","floor":13,"gold_loss":0},{"damage_healed":0,"gold_gain":99,"player_choice":"Stole From Cult","damage_taken":0,"max_hp_gain":0,"max_hp_loss":0,"event_name":"Nest","floor":19,"gold_loss":0}],"is_beta":false,"boss_relics":[{"not_picked":["Orrery","Philosopher\u0027s Stone"],"picked":"Inserter"}],"items_purged_floors":[],"is_endless":false,"potions_floor_spawned":[8,10,11,16],"killed_by":"Shelled Parasite and Fungi","ascension_level":0}