{"gold_per_floor":[119,131,151,37,49,77,77,77,77,110,110,123,123,136,136,241,241,258,275,294,99,99,112,112],"floor_reached":24,"playtime":2687,"items_purged":["Defend_G"],"score":235,"play_id":"80fbac59-c64f-4b1e-918c-f68120b4f5bf","local_time":"20190701221217","is_ascension_mode":false,"campfire_choices":[{"floor":7,"key":"REST"},{"floor":11,"key":"REST"},{"data":"Cloak And Dagger","floor":15,"key":"SMITH"}],"neow_cost":"NONE","seed_source_timestamp":1642820415904600,"circlet_count":0,"master_deck":["Strike_G","Strike_G","Strike_G","Strike_G","Defend_G","Defend_G","Defend_G","Defend_G","Survivor","Neutralize","Cloak And Dagger+1","Well Laid Plans","Blur","Finisher","Accuracy","Blur","Backstab","Malaise","Blade Dance","Infinite Blades","After Image","Blade Dance"],"relics":["Ring of the Snake","Lantern","Strawberry","Dream Catcher","Singing Bowl","Orrery"],"potions_floor_usage":[10,10,10,16,20,24],"damage_taken":[{"damage":0,"enemies":"2 Louse","floor":1,"turns":2},{"damage":0,"enemies":"Small Slimes","floor":2,"turns":3},{"damage":0,"enemies":"Cultist","floor":3,"turns":4},{"damage":5,"enemies":"Large Slime","floor":5,"turns":5},{"damage":32,"enemies":"Lagavulin","floor":6,"turns":12},{"damage":31,"enemies":"3 Sentries","floor":10,"turns":13},{"damage":0,"enemies":"Exordium Wildlife","floor":12,"turns":4},{"damage":5,"enemies":"Looter","floor":14,"turns":2},{"damage":24,"enemies":"Slime Boss","floor":16,"turns":13},{"damage":20,"enemies":"Spheric Guardian","floor":18,"turns":4},{"damage":7,"enemies":"Shell Parasite","floor":19,"turns":4},{"damage":47,"enemies":"Snecko","floor":20,"turns":10},{"damage":13,"enemies":"Shelled Parasite and Fungi","floor":23,"turns":6},{"damage":9,"enemies":"Centurion and Healer","floor":24,"turns":4}],"seed_played":"-1407431053937093479","potions_obtained":[{"floor":3,"key":"SneckoOil"},{"floor":5,"key":"Regen Potion"},{"floor":6,"key":"Ancient Potion"},{"floor":12,"key":"SkillPotion"},{"floor":19,"key":"SpeedPotion"},{"floor":23,"key":"Poison Potion"}],"is_trial":false,"path_per_floor":["M","M","M","$","M","E","R","?","T","E","R","M","?","M","R","B",null,"M","M","M","$","?","M","M"],"character_chosen":"THE_SILENT","items_purchased":["Finisher","After Image","Blade Dance"],"campfire_rested":2,"item_purchase_floors":[4,21,21],"current_hp_per_floor":[70,70,70,70,65,40,63,63,63,47,72,72,72,69,69,45,89,71,66,19,19,19,8,0],"gold":112,"neow_bonus":"RANDOM_COMMON_RELIC","is_prod":false,"is_daily":false,"chose_seed":false,"campfire_upgraded":1,"win_rate":0.0,"timestamp":1562033537,"path_taken":["M","M","M","$","M","E","R","?","T","E","R","M","?","M","R","BOSS","M","M","M","$","?","M","M"],"build_version":"2019-07-01","purchased_purges":1,"victory":false,"max_hp_per_floor":[70,70,70,70,70,77,77,77,77,77,79,79,79,81,81,81,89,91,93,93,93,93,95,95],"card_choices":[{"not_picked":["Backflip","Calculated Gamble"],"picked":"Cloak And Dagger","floor":1},{"not_picked":["Eviscerate","Leg Sweep"],"picked":"Well Laid Plans","floor":2},{"not_picked":["Calculated Gamble","Well Laid Plans"],"picked":"Blur","floor":3},{"not_picked":["Quick Slash","Poisoned Stab","Outmaneuver"],"picked":"SKIP","floor":5},{"not_picked":["Bane","Sucker Punch"],"picked":"Accuracy","floor":6},{"not_picked":["Heel Hook","Dagger Throw"],"picked":"Blur","floor":10},{"not_picked":["Terror","Flechettes","Dodge and Roll"],"picked":"Singing Bowl","floor":11},{"not_picked":["Blur","Well Laid Plans"],"picked":"Backstab","floor":12},{"not_picked":["Tactician","Dagger Throw","Dodge and Roll"],"picked":"Singing Bowl","floor":14},{"not_picked":["Corpse Explosion","Bullet Time"],"picked":"Malaise","floor":16},{"not_picked":["Eviscerate","Masterful Stab","Sucker Punch"],"picked":"Singing Bowl","floor":17},{"not_picked":["Deadly Poison","Backflip","Reflex"],"picked":"Singing Bowl","floor":17},{"not_picked":["Backflip","Poisoned Stab","Distraction"],"picked":"Singing Bowl","floor":17},{"not_picked":["Flying Knee","Blur","PiercingWail"],"picked":"Singing Bowl","floor":17},{"not_picked":["Outmaneuver","PiercingWail"],"picked":"Blade Dance","floor":17},{"not_picked":["Endless Agony","Caltrops+1","Poisoned Stab"],"picked":"Singing Bowl","floor":18},{"not_picked":["Distraction","Footwork","Acrobatics"],"picked":"Singing Bowl","floor":19},{"not_picked":["Crippling Poison","Dagger Throw"],"picked":"Infinite Blades","floor":20},{"not_picked":["Sucker Punch+1","Endless Agony","Flying Knee+1"],"picked":"Singing Bowl","floor":23}],"player_experience":113021,"relics_obtained":[{"floor":6,"key":"Strawberry"},{"floor":9,"key":"Dream Catcher"},{"floor":10,"key":"Singing Bowl"}],"event_choices":[{"damage_healed":0,"gold_gain":0,"player_choice":"Ignored","damage_taken":0,"max_hp_gain":0,"max_hp_loss":0,"event_name":"Shining Light","floor":8,"gold_loss":0},{"cards_removed":["Strike_G"],"damage_healed":0,"gold_gain":0,"player_choice":"Forget","damage_taken":0,"max_hp_gain":0,"max_hp_loss":0,"event_name":"Living Wall","floor":13,"gold_loss":0},{"damage_healed":0,"gold_gain":0,"player_choice":"Ignored","damage_taken":0,"max_hp_gain":0,"max_hp_loss":0,"event_name":"NoteForYourself","floor":22,"gold_loss":0}],"is_beta":false,"boss_relics":[{"not_picked":["Cursed Key","Runic Pyramid"],"picked":"Orrery"}],"items_purged_floors":[4],"is_endless":false,"potions_floor_spawned":[3,5,6,12,19,23],"killed_by":"Centurion and Healer","ascension_level":0}