{"gold_per_floor":[109,125,142,153,171,204,204,235,235,235,235,235,235,31,31,132,132,146,146,146,71,83,110,110,121,121,139,165,165,193,205,217,229],"floor_reached":33,"playtime":1795,"items_purged":["Shame"],"score":354,"play_id":"d43406f9-89a2-4f2a-a1e9-7fe1a93e357e","local_time":"20190321220212","is_ascension_mode":true,"campfire_choices":[{"floor":7,"key":"REST"},{"data":"Cloak And Dagger","floor":10,"key":"SMITH"},{"floor":12,"key":"REST"},{"data":"Accuracy","floor":15,"key":"SMITH"},{"floor":24,"key":"REST"},{"floor":32,"key":"REST"}],"neow_cost":"NONE","seed_source_timestamp":91801050033647,"circlet_count":0,"master_deck":["Defend_G","Defend_G","Defend_G","Defend_G","Defend_G","Strike_G+1","Strike_G","Strike_G","Strike_G","Strike_G","Survivor","Neutralize+1","Die Die Die","Cloak And Dagger+1","Blade Dance+1","Escape Plan","Adrenaline","Backstab","Accuracy+1","Panacea+1","Choke+1","Malaise","Backstab","Acrobatics","Blade Dance"],"relics":["Ring of the Snake","Happy Flower","Vajra","Mummified Hand","WristBlade","Pear","Mercury Hourglass","Art of War","Whetstone","MawBank"],"potions_floor_usage":[6,27,28,33],"damage_taken":[{"damage":0,"enemies":"2 Louse","floor":1,"turns":2},{"damage":0,"enemies":"Cultist","floor":2,"turns":4},{"damage":2,"enemies":"Jaw Worm","floor":3,"turns":3},{"damage":5,"enemies":"2 Fungi Beasts","floor":4,"turns":3},{"damage":1,"enemies":"Red Slaver","floor":5,"turns":5},{"damage":50,"enemies":"Lagavulin","floor":6,"turns":8},{"damage":10,"enemies":"3 Sentries","floor":8,"turns":7},{"damage":39,"enemies":"The Guardian","floor":16,"turns":14},{"damage":13,"enemies":"2 Thieves","floor":18,"turns":3},{"damage":0,"enemies":"Chosen","floor":22,"turns":3},{"damage":24,"enemies":"Gremlin Leader","floor":23,"turns":5},{"damage":8,"enemies":"Snecko","floor":25,"turns":3},{"damage":2,"enemies":"Shelled Parasite and Fungi","floor":27,"turns":4},{"damage":12,"enemies":"Slavers","floor":28,"turns":5},{"damage":0,"enemies":"Chosen and Byrds","floor":30,"turns":3},{"damage":75,"enemies":"Champ","floor":33,"turns":7}],"seed_played":"-8712758443471877270","potions_obtained":[{"floor":2,"key":"SneckoOil"},{"floor":4,"key":"SteroidPotion"},{"floor":6,"key":"SpeedPotion"},{"floor":16,"key":"Strength Potion"},{"floor":23,"key":"Block Potion"},{"floor":25,"key":"PowerPotion"},{"floor":30,"key":"LiquidBronze"}],"is_trial":false,"path_per_floor":["M","M","M","M","M","E","R","E","T","R","?","R","?","$","R","B",null,"M","?","?","$","M","E","R","M","T","M","E","?","M","?","R","B"],"character_chosen":"THE_SILENT","items_purchased":["Accuracy","Panacea","Choke"],"campfire_rested":4,"item_purchase_floors":[14,14,14],"current_hp_per_floor":[70,70,68,63,62,12,33,23,23,23,23,44,44,44,44,5,70,57,57,67,67,67,43,67,59,59,57,45,45,45,45,69,0],"gold":229,"neow_bonus":"ONE_RANDOM_RARE_CARD","is_prod":false,"is_daily":false,"chose_seed":false,"campfire_upgraded":2,"win_rate":0,"timestamp":1553220132,"path_taken":["M","M","M","M","M","E","R","E","T","R","?","R","?","$","R","BOSS","M","?","?","$","M","E","R","M","T","M","E","?","?","?","R","BOSS"],"build_version":"2019-01-23","purchased_purges":1,"victory":false,"max_hp_per_floor":[70,70,70,70,70,70,70,70,70,70,70,70,70,70,70,70,70,70,70,80,80,80,80,80,80,80,80,80,80,80,80,80,80],"card_choices":[{"not_picked":["Blade Dance","Prepared"],"picked":"Cloak And Dagger","floor":1},{"not_picked":["Slice","Deflect","Noxious Fumes"],"picked":"SKIP","floor":2},{"not_picked":["Deadly Poison","Concentrate"],"picked":"Blade Dance","floor":3},{"not_picked":["Prepared","Slice","Poisoned Stab"],"picked":"SKIP","floor":4},{"not_picked":["PiercingWail","Prepared"],"picked":"Escape Plan","floor":5},{"not_picked":["Prepared","Heel Hook"],"picked":"Adrenaline","floor":6},{"not_picked":["Blade Dance","Escape Plan"],"picked":"Backstab","floor":8},{"not_picked":["Night Terror","Wraith Form v2"],"picked":"Malaise","floor":16},{"not_picked":["Dagger Throw","Distraction","Catalyst+1"],"picked":"SKIP","floor":18},{"not_picked":["Dodge and Roll","Heel Hook"],"picked":"Backstab","floor":22},{"not_picked":["Dagger Throw","Outmaneuver","Quick Slash+1"],"picked":"SKIP","floor":23},{"not_picked":["Masterful Stab+1","Flying Knee","Distraction"],"picked":"SKIP","floor":25},{"not_picked":["Catalyst","Concentrate"],"picked":"Acrobatics","floor":27},{"not_picked":["Prepared","Outmaneuver+1","Predator+1"],"picked":"SKIP","floor":28},{"not_picked":["Poisoned Stab","Outmaneuver"],"picked":"Blade Dance","floor":30}],"player_experience":158619,"relics_obtained":[{"floor":6,"key":"Happy Flower"},{"floor":8,"key":"Vajra"},{"floor":9,"key":"Mummified Hand"},{"floor":23,"key":"Mercury Hourglass"},{"floor":26,"key":"Art of War"},{"floor":28,"key":"Whetstone"}],"event_choices":[{"damage_healed":0,"gold_gain":0,"player_choice":"Grow","damage_taken":0,"max_hp_gain":0,"max_hp_loss":0,"event_name":"Living Wall","floor":11,"gold_loss":0,"cards_upgraded":["Blade Dance"]},{"damage_healed":0,"gold_gain":0,"player_choice":"Upgraded","damage_taken":0,"max_hp_gain":0,"max_hp_loss":0,"event_name":"Upgrade Shrine","floor":13,"gold_loss":0,"cards_upgraded":["Neutralize"]},{"damage_healed":0,"gold_gain":0,"player_choice":"Ignored","damage_taken":0,"max_hp_gain":0,"max_hp_loss":0,"event_name":"Cursed Tome","floor":19,"gold_loss":0},{"damage_healed":0,"gold_gain":0,"player_choice":"Stole Relic","damage_taken":0,"relics_obtained":["Pear"],"max_hp_gain":0,"max_hp_loss":0,"event_name":"Addict","floor":20,"gold_loss":0,"cards_obtained":["Shame"]},{"damage_healed":0,"gold_gain":0,"player_choice":"Gave Potion","damage_taken":0,"relics_obtained":["MawBank"],"max_hp_gain":0,"max_hp_loss":0,"event_name":"WeMeetAgain","floor":29,"gold_loss":0},{"damage_healed":0,"gold_gain":0,"player_choice":"Forge","damage_taken":0,"max_hp_gain":0,"max_hp_loss":0,"event_name":"Accursed Blacksmith","floor":31,"gold_loss":0,"cards_upgraded":["Panacea"]}],"is_beta":false,"boss_relics":[{"not_picked":["Busted Crown","Sozu"],"picked":"WristBlade"}],"items_purged_floors":[21],"is_endless":false,"potions_floor_spawned":[2,4,6,16,23,25,30],"killed_by":"Champ","ascension_level":4}