{"gold_per_floor":[109,109,109,122,122,154,154,166,166,178,178,191,20,52,52,131,131,141,141,56,6,6,34,34,67,94,94,7,7,7,7,7,7],"floor_reached":33,"playtime":1693,"items_purged":["Strike_B","Writhe"],"score":593,"play_id":"23421acb-8111-490d-af50-a525f5ca7177","local_time":"20190709080356","is_ascension_mode":true,"campfire_choices":[{"floor":7,"key":"REST"},{"floor":15,"key":"REST"},{"floor":24,"key":"REST"},{"floor":27,"key":"REST"},{"data":"Biased Cognition","floor":29,"key":"SMITH"},{"data":"Buffer","floor":32,"key":"SMITH"}],"neow_cost":"NONE","seed_source_timestamp":350402534584349,"circlet_count":0,"master_deck":["AscendersBane","Strike_B","Defend_B","Defend_B","Defend_B+1","Zap","Dualcast","Hologram+1","Defragment","Sunder","Glacier","Gash","Sunder","Cold Snap","Buffer+1","Biased Cognition+1","RitualDagger","Cold Snap","Coolheaded","Defragment"],"relics":["Cracked Core","NeowsBlessing","Matryoshka","Smiling Mask","Blue Candle","Bag of Marbles","Meat on the Bone","Philosopher\u0027s Stone","Sundial","Cables","Anchor","Boot","Blood Vial","Omamori","Oddly Smooth Stone"],"potions_floor_usage":[12,14,14,23,25],"damage_taken":[{"damage":0,"enemies":"Small Slimes","floor":1,"turns":1},{"damage":0,"enemies":"Jaw Worm","floor":4,"turns":1},{"damage":0,"enemies":"Lagavulin","floor":6,"turns":1},{"damage":0,"enemies":"2 Louse","floor":8,"turns":1},{"damage":19,"enemies":"Lots of Slimes","floor":10,"turns":5},{"damage":3,"enemies":"Looter","floor":12,"turns":3},{"damage":17,"enemies":"3 Sentries","floor":14,"turns":6},{"damage":44,"enemies":"Slime Boss","floor":16,"turns":16},{"damage":0,"enemies":"Chosen","floor":18,"turns":5},{"damage":63,"enemies":"Slavers","floor":23,"turns":6},{"damage":18,"enemies":"Gremlin Leader","floor":25,"turns":7},{"damage":81,"enemies":"Champ","floor":33,"turns":16}],"seed_played":"-3808691562587033616","potions_obtained":[{"floor":6,"key":"Weak Potion"},{"floor":12,"key":"SteroidPotion"},{"floor":14,"key":"Fruit Juice"},{"floor":16,"key":"Explosive Potion"},{"floor":18,"key":"FairyPotion"},{"floor":23,"key":"Strength Potion"}],"is_trial":false,"path_per_floor":["M","?","?","M","?","E","R","M","T","M","?","M","$","E","R","B",null,"M","?","?","$","?","E","R","E","T","R","$","R","?","?","R","B"],"character_chosen":"DEFECT","items_purchased":["Bag of Marbles","Defragment"],"campfire_rested":4,"item_purchase_floors":[13,28],"current_hp_per_floor":[64,43,36,36,36,36,57,57,57,38,38,35,35,23,45,13,60,60,54,54,54,54,19,41,35,35,57,57,57,72,72,72,0],"gold":7,"neow_bonus":"THREE_ENEMY_KILL","is_prod":false,"is_daily":false,"chose_seed":false,"campfire_upgraded":2,"win_rate":0,"timestamp":1562673836,"path_taken":["M","?","?","M","?","E","R","?","T","M","?","M","?","E","R","BOSS","M","?","?","?","?","E","R","E","T","R","$","R","?","?","R","BOSS"],"build_version":"2019-07-03","purchased_purges":2,"victory":false,"max_hp_per_floor":[71,71,71,71,71,71,71,71,71,71,71,71,71,76,76,76,76,76,76,76,76,76,76,76,76,76,76,76,76,76,76,76,76],"card_choices":[{"not_picked":["Beam Cell","Skim"],"picked":"Hologram","floor":1},{"not_picked":["Beam Cell","Lockon"],"picked":"Defragment","floor":4},{"not_picked":["Meteor Strike","Chaos"],"picked":"Sunder","floor":6},{"not_picked":["Steam","Hologram"],"picked":"Glacier","floor":8},{"not_picked":["Lockon","Stack"],"picked":"Gash","floor":10},{"not_picked":["Reprogram","Beam Cell"],"picked":"Cold Snap","floor":12},{"not_picked":["Steam Power","Redo"],"picked":"Buffer","floor":14},{"not_picked":["Electrodynamics","Thunder Strike"],"picked":"Biased Cognition","floor":16},{"not_picked":["Go for the Eyes","Compile Driver","Barrage"],"picked":"SKIP","floor":18},{"not_picked":["Skim","Aggregate"],"picked":"Cold Snap","floor":23},{"not_picked":["Auto Shields","Aggregate"],"picked":"Coolheaded","floor":25}],"player_experience":728175,"relics_obtained":[{"floor":6,"key":"Matryoshka"},{"floor":9,"key":"Smiling Mask"},{"floor":9,"key":"Blue Candle"},{"floor":14,"key":"Meat on the Bone"},{"floor":23,"key":"Anchor"},{"floor":25,"key":"Boot"},{"floor":26,"key":"Blood Vial"},{"floor":26,"key":"Omamori"},{"floor":31,"key":"Oddly Smooth Stone"}],"event_choices":[{"damage_healed":0,"gold_gain":0,"player_choice":"Entered Light","damage_taken":21,"max_hp_gain":0,"max_hp_loss":0,"event_name":"Shining Light","floor":2,"gold_loss":0,"cards_upgraded":["Hologram","Defend_B"]},{"cards_removed":["Strike_B"],"damage_healed":0,"gold_gain":0,"player_choice":"Card Removal","damage_taken":7,"max_hp_gain":0,"max_hp_loss":0,"event_name":"Golden Wing","floor":3,"gold_loss":0},{"cards_removed":["Defend_B"],"damage_healed":0,"gold_gain":0,"player_choice":"Offered Basic","damage_taken":0,"max_hp_gain":0,"max_hp_loss":0,"event_name":"Bonfire Elementals","floor":5,"gold_loss":0},{"damage_healed":0,"gold_gain":0,"cards_transformed":["Strike_B"],"player_choice":"Transformed","damage_taken":0,"max_hp_gain":0,"max_hp_loss":0,"event_name":"Transmorgrifier","floor":11,"gold_loss":0,"cards_obtained":["Sunder"]},{"damage_healed":0,"gold_gain":0,"player_choice":"Joined the Cult","damage_taken":6,"max_hp_gain":0,"max_hp_loss":0,"event_name":"Nest","floor":19,"gold_loss":0,"cards_obtained":["RitualDagger"]},{"damage_healed":0,"gold_gain":0,"player_choice":"Obtained Relic","damage_taken":0,"relics_obtained":["Sundial"],"max_hp_gain":0,"max_hp_loss":0,"event_name":"Addict","floor":20,"gold_loss":85},{"damage_healed":0,"gold_gain":0,"player_choice":"Opened","damage_taken":0,"relics_obtained":["Cables"],"max_hp_gain":0,"max_hp_loss":0,"event_name":"The Mausoleum","floor":22,"gold_loss":0,"cards_obtained":["Writhe"]},{"damage_healed":15,"gold_gain":0,"player_choice":"Heal","damage_taken":0,"max_hp_gain":0,"max_hp_loss":0,"event_name":"The Library","floor":30,"gold_loss":0},{"damage_healed":0,"gold_gain":0,"player_choice":"Relic","damage_taken":0,"max_hp_gain":0,"max_hp_loss":0,"event_name":"Wheel of Change","floor":31,"gold_loss":0}],"is_beta":true,"boss_relics":[{"not_picked":["Ectoplasm","Eternal Feather"],"picked":"Philosopher\u0027s Stone"}],"items_purged_floors":[21,28],"is_endless":false,"potions_floor_spawned":[6,12,14,16,18,23],"killed_by":"Champ","ascension_level":18}