{"gold_per_floor":[118,135,145,156,173,173,173,143,190,224,236,236,247,347,347,449,449,469,484,884,884,896,896,907,926,926,926,944,961,973,287,287,392,392,410,430,442,442,442,442,453,464,512,512,522,10,0,19,19,19],"floor_reached":51,"playtime":4260,"items_purged":["Defend_B","Parasite"],"score":664,"play_id":"62e2336b-4426-47fc-882f-2f6950adcaf0","local_time":"20190120102600","is_ascension_mode":true,"campfire_choices":[{"data":"Go for the Eyes","floor":6,"key":"SMITH"},{"data":"Coolheaded","floor":12,"key":"SMITH"},{"data":"Zap","floor":15,"key":"SMITH"},{"floor":23,"key":"REST"},{"floor":32,"key":"REST"},{"floor":40,"key":"REST"},{"data":"Panacea","floor":44,"key":"SMITH"},{"floor":49,"key":"REST"}],"neow_cost":"PERCENT_DAMAGE","seed_source_timestamp":89833875013333,"circlet_count":0,"master_deck":["Strike_B","Defend_B+1","Zap+1","Dualcast","Stack","FTL","Melter","Glacier","Go for the Eyes+1","Hologram","Coolheaded+1","Reboot+1","Ball Lightning","Echo Form","Leap+1","Lockon+1","Go for the Eyes+1","Cold Snap+1","Leap","Seek","Machine Learning","White Noise","Core Surge","Mayhem","Machine Learning","Panacea+1","Trip","Clumsy"],"relics":["Cracked Core","Regal Pillow","Cables","Astrolabe","Old Coin","Sundial","Gambling Chip","War Paint","Runic Capacitor","Cursed Key","Happy Flower","Ice Cream","Red Mask"],"potions_floor_usage":[20,20,25,29,36,37,45,45,45,48,50,50],"damage_taken":[{"damage":0,"enemies":"2 Louse","floor":1,"turns":2},{"damage":6,"enemies":"Jaw Worm","floor":2,"turns":2},{"damage":0,"enemies":"Cultist","floor":3,"turns":3},{"damage":0,"enemies":"Looter","floor":4,"turns":3},{"damage":0,"enemies":"Exordium Thugs","floor":5,"turns":5},{"damage":6,"enemies":"Lagavulin","floor":10,"turns":7},{"damage":0,"enemies":"2 Fungi Beasts","floor":11,"turns":3},{"damage":0,"enemies":"Large Slime","floor":13,"turns":3},{"damage":7,"enemies":"Slime Boss","floor":16,"turns":10},{"damage":10,"enemies":"Chosen","floor":18,"turns":4},{"damage":11,"enemies":"2 Thieves","floor":19,"turns":4},{"damage":13,"enemies":"Colosseum Slavers","floor":20,"turns":4},{"damage":17,"enemies":"Colosseum Nobs","floor":20,"turns":4},{"damage":8,"enemies":"Centurion and Healer","floor":22,"turns":7},{"damage":14,"enemies":"Cultist and Chosen","floor":24,"turns":5},{"damage":0,"enemies":"Snake Plant","floor":25,"turns":5},{"damage":0,"enemies":"Snecko","floor":28,"turns":6},{"damage":0,"enemies":"3 Cultists","floor":29,"turns":7},{"damage":12,"enemies":"Shelled Parasite and Fungi","floor":30,"turns":5},{"damage":22,"enemies":"Automaton","floor":33,"turns":10},{"damage":16,"enemies":"3 Shapes","floor":35,"turns":5},{"damage":3,"enemies":"Orb Walker","floor":36,"turns":3},{"damage":10,"enemies":"3 Darklings","floor":37,"turns":6},{"damage":7,"enemies":"Maw","floor":41,"turns":8},{"damage":1,"enemies":"Writhing Mass","floor":42,"turns":6},{"damage":15,"enemies":"4 Shapes","floor":45,"turns":3},{"damage":32,"enemies":"Spire Growth","floor":48,"turns":6},{"damage":68,"enemies":"Awakened One","floor":50,"turns":12}],"seed_played":"-3245583199794494604","potions_obtained":[{"floor":3,"key":"SpeedPotion"},{"floor":8,"key":"Swift Potion"},{"floor":8,"key":"Strength Potion"},{"floor":10,"key":"Swift Potion"},{"floor":24,"key":"PowerPotion"},{"floor":25,"key":"Fire Potion"},{"floor":29,"key":"Explosive Potion"},{"floor":30,"key":"Weak Potion"},{"floor":37,"key":"Explosive Potion"},{"floor":41,"key":"Weak Potion"},{"floor":48,"key":"SkillPotion"}],"is_trial":false,"path_per_floor":["M","M","M","M","M","R","?","?","T","E","M","R","M","?","R","B",null,"M","M","?","?","M","R","M","M","T","?","M","M","M","$","R","B",null,"M","M","M","?","?","R","M","M","T","R","M","$","?","M","R","B",null],"character_chosen":"DEFECT","items_purchased":["Core Surge","War Paint","Runic Capacitor","Mayhem","Ice Cream","Regen Potion","SteroidPotion"],"campfire_rested":4,"item_purchase_floors":[31,31,31,31,46,46,46],"current_hp_per_floor":[54,48,48,48,48,48,73,73,73,67,67,67,67,67,67,60,75,65,54,24,24,16,53,39,39,39,32,32,32,20,20,57,35,75,59,56,46,36,36,73,66,65,65,65,50,50,50,33,69,1],"gold":19,"neow_bonus":"TRANSFORM_TWO_CARDS","is_prod":false,"is_daily":false,"chose_seed":false,"campfire_upgraded":4,"win_rate":0,"timestamp":1547997960,"path_taken":["M","M","M","M","M","R","?","?","T","E","M","R","?","?","R","BOSS","M","M","?","?","M","R","M","M","T","?","M","M","?","$","R","BOSS","M","M","M","?","?","R","M","M","T","R","?","$","?","M","R","BOSS"],"build_version":"2019-01-17v2","purchased_purges":2,"victory":true,"max_hp_per_floor":[75,75,75,75,75,75,75,75,75,75,75,75,75,75,75,75,75,75,75,75,75,75,75,75,75,75,75,75,75,75,75,75,75,75,75,75,75,75,75,75,75,75,75,75,75,72,72,72,72,72],"card_choices":[{"not_picked":["Compile Driver","Gash"],"picked":"Melter","floor":1},{"not_picked":["Redo","Melter"],"picked":"Glacier","floor":2},{"not_picked":["Gash","Glacier"],"picked":"Go for the Eyes","floor":3},{"not_picked":["Steam Power","Redo"],"picked":"Hologram","floor":4},{"not_picked":["Reinforced Body","Steam","Coolheaded"],"picked":"SKIP","floor":5},{"not_picked":["Static Discharge","Ball Lightning"],"picked":"Coolheaded","floor":10},{"not_picked":["Leap","Hologram"],"picked":"Reboot","floor":11},{"not_picked":["Heatsinks","Scrape"],"picked":"Ball Lightning","floor":13},{"not_picked":["Thunder Strike","Hyperbeam"],"picked":"Echo Form","floor":16},{"not_picked":["Glacier","Auto Shields"],"picked":"Cold Snap+1","floor":18},{"not_picked":["Cold Snap","Gash"],"picked":"FTL","floor":19},{"not_picked":["Cold Snap","Streamline+1"],"picked":"Leap","floor":20},{"not_picked":["Skim","Turbo+1","Barrage+1"],"picked":"SKIP","floor":22},{"not_picked":["Hologram","Aggregate","Redo"],"picked":"SKIP","floor":24},{"not_picked":["Recycle+1","Go for the Eyes"],"picked":"Machine Learning","floor":25},{"not_picked":["Force Field","Conserve Battery","Gash"],"picked":"SKIP","floor":28},{"not_picked":["Compile Driver","Leap","Redo+1"],"picked":"SKIP","floor":29},{"not_picked":["Rebound","Compile Driver"],"picked":"White Noise","floor":30},{"not_picked":["Rainbow","Multi-Cast"],"picked":"Machine Learning","floor":33},{"not_picked":["Ball Lightning","Turbo+1","Chill"],"picked":"SKIP","floor":35},{"not_picked":["Melter","Ball Lightning","Reinforced Body+1"],"picked":"SKIP","floor":36},{"not_picked":["Reprogram+1","Redo","Rip and Tear"],"picked":"SKIP","floor":37},{"not_picked":["Metamorphosis","Apotheosis"],"picked":"Panacea","floor":38},{"not_picked":["Magnetism","Purity"],"picked":"Trip","floor":38},{"not_picked":["Loop","Redo","Darkness+1"],"picked":"SKIP","floor":41},{"not_picked":["Glacier+1","Stack","Rebound"],"picked":"SKIP","floor":42},{"not_picked":["Sunder","Loop","Blizzard+1"],"picked":"SKIP","floor":45},{"not_picked":["Beam Cell+1","Sweeping Beam","Stack+1"],"picked":"SKIP","floor":48}],"player_experience":75281,"relics_obtained":[{"floor":9,"key":"Regal Pillow"},{"floor":10,"key":"Cables"},{"floor":20,"key":"Old Coin"},{"floor":20,"key":"Sundial"},{"floor":26,"key":"Gambling Chip"},{"floor":43,"key":"Happy Flower"}],"event_choices":[{"damage_healed":25,"gold_gain":0,"player_choice":"Banana","damage_taken":0,"max_hp_gain":0,"max_hp_loss":0,"event_name":"Big Fish","floor":7,"gold_loss":0},{"damage_healed":0,"gold_gain":0,"player_choice":"Bought 2 Potions","damage_taken":0,"max_hp_gain":0,"max_hp_loss":0,"event_name":"The Woman in Blue","floor":8,"gold_loss":0},{"damage_healed":0,"gold_gain":100,"player_choice":"Pray","damage_taken":0,"max_hp_gain":0,"max_hp_loss":0,"event_name":"Golden Shrine","floor":14,"gold_loss":0},{"damage_healed":0,"gold_gain":0,"player_choice":"Fight","damage_taken":0,"max_hp_gain":0,"max_hp_loss":0,"event_name":"Colosseum","floor":20,"gold_loss":0},{"damage_healed":0,"gold_gain":0,"player_choice":"Fought Nobs","damage_taken":0,"max_hp_gain":0,"max_hp_loss":0,"event_name":"Colosseum","floor":20,"gold_loss":0},{"damage_healed":0,"gold_gain":0,"player_choice":"Read","damage_taken":0,"max_hp_gain":0,"max_hp_loss":0,"event_name":"The Library","floor":21,"gold_loss":0,"cards_obtained":["Seek"]},{"damage_healed":0,"gold_gain":0,"player_choice":"Damaged","damage_taken":7,"max_hp_gain":0,"max_hp_loss":0,"event_name":"Wheel of Change","floor":27,"gold_loss":0},{"damage_healed":0,"gold_gain":0,"player_choice":"Memory 3","damage_taken":10,"max_hp_gain":0,"max_hp_loss":0,"event_name":"SensoryStone","floor":38,"gold_loss":0},{"cards_removed":["FTL"],"damage_healed":0,"gold_gain":0,"player_choice":"Removed Attack","damage_taken":0,"max_hp_gain":0,"max_hp_loss":0,"event_name":"Falling","floor":39,"gold_loss":0},{"damage_healed":0,"gold_gain":0,"player_choice":"Paid","damage_taken":0,"relics_obtained":["Red Mask"],"max_hp_gain":0,"max_hp_loss":0,"event_name":"Tomb of Lord Red Mask","floor":47,"gold_loss":10}],"is_beta":false,"boss_relics":[{"not_picked":["Philosopher\u0027s Stone","Sozu"],"picked":"Astrolabe"},{"not_picked":["Black Star","Runic Dome"],"picked":"Cursed Key"}],"items_purged_floors":[31,46],"is_endless":false,"potions_floor_spawned":[3,10,16,18,20,24,25,29,30,33,35,37,41,48],"ascension_level":1}