{"gold_per_floor":[119,119,45,65,65,99,99,135,135,168,189,189,189,205,205,205],"floor_reached":16,"playtime":849,"items_purged":[],"score":172,"play_id":"36c622ae-52a9-47a1-9bd7-a323cf44e2db","local_time":"20190709112025","is_ascension_mode":true,"campfire_choices":[{"data":"Sentinel","floor":7,"key":"SMITH"},{"data":"Dual Wield","floor":12,"key":"SMITH"},{"floor":15,"key":"REST"}],"neow_cost":"NONE","seed_source_timestamp":925160554616700,"circlet_count":0,"master_deck":["Strike_R","Strike_R","Strike_R","Strike_R","Strike_R","Defend_R","Defend_R","Defend_R","Defend_R","Bash","Iron Wave","Bash","Seeing Red","Blind","Shrug It Off","True Grit","Pommel Strike","Sentinel+1","Rampage","Dual Wield+1","Havoc","Shrug It Off"],"relics":["Burning Blood","NeowsBlessing","Golden Idol","Matryoshka","Peace Pipe","Centennial Puzzle","Molten Egg 2","Pen Nib","Lantern","Bag of Preparation"],"potions_floor_usage":[8,10,16],"damage_taken":[{"damage":0,"enemies":"Jaw Worm","floor":1,"turns":1},{"damage":0,"enemies":"Cultist","floor":4,"turns":1},{"damage":0,"enemies":"Lagavulin","floor":6,"turns":1},{"damage":33,"enemies":"Gremlin Nob","floor":8,"turns":6},{"damage":40,"enemies":"Lagavulin","floor":10,"turns":9},{"damage":0,"enemies":"2 Louse","floor":11,"turns":3},{"damage":1,"enemies":"Blue Slaver","floor":14,"turns":3},{"damage":48,"enemies":"Hexaghost","floor":16,"turns":14}],"seed_played":"-1053646675860295756","potions_obtained":[{"floor":4,"key":"Ancient Potion"},{"floor":6,"key":"Strength Potion"},{"floor":11,"key":"Poison Potion"}],"is_trial":false,"path_per_floor":["M","?","$","M","?","E","R","E","T","E","M","R","T","M","R","B"],"character_chosen":"IRONCLAD","items_purchased":["Shrug It Off","True Grit"],"campfire_rested":1,"item_purchase_floors":[3,3],"current_hp_per_floor":[80,80,80,80,74,74,74,47,47,13,19,19,19,24,46,0],"gold":205,"neow_bonus":"THREE_ENEMY_KILL","is_prod":false,"is_daily":false,"chose_seed":false,"campfire_upgraded":2,"win_rate":0,"timestamp":1562685625,"path_taken":["M","?","?","M","?","E","R","E","T","E","?","R","?","M","R","BOSS"],"build_version":"2019-01-23","purchased_purges":0,"victory":false,"max_hp_per_floor":[80,80,80,80,74,74,74,74,74,74,74,74,74,74,74,74],"card_choices":[{"not_picked":["Intimidate","Heavy Blade"],"picked":"Iron Wave","floor":1},{"not_picked":["Armaments","Spot Weakness"],"picked":"Pommel Strike","floor":4},{"not_picked":["Shockwave","Flex"],"picked":"Sentinel","floor":6},{"not_picked":["Offering","Wild Strike"],"picked":"Rampage","floor":8},{"not_picked":["Whirlwind+1","Pommel Strike+1"],"picked":"Dual Wield","floor":10},{"not_picked":["Clothesline+1","Wild Strike+1"],"picked":"Havoc","floor":11},{"not_picked":["Sentinel","Wild Strike+1"],"picked":"Shrug It Off","floor":14}],"player_experience":189629,"relics_obtained":[{"floor":6,"key":"Matryoshka"},{"floor":8,"key":"Peace Pipe"},{"floor":9,"key":"Centennial Puzzle"},{"floor":9,"key":"Molten Egg 2"},{"floor":10,"key":"Pen Nib"},{"floor":13,"key":"Lantern"},{"floor":13,"key":"Bag of Preparation"}],"event_choices":[{"damage_healed":0,"gold_gain":0,"player_choice":"3 cards matched","damage_taken":0,"max_hp_gain":0,"max_hp_loss":0,"event_name":"Match and Keep!","floor":2,"gold_loss":0,"cards_obtained":["Bash","Seeing Red","Blind"]},{"damage_healed":0,"gold_gain":0,"player_choice":"Lose Max HP","damage_taken":0,"relics_obtained":["Golden Idol"],"max_hp_gain":0,"max_hp_loss":6,"event_name":"Golden Idol","floor":5,"gold_loss":0}],"is_beta":false,"boss_relics":[],"items_purged_floors":[],"is_endless":false,"potions_floor_spawned":[4,6,11],"killed_by":"Hexaghost","ascension_level":4}