{"gold_per_floor":[113,63,78,78,98,125,136,136,136,136,161,196,215,234,234,234],"floor_reached":16,"playtime":2503,"items_purged":[],"score":112,"play_id":"6e686d71-6675-493a-a749-5a04e03c4fc5","local_time":"20190702142953","is_ascension_mode":false,"campfire_choices":[{"floor":8,"key":"REST"},{"floor":15,"key":"REST"}],"neow_cost":"NONE","seed_source_timestamp":147073069456379,"circlet_count":0,"master_deck":["Strike_B","Strike_B","Strike_B","Defend_B","Defend_B","Defend_B","Defend_B","Zap","Dualcast","Barrage","Lockon+1","Reprogram","Streamline","Sweeping Beam","Lockon","Coolheaded","Leap","Sweeping Beam"],"relics":["Cracked Core","Ornamental Fan","Peace Pipe","Odd Mushroom","Calipers"],"potions_floor_usage":[],"damage_taken":[{"damage":6,"enemies":"Jaw Worm","floor":1,"turns":5},{"damage":5,"enemies":"Small Slimes","floor":3,"turns":3},{"damage":0,"enemies":"Cultist","floor":5,"turns":3},{"damage":31,"enemies":"Lagavulin","floor":6,"turns":6},{"damage":7,"enemies":"Blue Slaver","floor":7,"turns":3},{"damage":22,"enemies":"The Mushroom Lair","floor":11,"turns":4},{"damage":18,"enemies":"Gremlin Nob","floor":12,"turns":4},{"damage":2,"enemies":"2 Fungi Beasts","floor":13,"turns":4},{"damage":19,"enemies":"Lots of Slimes","floor":14,"turns":4},{"damage":30,"enemies":"Slime Boss","floor":16,"turns":5}],"seed_played":"-7578494140774284718","potions_obtained":[{"floor":3,"key":"Poison Potion"},{"floor":11,"key":"Weak Potion"},{"floor":12,"key":"EntropicBrew"},{"floor":14,"key":"Weak Potion"}],"is_trial":false,"path_per_floor":["M","?","M","?","M","E","M","R","T","?","?","E","M","M","R","B"],"character_chosen":"DEFECT","items_purchased":[],"campfire_rested":2,"item_purchase_floors":[],"current_hp_per_floor":[76,76,71,76,76,45,38,64,64,64,42,24,22,3,29,0],"gold":234,"neow_bonus":"TEN_PERCENT_HP_BONUS","is_prod":false,"is_daily":false,"chose_seed":false,"campfire_upgraded":0,"win_rate":0.0,"timestamp":1562088593,"path_taken":["M","?","M","?","M","E","M","R","T","?","?","E","?","M","R","BOSS"],"build_version":"2019-07-01","purchased_purges":0,"victory":false,"max_hp_per_floor":[82,82,82,87,87,87,87,87,87,87,87,87,87,87,87,87],"card_choices":[{"not_picked":["Hologram","Steam Power"],"picked":"Barrage","floor":1},{"not_picked":["White Noise","Hologram"],"picked":"Lockon","floor":3},{"not_picked":["Leap","Redo"],"picked":"Reprogram","floor":5},{"not_picked":["Hello World","Reboot"],"picked":"Streamline","floor":6},{"not_picked":["Glacier","Barrage"],"picked":"Sweeping Beam","floor":7},{"not_picked":["Barrage","Reboot"],"picked":"Lockon","floor":11},{"not_picked":["Multi-Cast","Ball Lightning"],"picked":"Coolheaded","floor":12},{"not_picked":["Force Field","Genetic Algorithm"],"picked":"Leap","floor":13},{"not_picked":["Streamline","Go for the Eyes"],"picked":"Sweeping Beam","floor":14}],"player_experience":3298,"relics_obtained":[{"floor":6,"key":"Ornamental Fan"},{"floor":9,"key":"Peace Pipe"},{"floor":11,"key":"Odd Mushroom"},{"floor":12,"key":"Calipers"}],"event_choices":[{"cards_removed":["Strike_B"],"damage_healed":0,"gold_gain":0,"player_choice":"Card Removal","damage_taken":0,"max_hp_gain":0,"max_hp_loss":0,"event_name":"The Cleric","floor":2,"gold_loss":50},{"damage_healed":0,"gold_gain":0,"player_choice":"Donut","damage_taken":0,"max_hp_gain":5,"max_hp_loss":0,"event_name":"Big Fish","floor":4,"gold_loss":0},{"damage_healed":0,"gold_gain":0,"player_choice":"Grow","damage_taken":0,"max_hp_gain":0,"max_hp_loss":0,"event_name":"Living Wall","floor":10,"gold_loss":0,"cards_upgraded":["Lockon"]},{"damage_healed":0,"gold_gain":0,"player_choice":"Fought Mushrooms","damage_taken":0,"max_hp_gain":0,"max_hp_loss":0,"event_name":"Mushrooms","floor":11,"gold_loss":0}],"is_beta":false,"boss_relics":[],"items_purged_floors":[],"is_endless":false,"potions_floor_spawned":[3,11,12,14],"killed_by":"Slime Boss","ascension_level":0}