{"gold_per_floor":[119,130,130,141,21,55,55,84,84,84,109,121,140,152,152,152],"floor_reached":16,"playtime":715,"items_purged":[],"score":146,"play_id":"f6c236cc-9b1e-4d23-91ac-d4ce1eaf3a0e","local_time":"20190709154828","is_ascension_mode":true,"campfire_choices":[{"data":"Corruption","floor":7,"key":"SMITH"},{"data":"Dual Wield","floor":10,"key":"SMITH"},{"data":"Juggernaut","floor":15,"key":"SMITH"}],"neow_cost":"PERCENT_DAMAGE","seed_source_timestamp":941378080451200,"circlet_count":0,"master_deck":["Strike_R","Strike_R","Strike_R","Strike_R","Strike_R","Defend_R","Defend_R","Defend_R","Defend_R","Bash","Whirlwind","True Grit","Ghostly Armor","Shrug It Off","Corruption+1","Pommel Strike","Dual Wield+1","Shrug It Off","Headbutt","Juggernaut+1","Intimidate"],"relics":["Burning Blood","Ancient Tea Set","Turnip","Letter Opener","Anchor"],"potions_floor_usage":[6,6,8,14],"damage_taken":[{"damage":8,"enemies":"Jaw Worm","floor":1,"turns":3},{"damage":6,"enemies":"Cultist","floor":2,"turns":2},{"damage":0,"enemies":"2 Louse","floor":4,"turns":1},{"damage":30,"enemies":"Lagavulin","floor":6,"turns":8},{"damage":22,"enemies":"Gremlin Nob","floor":8,"turns":5},{"damage":25,"enemies":"3 Sentries","floor":11,"turns":8},{"damage":1,"enemies":"Blue Slaver","floor":12,"turns":5},{"damage":14,"enemies":"Gremlin Gang","floor":13,"turns":5},{"damage":1,"enemies":"3 Louse","floor":14,"turns":4},{"damage":43,"enemies":"Hexaghost","floor":16,"turns":8}],"seed_played":"-8589782892110603080","potions_obtained":[{"floor":1,"key":"Fire Potion"},{"floor":2,"key":"Strength Potion"},{"floor":6,"key":"Regen Potion"},{"floor":13,"key":"GamblersBrew"}],"is_trial":false,"path_per_floor":["M","M","?","M","$","E","R","E","T","R","E","M","M","M","R","B"],"character_chosen":"IRONCLAD","items_purchased":["Shrug It Off","Corruption"],"campfire_rested":0,"item_purchase_floors":[5,5],"current_hp_per_floor":[54,54,90,90,90,66,66,55,55,55,36,41,33,38,38,0],"gold":152,"neow_bonus":"THREE_RARE_CARDS","is_prod":false,"is_daily":false,"chose_seed":false,"campfire_upgraded":3,"win_rate":0,"timestamp":1562701708,"path_taken":["M","M","?","?","?","E","R","E","T","R","E","M","M","M","R","BOSS"],"build_version":"2019-01-23","purchased_purges":0,"victory":false,"max_hp_per_floor":[80,80,90,90,90,90,90,90,90,90,90,90,90,90,90,90],"card_choices":[{"not_picked":["Brutality","Berserk"],"picked":"Offering","floor":0},{"not_picked":["Disarm","Body Slam"],"picked":"Whirlwind","floor":1},{"not_picked":["Sword Boomerang","Rage"],"picked":"True Grit","floor":2},{"not_picked":["Flex","Body Slam"],"picked":"Ghostly Armor","floor":4},{"not_picked":["Sever Soul","Anger"],"picked":"Pommel Strike","floor":6},{"not_picked":["Headbutt","Corruption"],"picked":"Dual Wield","floor":8},{"not_picked":["Body Slam","Dark Embrace"],"picked":"Shrug It Off","floor":11},{"not_picked":["Anger","Iron Wave"],"picked":"Headbutt","floor":12},{"not_picked":["Clash","Havoc"],"picked":"Juggernaut","floor":13},{"not_picked":["Anger","Rupture"],"picked":"Intimidate","floor":14}],"player_experience":195994,"relics_obtained":[{"floor":6,"key":"Ancient Tea Set"},{"floor":8,"key":"Turnip"},{"floor":9,"key":"Letter Opener"},{"floor":11,"key":"Anchor"}],"event_choices":[{"cards_removed":["Offering"],"damage_healed":26,"gold_gain":0,"player_choice":"Offered Rare","damage_taken":0,"max_hp_gain":10,"max_hp_loss":0,"event_name":"Bonfire Elementals","floor":3,"gold_loss":0}],"is_beta":false,"boss_relics":[],"items_purged_floors":[],"is_endless":false,"potions_floor_spawned":[1,2,6,13],"killed_by":"Hexaghost","ascension_level":4}