{"gold_per_floor":[114,129,144,144,144,144,34,64,139,139,154,210,160,190,190,290,290,305,44,59,74,74,104,104,134,209,209,224,239,239,254,254,354,354,369,369,369,384,185,185,215,215,290,290,320,335,335,350,350,350],"floor_reached":51,"playtime":5451,"items_purged":["Strike_G","Normality"],"score":928,"play_id":"c0113bf4-247a-4c18-99a8-17b77fa9a85c","local_time":"20190704023246","daily_mods":["Cursed Run","Red Cards","Binary"],"is_ascension_mode":false,"campfire_choices":[{"data":"Body Slam","floor":6,"key":"SMITH"},{"data":"Dash","floor":10,"key":"SMITH"},{"data":"Noxious Fumes","floor":15,"key":"SMITH"},{"data":"Prepared","floor":24,"key":"SMITH"},{"data":"Malaise","floor":27,"key":"SMITH"},{"data":"Prepared","floor":32,"key":"SMITH"},{"data":"Demon Form","floor":40,"key":"SMITH"},{"data":"Infinite Blades","floor":42,"key":"SMITH"},{"data":"Pommel Strike","floor":44,"key":"SMITH"},{"data":"Juggernaut","floor":47,"key":"SMITH"},{"floor":49,"key":"REST"}],"neow_cost":"","seed_source_timestamp":0,"circlet_count":0,"master_deck":["Strike_G","Defend_G","Defend_G","Defend_G","Defend_G+1","Survivor+1","Neutralize","Body Slam+1","Flying Knee","Clumsy","Noxious Fumes+1","Dash+1","Predator","Clumsy","Sever Soul","Twin Strike","Parasite","Malaise+1","Injury","Shame","Parasite","Quick Slash","Demon Form+1","Prepared+1","Dash+1","Noxious Fumes+1","Body Slam","Doubt","Prepared+1","Second Wind","Decay","Pommel Strike+1","Juggernaut+1","Underhanded Strike+1","Madness","Madness","Dagger Throw","Infinite Blades+1","Quick Slash","Eviscerate+1","Clumsy","Backflip+1","Dagger Spray+1","Seeing Red+1","Parasite"],"special_seed":18081,"relics":["Cursed Key","Darkstone Periapt","Du-Vu Doll","Paper Crane","Happy Flower","Bottled Flame","Thread and Needle","Calling Bell","Vajra","Gremlin Horn","Nunchaku","Orichalcum","War Paint","Letter Opener","Empty Cage","Toxic Egg 2","Ninja Scroll","Bronze Scales"],"potions_floor_usage":[16,25,25,38,38,38,50,50],"damage_taken":[{"damage":0,"enemies":"Cultist","floor":1,"turns":5},{"damage":0,"enemies":"Jaw Worm","floor":2,"turns":3},{"damage":5,"enemies":"Small Slimes","floor":3,"turns":3},{"damage":12,"enemies":"Lagavulin","floor":8,"turns":6},{"damage":0,"enemies":"2 Fungi Beasts","floor":11,"turns":2},{"damage":13,"enemies":"3 Sentries","floor":14,"turns":5},{"damage":3,"enemies":"The Guardian","floor":16,"turns":8},{"damage":1,"enemies":"2 Thieves","floor":18,"turns":3},{"damage":3,"enemies":"Shell Parasite","floor":20,"turns":4},{"damage":1,"enemies":"Shelled Parasite and Fungi","floor":21,"turns":5},{"damage":0,"enemies":"Gremlin Leader","floor":23,"turns":5},{"damage":0,"enemies":"Slavers","floor":25,"turns":3},{"damage":0,"enemies":"Cultist and Chosen","floor":28,"turns":4},{"damage":0,"enemies":"Snecko","floor":29,"turns":4},{"damage":0,"enemies":"Centurion and Healer","floor":31,"turns":5},{"damage":14,"enemies":"Champ","floor":33,"turns":9},{"damage":0,"enemies":"3 Shapes","floor":35,"turns":3},{"damage":6,"enemies":"3 Darklings","floor":38,"turns":3},{"damage":19,"enemies":"Reptomancer","floor":41,"turns":6},{"damage":4,"enemies":"Nemesis","floor":45,"turns":5},{"damage":0,"enemies":"Sphere and 2 Shapes","floor":46,"turns":3},{"damage":0,"enemies":"Jaw Worm Horde","floor":48,"turns":3},{"damage":77,"enemies":"Time Eater","floor":50,"turns":9}],"seed_played":"-739304103821418602","potions_obtained":[{"floor":8,"key":"Energy Potion"},{"floor":11,"key":"Weak Potion"},{"floor":14,"key":"Weak Potion"},{"floor":20,"key":"Fire Potion"},{"floor":29,"key":"Explosive Potion"},{"floor":31,"key":"Fire Potion"},{"floor":33,"key":"AttackPotion"},{"floor":38,"key":"LiquidBronze"},{"floor":46,"key":"Swift Potion"},{"floor":48,"key":"LiquidBronze"}],"is_trial":false,"path_per_floor":["M","M","M","?","T","R","$","E","T","R","M","?","?","E","R","B",null,"M","$","M","M","?","E","R","E","T","R","M","M","?","M","R","B",null,"M","?","?","M","$","R","E","R","T","R","E","M","R","M","R","B",null],"character_chosen":"THE_SILENT","items_purchased":["Noxious Fumes","Dash","Quick Slash","Demon Form","Infinite Blades","Quick Slash"],"campfire_rested":1,"item_purchase_floors":[7,7,19,19,39,39],"current_hp_per_floor":[70,70,65,65,71,71,71,59,65,65,65,65,65,52,52,55,106,105,105,102,101,91,91,91,91,97,97,97,97,103,103,103,95,124,124,124,108,102,102,102,83,83,89,89,85,85,85,85,124,53],"gold":350,"neow_bonus":"","is_prod":false,"is_daily":true,"chose_seed":false,"campfire_upgraded":10,"win_rate":0,"timestamp":1562221966,"path_taken":["M","M","?","?","?","R","$","E","T","R","M","?","?","E","R","BOSS","M","$","M","M","?","E","R","E","T","R","M","?","?","M","R","BOSS","M","?","?","M","?","R","E","R","T","R","E","?","R","M","R","BOSS"],"build_version":"2019-07-01","purchased_purges":2,"victory":true,"max_hp_per_floor":[70,70,70,70,76,76,76,76,82,82,82,82,82,82,82,88,106,106,106,106,106,106,106,106,106,112,112,112,112,118,118,118,124,124,124,124,124,124,124,124,124,124,130,130,130,130,130,130,130,136],"card_choices":[{"not_picked":["Bane"],"picked":"Body Slam","floor":1},{"not_picked":["PiercingWail","Armaments"],"picked":"SKIP","floor":2},{"not_picked":["Clothesline"],"picked":"Flying Knee","floor":3},{"not_picked":["Intimidate"],"picked":"Predator","floor":8},{"not_picked":["Inflame"],"picked":"Sever Soul","floor":11},{"not_picked":["Wild Strike"],"picked":"Twin Strike","floor":14},{"not_picked":["Berserk"],"picked":"Malaise","floor":16},{"not_picked":["Underhanded Strike","Accuracy"],"picked":"SKIP","floor":18},{"not_picked":["Armaments"],"picked":"Prepared","floor":20},{"not_picked":["Warcry"],"picked":"Dash+1","floor":21},{"not_picked":["Deadly Poison"],"picked":"Noxious Fumes+1","floor":23},{"not_picked":["Anger+1"],"picked":"Body Slam","floor":25},{"not_picked":["Wild Strike"],"picked":"Prepared","floor":28},{"not_picked":["Reckless Charge+1"],"picked":"Second Wind","floor":29},{"not_picked":["Acrobatics"],"picked":"Pommel Strike","floor":31},{"not_picked":["After Image"],"picked":"Juggernaut","floor":33},{"not_picked":["Calculated Gamble"],"picked":"Underhanded Strike+1","floor":35},{"not_picked":["Flechettes"],"picked":"Dagger Throw","floor":38},{"not_picked":["A Thousand Cuts"],"picked":"Eviscerate+1","floor":41},{"not_picked":["Acrobatics+1"],"picked":"Backflip+1","floor":45},{"not_picked":["Calculated Gamble+1"],"picked":"Dagger Spray+1","floor":46},{"not_picked":["Dodge and Roll+1"],"picked":"Seeing Red+1","floor":48}],"player_experience":94609,"relics_obtained":[{"floor":5,"key":"Paper Crane"},{"floor":8,"key":"Happy Flower"},{"floor":9,"key":"Bottled Flame"},{"floor":14,"key":"Thread and Needle"},{"floor":17,"key":"Vajra"},{"floor":17,"key":"Gremlin Horn"},{"floor":17,"key":"Nunchaku"},{"floor":23,"key":"Orichalcum"},{"floor":25,"key":"War Paint"},{"floor":26,"key":"Letter Opener"},{"floor":41,"key":"Toxic Egg 2"},{"floor":43,"key":"Ninja Scroll"},{"floor":45,"key":"Bronze Scales"}],"event_choices":[{"cards_removed":["Strike_G"],"damage_healed":0,"gold_gain":0,"player_choice":"Forget","damage_taken":0,"max_hp_gain":0,"max_hp_loss":0,"event_name":"Living Wall","floor":4,"gold_loss":0},{"damage_healed":0,"gold_gain":56,"player_choice":"Gained Gold","damage_taken":0,"max_hp_gain":0,"max_hp_loss":0,"event_name":"Golden Wing","floor":12,"gold_loss":0},{"cards_removed":["Strike_G"],"damage_healed":0,"gold_gain":0,"player_choice":"Card Removal","damage_taken":0,"max_hp_gain":0,"max_hp_loss":0,"event_name":"The Cleric","floor":13,"gold_loss":50},{"damage_healed":0,"gold_gain":0,"player_choice":"Damaged","damage_taken":10,"max_hp_gain":0,"max_hp_loss":0,"event_name":"Wheel of Change","floor":22,"gold_loss":0},{"damage_healed":0,"gold_gain":0,"player_choice":"Smashed Altar","damage_taken":0,"max_hp_gain":0,"max_hp_loss":0,"event_name":"Forgotten Altar","floor":30,"gold_loss":0,"cards_obtained":["Decay"]},{"damage_healed":0,"gold_gain":0,"player_choice":"Ignored","damage_taken":0,"max_hp_gain":0,"max_hp_loss":0,"event_name":"Tomb of Lord Red Mask","floor":36,"gold_loss":0},{"damage_healed":0,"gold_gain":0,"player_choice":"Embrace Madness","damage_taken":16,"max_hp_gain":0,"max_hp_loss":0,"event_name":"Winding Halls","floor":37,"gold_loss":0,"cards_obtained":["Madness","Madness"]}],"is_beta":false,"boss_relics":[{"not_picked":["Eternal Feather","White Beast Statue"],"picked":"Calling Bell"},{"not_picked":["WristBlade","Runic Dome"],"picked":"Empty Cage"}],"items_purged_floors":[19,39],"is_endless":false,"potions_floor_spawned":[8,11,14,20,29,31,33,38,46,48],"ascension_level":0}