{"gold_per_floor":[112,112,127,137,148,176,192,192,192,192,45,45,81,104,104,104],"floor_reached":16,"playtime":806,"items_purged":["Injury"],"score":129,"play_id":"4900a9b2-0423-45e9-913c-bb7dbcf33bef","local_time":"20190317211450","is_ascension_mode":true,"campfire_choices":[{"data":"Self Repair","floor":8,"key":"SMITH"},{"data":"Defragment","floor":12,"key":"SMITH"},{"data":"Fusion","floor":15,"key":"SMITH"}],"neow_cost":"NONE","seed_source_timestamp":22365592682386,"circlet_count":0,"master_deck":["Strike_B","Strike_B","Strike_B","Defend_B","Defend_B","Defend_B","Defend_B","Zap","Dualcast","Core Surge","Coolheaded","Steam","Go for the Eyes","Self Repair+1","Fusion+1","Leap","Defragment+1","Core Surge","FTL"],"relics":["Cracked Core","Happy Flower","Anchor","Golden Idol","Bag of Preparation"],"potions_floor_usage":[13],"damage_taken":[{"damage":2,"enemies":"2 Louse","floor":1,"turns":3},{"damage":1,"enemies":"Cultist","floor":3,"turns":3},{"damage":4,"enemies":"Small Slimes","floor":4,"turns":3},{"damage":0,"enemies":"Exordium Thugs","floor":5,"turns":4},{"damage":31,"enemies":"Lagavulin","floor":6,"turns":8},{"damage":10,"enemies":"Exordium Wildlife","floor":7,"turns":4},{"damage":24,"enemies":"3 Sentries","floor":13,"turns":8},{"damage":4,"enemies":"Looter","floor":14,"turns":3},{"damage":33,"enemies":"Hexaghost","floor":16,"turns":9}],"seed_played":"-4643370343576841036","potions_obtained":[{"floor":4,"key":"Fire Potion"},{"floor":5,"key":"PowerPotion"},{"floor":14,"key":"SteroidPotion"}],"is_trial":false,"path_per_floor":["M","?","M","M","M","E","M","R","T","?","$","R","E","M","R","B"],"character_chosen":"DEFECT","items_purchased":["Defragment"],"campfire_rested":0,"item_purchase_floors":[11],"current_hp_per_floor":[73,73,72,68,68,44,41,41,41,41,41,41,27,33,33,0],"gold":104,"neow_bonus":"ONE_RANDOM_RARE_CARD","is_prod":false,"is_daily":false,"chose_seed":false,"campfire_upgraded":3,"win_rate":0,"timestamp":1552871690,"path_taken":["M","?","M","M","?","E","M","R","T","?","?","R","E","M","R","BOSS"],"build_version":"2019-01-23","purchased_purges":1,"victory":false,"max_hp_per_floor":[75,75,75,75,75,75,75,75,75,75,75,75,75,75,75,75],"card_choices":[{"not_picked":["Stack","Loop"],"picked":"Coolheaded","floor":1},{"not_picked":["Double Energy","Rebound"],"picked":"Steam","floor":3},{"not_picked":["Conserve Battery","Leap"],"picked":"Go for the Eyes","floor":4},{"not_picked":["Go for the Eyes","Meteor Strike"],"picked":"Self Repair","floor":5},{"not_picked":["Barrage","Force Field"],"picked":"Fusion","floor":6},{"not_picked":["Cold Snap","Coolheaded"],"picked":"Leap","floor":7},{"not_picked":["Beam Cell","Heatsinks"],"picked":"Core Surge","floor":13},{"not_picked":["Redo","Stack"],"picked":"FTL","floor":14}],"player_experience":121568,"relics_obtained":[{"floor":6,"key":"Happy Flower"},{"floor":9,"key":"Anchor"},{"floor":13,"key":"Bag of Preparation"}],"event_choices":[{"cards_removed":["Strike_B"],"damage_healed":0,"gold_gain":0,"player_choice":"Purged","damage_taken":0,"max_hp_gain":0,"max_hp_loss":0,"event_name":"Purifier","floor":2,"gold_loss":0},{"damage_healed":0,"gold_gain":0,"player_choice":"Take Wound","damage_taken":0,"relics_obtained":["Golden Idol"],"max_hp_gain":0,"max_hp_loss":0,"event_name":"Golden Idol","floor":10,"gold_loss":0,"cards_obtained":["Injury"]}],"is_beta":false,"boss_relics":[],"items_purged_floors":[11],"is_endless":false,"potions_floor_spawned":[4,5,14],"killed_by":"Hexaghost","ascension_level":3}