{"gold_per_floor":[109,125,145,145,159,194,194,233,256,94,94],"floor_reached":11,"playtime":468,"items_purged":["Injury"],"score":83,"play_id":"f448283d-afdc-4a24-a77b-3bf2c4587344","local_time":"20190704125053","is_ascension_mode":false,"campfire_choices":[{"floor":7,"key":"REST"}],"neow_cost":"NONE","seed_source_timestamp":315996331814118,"circlet_count":0,"master_deck":["Strike_B","Strike_B","Strike_B","Strike_B","Defend_B","Defend_B","Defend_B","Defend_B","Zap","Dualcast","Purity","Gash","Gash","Beam Cell","Doom and Gloom","Hologram","Hologram","Static Discharge","Rip and Tear"],"relics":["Cracked Core","Golden Idol","Bottled Lightning","Smiling Mask","Anchor"],"potions_floor_usage":[8],"damage_taken":[{"damage":1,"enemies":"Jaw Worm","floor":1,"turns":3},{"damage":1,"enemies":"2 Louse","floor":2,"turns":2},{"damage":0,"enemies":"Small Slimes","floor":3,"turns":3},{"damage":8,"enemies":"Red Slaver","floor":5,"turns":3},{"damage":43,"enemies":"3 Sentries","floor":6,"turns":6},{"damage":14,"enemies":"Gremlin Nob","floor":8,"turns":4},{"damage":30,"enemies":"Lagavulin","floor":11,"turns":3}],"seed_played":"-5339390727647602051","potions_obtained":[{"floor":1,"key":"Explosive Potion"},{"floor":3,"key":"Block Potion"}],"is_trial":false,"path_per_floor":["M","M","M","?","M","E","R","E","T","$","E"],"character_chosen":"DEFECT","items_purchased":["Static Discharge","Rip and Tear"],"campfire_rested":1,"item_purchase_floors":[10,10],"current_hp_per_floor":[74,73,73,73,65,22,44,30,30,30,0],"gold":94,"neow_bonus":"RANDOM_COLORLESS","is_prod":false,"is_daily":false,"chose_seed":false,"campfire_upgraded":0,"win_rate":0.0,"timestamp":1562255453,"path_taken":["M","M","M","?","M","E","R","E","T","$","E"],"build_version":"2019-07-01","purchased_purges":1,"victory":false,"max_hp_per_floor":[75,75,75,75,75,75,75,75,75,75,75],"card_choices":[{"not_picked":["Sweeping Beam","Steam"],"picked":"Gash","floor":1},{"not_picked":["Ball Lightning","Beam Cell"],"picked":"Gash","floor":2},{"not_picked":["Redo","Stack"],"picked":"Beam Cell","floor":3},{"not_picked":["Steam","Streamline"],"picked":"Doom and Gloom","floor":5},{"not_picked":["Stack","Chaos"],"picked":"Hologram","floor":6},{"not_picked":["Buffer","Fusion"],"picked":"Hologram","floor":8}],"player_experience":41720,"relics_obtained":[{"floor":6,"key":"Bottled Lightning"},{"floor":8,"key":"Smiling Mask"},{"floor":9,"key":"Anchor"}],"event_choices":[{"damage_healed":0,"gold_gain":0,"player_choice":"Take Wound","damage_taken":0,"relics_obtained":["Golden Idol"],"max_hp_gain":0,"max_hp_loss":0,"event_name":"Golden Idol","floor":4,"gold_loss":0,"cards_obtained":["Injury"]}],"is_beta":false,"boss_relics":[],"items_purged_floors":[10],"is_endless":false,"potions_floor_spawned":[1,3],"killed_by":"Lagavulin","ascension_level":0}