{"gold_per_floor":[99,99,99,24,24,24,24,24,24,24,24,24,24,0,0,0,0,0,0,0,0,0,0],"floor_reached":23,"playtime":1206,"items_purged":["Strike_R"],"score":388,"play_id":"d2872b86-0499-4c53-8b11-4a6fbff490e3","local_time":"20190707213430","is_ascension_mode":true,"campfire_choices":[{"data":"Ghostly Armor","floor":6,"key":"SMITH"},{"floor":8,"key":"REST"},{"floor":15,"key":"REST"}],"neow_cost":"NONE","seed_source_timestamp":261025704570089,"circlet_count":0,"master_deck":["AscendersBane","Strike_R+1","Strike_R+1","Strike_R+1","Strike_R+1","Defend_R+1","Defend_R+1","Defend_R+1","Defend_R+1","Bash","Pommel Strike+1","Metallicize","Ghostly Armor+1","Spot Weakness","Metallicize","Shrug It Off","Thunderclap","Juggernaut","Second Wind","Infernal Blade"],"relics":["Ectoplasm","Darkstone Periapt","Paper Frog","Pantograph","Odd Mushroom","White Beast Statue"],"potions_floor_usage":[10,11,23],"damage_taken":[{"damage":7,"enemies":"2 Louse","floor":1,"turns":3},{"damage":0,"enemies":"Cultist","floor":3,"turns":3},{"damage":1,"enemies":"Small Slimes","floor":5,"turns":3},{"damage":22,"enemies":"Lagavulin","floor":7,"turns":7},{"damage":24,"enemies":"3 Sentries","floor":10,"turns":9},{"damage":9,"enemies":"The Mushroom Lair","floor":11,"turns":5},{"damage":15,"enemies":"Exordium Wildlife","floor":13,"turns":6},{"damage":0,"enemies":"Looter","floor":14,"turns":3},{"damage":46,"enemies":"Hexaghost","floor":16,"turns":10},{"damage":27,"enemies":"Chosen","floor":18,"turns":6},{"damage":6,"enemies":"3 Byrds","floor":22,"turns":6},{"damage":46,"enemies":"Book of Stabbing","floor":23,"turns":5}],"seed_played":"-5445756386886289533","potions_obtained":[{"floor":1,"key":"SpeedPotion"},{"floor":5,"key":"BloodPotion"},{"floor":7,"key":"Strength Potion"},{"floor":14,"key":"Strength Potion"},{"floor":18,"key":"Block Potion"},{"floor":22,"key":"SpeedPotion"}],"is_trial":false,"path_per_floor":["M","?","M","$","M","R","E","R","T","E","?","?","M","M","R","B",null,"M","?","?","?","M","E"],"character_chosen":"IRONCLAD","items_purchased":[],"campfire_rested":2,"item_purchase_floors":[],"current_hp_per_floor":[61,61,61,61,60,60,38,60,60,36,45,45,30,30,52,29,64,37,52,52,52,46,0],"gold":0,"neow_bonus":"BOSS_RELIC","is_prod":false,"is_daily":false,"chose_seed":false,"campfire_upgraded":1,"win_rate":0,"timestamp":1562549670,"path_taken":["M","?","M","?","M","R","E","R","T","E","?","?","?","M","R","BOSS","M","?","?","?","M","E"],"build_version":"2019-07-03","purchased_purges":1,"victory":false,"max_hp_per_floor":[75,75,75,75,75,75,75,75,75,75,75,75,75,75,75,75,75,75,75,75,75,75,75],"card_choices":[{"not_picked":["Flex","Twin Strike"],"picked":"Pommel Strike","floor":1},{"not_picked":["Shrug It Off","Spot Weakness"],"picked":"Metallicize","floor":3},{"not_picked":["True Grit","Searing Blow"],"picked":"Ghostly Armor","floor":5},{"not_picked":["Twin Strike","Clothesline"],"picked":"Spot Weakness","floor":7},{"not_picked":["Clothesline","Dropkick"],"picked":"Metallicize","floor":10},{"not_picked":["Disarm","Body Slam"],"picked":"Shrug It Off","floor":11},{"not_picked":["Anger","Heavy Blade"],"picked":"Thunderclap","floor":13},{"not_picked":["Wild Strike","Hemokinesis","Power Through"],"picked":"SKIP","floor":14},{"not_picked":["Exhume","Reaper"],"picked":"Juggernaut","floor":16},{"not_picked":["Flex","Anger"],"picked":"Second Wind","floor":18},{"not_picked":["Sever Soul","Second Wind"],"picked":"Infernal Blade","floor":22}],"player_experience":683636,"relics_obtained":[{"floor":7,"key":"Darkstone Periapt"},{"floor":9,"key":"Paper Frog"},{"floor":10,"key":"Pantograph"},{"floor":11,"key":"Odd Mushroom"}],"event_choices":[{"damage_healed":0,"gold_gain":0,"player_choice":"Upgraded","damage_taken":0,"max_hp_gain":0,"max_hp_loss":0,"event_name":"Upgrade Shrine","floor":2,"gold_loss":0,"cards_upgraded":["Pommel Strike"]},{"damage_healed":0,"gold_gain":0,"player_choice":"Fought Mushrooms","damage_taken":0,"max_hp_gain":0,"max_hp_loss":0,"event_name":"Mushrooms","floor":11,"gold_loss":0},{"damage_healed":0,"gold_gain":0,"player_choice":"Ignored","damage_taken":0,"max_hp_gain":0,"max_hp_loss":0,"event_name":"Golden Shrine","floor":12,"gold_loss":0},{"damage_healed":15,"gold_gain":0,"player_choice":"Heal","damage_taken":0,"max_hp_gain":0,"max_hp_loss":0,"event_name":"The Library","floor":19,"gold_loss":0},{"damage_healed":0,"gold_gain":0,"player_choice":"Ignored","damage_taken":0,"max_hp_gain":0,"max_hp_loss":0,"event_name":"Ghosts","floor":20,"gold_loss":0},{"damage_healed":0,"gold_gain":0,"player_choice":"Simplicity","damage_taken":0,"max_hp_gain":0,"max_hp_loss":0,"event_name":"Back to Basics","floor":21,"gold_loss":0,"cards_upgraded":["Strike_R","Strike_R","Strike_R","Strike_R","Defend_R","Defend_R","Defend_R","Defend_R"]}],"is_beta":true,"boss_relics":[{"not_picked":["Coffee Dripper","Tiny House"],"picked":"White Beast Statue"}],"items_purged_floors":[4],"is_endless":false,"potions_floor_spawned":[1,5,7,14,18,22],"killed_by":"Book of Stabbing","ascension_level":19}