{"gold_per_floor":[111,20,77,77,97,132,132,18,18,36,46,73,73,90,90,195,195,209,479,115,135,153,153,153,153,227,152,15,32,52,69,69,167,217,229,229,241,241,76,76,76],"floor_reached":41,"playtime":2552,"items_purged":[],"score":426,"play_id":"fdc28964-3bff-4046-a336-071d0517da51","local_time":"20190704202756","is_ascension_mode":false,"campfire_choices":[{"floor":7,"key":"REST"},{"floor":13,"key":"REST"},{"floor":15,"key":"REST"},{"floor":23,"key":"REST"},{"data":"Fiend Fire","floor":25,"key":"SMITH"},{"floor":32,"key":"REST"},{"data":"Feel No Pain","floor":40,"key":"SMITH"}],"neow_cost":"NONE","seed_source_timestamp":341343695645817,"circlet_count":0,"master_deck":["Strike_R","Strike_R","Strike_R","Strike_R","Strike_R","Defend_R","Defend_R","Defend_R","Defend_R","Bash","Purity","Anger","Fire Breathing","Clash","Iron Wave","Feel No Pain+1","Sever Soul","Rampage","Pommel Strike","Headbutt","Flame Barrier","Fiend Fire+1","Seeing Red","PanicButton","Pummel","Burning Pact","Warcry","Iron Wave","Warcry","Thunderclap","Dark Embrace","Deep Breath","Sword Boomerang","Fire Breathing","Flame Barrier","Iron Wave+1","Double Tap","Warcry","Juggernaut","Madness","Madness","Twin Strike","Finesse","Infernal Blade"],"relics":["Burning Blood","Shuriken","Anchor","Bottled Tornado","Regal Pillow","Runic Pyramid","Juzu Bracelet","Pantograph","Tiny House"],"potions_floor_usage":[14,16,22,31,33,41],"damage_taken":[{"damage":15,"enemies":"Small Slimes","floor":1,"turns":4},{"damage":0,"enemies":"2 Louse","floor":5,"turns":2},{"damage":24,"enemies":"Gremlin Nob","floor":6,"turns":4},{"damage":0,"enemies":"Cultist","floor":10,"turns":2},{"damage":7,"enemies":"Blue Slaver","floor":11,"turns":3},{"damage":33,"enemies":"Lagavulin","floor":12,"turns":6},{"damage":14,"enemies":"Exordium Wildlife","floor":14,"turns":5},{"damage":45,"enemies":"Slime Boss","floor":16,"turns":10},{"damage":5,"enemies":"Spheric Guardian","floor":18,"turns":3},{"damage":0,"enemies":"Chosen","floor":21,"turns":4},{"damage":16,"enemies":"Shelled Parasite and Fungi","floor":22,"turns":8},{"damage":11,"enemies":"Snake Plant","floor":29,"turns":4},{"damage":3,"enemies":"Snecko","floor":30,"turns":5},{"damage":27,"enemies":"Sentry and Sphere","floor":31,"turns":9},{"damage":42,"enemies":"Champ","floor":33,"turns":12},{"damage":0,"enemies":"3 Shapes","floor":35,"turns":8},{"damage":5,"enemies":"Orb Walker","floor":37,"turns":3},{"damage":119,"enemies":"Giant Head","floor":41,"turns":8}],"seed_played":"8582875006198904903","potions_obtained":[{"floor":5,"key":"Weak Potion"},{"floor":12,"key":"Weak Potion"},{"floor":18,"key":"PowerPotion"},{"floor":21,"key":"PowerPotion"},{"floor":31,"key":"FearPotion"},{"floor":33,"key":"SpeedPotion"},{"floor":34,"key":"BloodPotion"}],"is_trial":false,"path_per_floor":["M","$","?","?","M","E","R","$","T","M","M","E","R","M","R","B",null,"M","?","$","M","M","R","?","R","T","?","$","M","M","M","R","B",null,"M","?","M","?","$","R","E"],"character_chosen":"IRONCLAD","items_purchased":["Fire Breathing","Clash","Feel No Pain","Sever Soul","Juzu Bracelet","Pummel","Burning Pact","Warcry","Iron Wave","Deep Breath","Sword Boomerang","Finesse","Infernal Blade"],"campfire_rested":5,"item_purchase_floors":[2,2,8,8,20,20,20,20,20,28,28,39,39],"current_hp_per_floor":[71,71,71,64,70,52,76,76,76,80,79,52,80,72,80,41,80,80,40,40,46,36,75,75,75,75,75,75,70,73,52,80,44,85,85,74,75,75,75,75,0],"gold":76,"neow_bonus":"RANDOM_COLORLESS","is_prod":false,"is_daily":false,"chose_seed":false,"campfire_upgraded":2,"win_rate":0.0,"timestamp":1562282876,"path_taken":["M","$","?","?","M","E","R","$","T","M","M","E","R","M","R","BOSS","M","?","$","M","M","R","?","R","T","?","$","M","M","M","R","BOSS","M","?","M","?","$","R","E"],"build_version":"2019-07-01","purchased_purges":0,"victory":false,"max_hp_per_floor":[80,80,80,80,80,80,80,80,80,80,80,80,80,80,80,80,80,80,80,80,80,80,80,80,80,80,80,80,80,80,80,80,80,85,85,85,85,85,85,85,85],"card_choices":[{"not_picked":["Dual Wield","Warcry"],"picked":"Anger","floor":1},{"not_picked":["Clothesline","Perfected Strike"],"picked":"Second Wind","floor":5},{"not_picked":["Bloodletting","Intimidate"],"picked":"Iron Wave","floor":6},{"not_picked":["Heavy Blade","Shockwave"],"picked":"Rampage","floor":10},{"not_picked":["Thunderclap","Shrug It Off"],"picked":"Pommel Strike","floor":11},{"not_picked":["Iron Wave","Offering"],"picked":"Headbutt","floor":12},{"not_picked":["Sword Boomerang","Shrug It Off"],"picked":"Flame Barrier","floor":14},{"not_picked":["Demon Form","Bludgeon"],"picked":"Fiend Fire","floor":16},{"not_picked":["Body Slam","Whirlwind"],"picked":"Seeing Red","floor":18},{"not_picked":["Entrench","Spot Weakness"],"picked":"Warcry","floor":21},{"not_picked":["Body Slam","Shockwave"],"picked":"Thunderclap","floor":22},{"not_picked":["Bloodletting","Clash"],"picked":"Fire Breathing","floor":29},{"not_picked":["Armaments","Warcry"],"picked":"Flame Barrier","floor":30},{"not_picked":["Twin Strike","Perfected Strike+1"],"picked":"Iron Wave","floor":31},{"not_picked":["Offering","Barricade"],"picked":"Double Tap","floor":33},{"not_picked":["Thunderclap+1","Heavy Blade"],"picked":"Warcry","floor":34},{"not_picked":["Shrug It Off","Headbutt"],"picked":"Juggernaut","floor":35},{"not_picked":["Heavy Blade+1","Shrug It Off"],"picked":"Twin Strike","floor":37}],"player_experience":48096,"relics_obtained":[{"floor":6,"key":"Anchor"},{"floor":9,"key":"Bottled Tornado"},{"floor":12,"key":"Regal Pillow"},{"floor":26,"key":"Pantograph"}],"event_choices":[{"damage_healed":0,"gold_gain":57,"player_choice":"Gained Gold","damage_taken":0,"max_hp_gain":0,"max_hp_loss":0,"event_name":"Golden Wing","floor":3,"gold_loss":0},{"damage_healed":0,"gold_gain":0,"player_choice":"Success","damage_taken":7,"relics_obtained":["Shuriken"],"max_hp_gain":0,"max_hp_loss":0,"event_name":"Scrap Ooze","floor":4,"gold_loss":0},{"damage_healed":0,"gold_gain":270,"player_choice":"CARD GOLD GOLD GOLD ","damage_taken":40,"max_hp_gain":0,"max_hp_loss":0,"event_name":"Knowing Skull","floor":19,"potions_obtained":[],"gold_loss":0,"cards_obtained":["PanicButton"]},{"damage_healed":0,"gold_gain":0,"player_choice":"Read","damage_taken":0,"max_hp_gain":0,"max_hp_loss":0,"event_name":"The Library","floor":24,"gold_loss":0,"cards_obtained":["Dark Embrace"]},{"cards_removed":["Second Wind"],"damage_healed":0,"gold_gain":0,"player_choice":"Gave Gold","damage_taken":0,"max_hp_gain":0,"max_hp_loss":0,"event_name":"Beggar","floor":27,"gold_loss":75},{"damage_healed":0,"gold_gain":0,"player_choice":"Embrace Madness","damage_taken":11,"max_hp_gain":0,"max_hp_loss":0,"event_name":"Winding Halls","floor":36,"gold_loss":0,"cards_obtained":["Madness","Madness"]},{"damage_healed":0,"gold_gain":0,"player_choice":"Ignored","damage_taken":0,"max_hp_gain":0,"max_hp_loss":0,"event_name":"Tomb of Lord Red Mask","floor":38,"gold_loss":0}],"is_beta":false,"boss_relics":[{"not_picked":["Busted Crown","Mark of Pain"],"picked":"Runic Pyramid"},{"not_picked":["Velvet Choker","Sozu"],"picked":"Tiny House"}],"items_purged_floors":[],"is_endless":false,"potions_floor_spawned":[5,12,18,21,31,33],"killed_by":"Giant Head","ascension_level":0}