{"gold_per_floor":[110,110,120,120,133,167,177,177,177,206,222,239,219,52,52,154,154,170,170,200,210,0,0,19,19,45,45,59,59,76,0,0,97,97,110,110,332,147,160,160,492,492,517,517,90,90,90,100,100,100,100,100,19,50,50],"floor_reached":55,"playtime":6938,"items_purged":["Pain"],"score":703,"play_id":"df5dcbcc-534c-4525-a60b-306f1767f862","local_time":"20190706064853","is_ascension_mode":false,"campfire_choices":[{"floor":8,"key":"REST"},{"floor":15,"key":"REST"},{"floor":23,"key":"REST"},{"floor":25,"key":"REST"},{"floor":29,"key":"REST"},{"floor":32,"key":"REST"},{"floor":40,"key":"REST"},{"floor":42,"key":"REST"},{"data":"Buffer","floor":44,"key":"SMITH"},{"floor":47,"key":"RECALL"},{"floor":49,"key":"REST"},{"data":"Panacea","floor":52,"key":"SMITH"}],"neow_cost":"NONE","seed_source_timestamp":402548874177207,"circlet_count":0,"master_deck":["Strike_B","Strike_B","Strike_B","Defend_B","Defend_B","Defend_B","Defend_B","Zap","Dualcast","Steam","Turbo","Panacea+1","White Noise","Sweeping Beam","Genetic Algorithm","Hologram","Hologram","Loop","Go for the Eyes","Capacitor","Cold Snap+1","Leap","Buffer+1","Heatsinks","Barrage+1","Ball Lightning+1","Conserve Battery","Turbo","Chill","Storm","Defragment","Biased Cognition","Stack+1","Defragment","Fusion","Compile Driver","Turbo","Barrage+1","Chaos+1","Storm","Barrage","Good Instincts","Secret Technique","Buffer+1","Stack","Thunder Strike","Steam","Thunder Strike"],"relics":["Cracked Core","Blood Vial","Mummified Hand","Lantern","Inserter","Red Mask","Membership Card","Whetstone","WarpedTongs","Lizard Tail","Bronze Scales","Old Coin","Orichalcum","Happy Flower","Gambling Chip","Vajra"],"potions_floor_usage":[12,16,16,20,24,30,33,50],"damage_taken":[{"damage":1,"enemies":"Jaw Worm","floor":1,"turns":4},{"damage":0,"enemies":"Cultist","floor":3,"turns":4},{"damage":0,"enemies":"2 Louse","floor":5,"turns":3},{"damage":19,"enemies":"Lagavulin","floor":6,"turns":8},{"damage":11,"enemies":"Exordium Thugs","floor":7,"turns":5},{"damage":29,"enemies":"3 Sentries","floor":10,"turns":5},{"damage":7,"enemies":"Looter","floor":11,"turns":3},{"damage":2,"enemies":"Blue Slaver","floor":12,"turns":3},{"damage":10,"enemies":"Slime Boss","floor":16,"turns":14},{"damage":0,"enemies":"Chosen","floor":18,"turns":6},{"damage":45,"enemies":"Masked Bandits","floor":20,"turns":7},{"damage":4,"enemies":"Shell Parasite","floor":21,"turns":10},{"damage":55,"enemies":"Sentry and Sphere","floor":24,"turns":8},{"damage":15,"enemies":"Shelled Parasite and Fungi","floor":28,"turns":7},{"damage":16,"enemies":"Centurion and Healer","floor":30,"turns":14},{"damage":16,"enemies":"Automaton","floor":33,"turns":12},{"damage":22,"enemies":"Orb Walker","floor":35,"turns":6},{"damage":7,"enemies":"3 Shapes","floor":39,"turns":6},{"damage":46,"enemies":"Nemesis","floor":41,"turns":7},{"damage":12,"enemies":"Jaw Worm Horde","floor":48,"turns":5},{"damage":72,"enemies":"Donu and Deca","floor":50,"turns":9},{"damage":74,"enemies":"Shield and Spear","floor":54,"turns":8},{"damage":54,"enemies":"The Heart","floor":55,"turns":3}],"seed_played":"-7037672987167779925","potions_obtained":[{"floor":1,"key":"FocusPotion"},{"floor":6,"key":"Dexterity Potion"},{"floor":10,"key":"Fire Potion"},{"floor":12,"key":"Fruit Juice"},{"floor":13,"key":"SneckoOil"},{"floor":18,"key":"SkillPotion"},{"floor":28,"key":"GamblersBrew"},{"floor":30,"key":"Dexterity Potion"},{"floor":33,"key":"Dexterity Potion"},{"floor":35,"key":"SpeedPotion"}],"is_trial":false,"path_per_floor":["M","?","M","?","M","E","M","R","T","E","M","M","?","$","R","B",null,"M","?","?","M","$","R","M","R","T","?","M","R","M","$","R","B",null,"M","?","?","$","M","R","E","R","T","R","$","?","R","M","R","B",null,"R","$","E","B"],"character_chosen":"DEFECT","items_purchased":["Capacitor","Cold Snap","Leap","Membership Card","Conserve Battery","Defragment","Bronze Scales","Defragment","Fusion","Compile Driver","Turbo","Storm","Happy Flower","Gambling Chip","Barrage","Good Instincts","Secret Technique","Thunder Strike","Steam"],"campfire_rested":9,"item_purchase_floors":[14,14,14,22,22,31,38,38,38,38,38,45,45,45,45,45,45,53,53],"current_hp_per_floor":[74,74,74,74,75,56,47,69,69,42,37,42,42,42,66,58,80,80,80,35,33,33,57,4,28,28,28,15,39,25,25,49,35,80,58,58,58,58,53,77,33,57,57,57,57,57,57,47,71,1,80,80,80,6,0],"gold":50,"neow_bonus":"REMOVE_CARD","is_prod":false,"is_daily":false,"chose_seed":false,"campfire_upgraded":2,"win_rate":0,"timestamp":1562410133,"path_taken":["M","?","?","?","M","E","M","R","T","E","?","M","?","$","R","BOSS","M","?","?","M","?","R","M","R","T","?","M","R","?","$","R","BOSS","M","?","?","?","M","R","E","R","T","R","$","?","R","M","R","BOSS","R","$","E","BOSS"],"build_version":"2019-07-05","purchased_purges":1,"victory":false,"max_hp_per_floor":[75,75,75,75,75,75,75,75,75,75,75,80,80,80,80,80,80,80,80,80,80,80,80,80,80,80,80,80,80,80,80,80,80,80,80,80,80,80,80,80,80,80,80,80,80,80,80,80,80,80,80,80,80,80,80],"card_choices":[{"not_picked":["Sunder","Heatsinks"],"picked":"Steam","floor":1},{"not_picked":["Conserve Battery","Consume"],"picked":"White Noise","floor":3},{"not_picked":["Beam Cell","Skim"],"picked":"Sweeping Beam","floor":5},{"not_picked":["Glacier","Hologram"],"picked":"Genetic Algorithm","floor":6},{"not_picked":["Lockon","Redo"],"picked":"Hologram","floor":7},{"not_picked":["Meteor Strike","Hello World"],"picked":"Hologram","floor":10},{"not_picked":["Leap","Steam"],"picked":"Loop","floor":11},{"not_picked":["Barrage","Sweeping Beam"],"picked":"Go for the Eyes","floor":12},{"not_picked":["Amplify","Reboot"],"picked":"Buffer","floor":16},{"not_picked":["Darkness+1","Conserve Battery"],"picked":"Heatsinks","floor":18},{"not_picked":["Streamline","Rip and Tear"],"picked":"Barrage","floor":20},{"not_picked":["Turbo+1","Leap+1"],"picked":"Ball Lightning+1","floor":21},{"not_picked":["Hello World","Steam Power"],"picked":"Turbo","floor":24},{"not_picked":["Steam Power","Darkness"],"picked":"Chill","floor":28},{"not_picked":["Fusion","Genetic Algorithm"],"picked":"Storm","floor":30},{"not_picked":["Multi-Cast","Reboot"],"picked":"Biased Cognition","floor":33},{"not_picked":["Turbo","Gash"],"picked":"Stack+1","floor":35},{"not_picked":["Blizzard","Beam Cell+1"],"picked":"Barrage+1","floor":39},{"not_picked":["Reinforced Body","Streamline+1"],"picked":"Chaos+1","floor":41},{"not_picked":["Undo","Self Repair"],"picked":"Stack","floor":48},{"not_picked":["Turbo","Capacitor"],"picked":"Thunder Strike","floor":54}],"player_experience":138630,"relics_obtained":[{"floor":4,"key":"Blood Vial"},{"floor":6,"key":"Mummified Hand"},{"floor":10,"key":"Lantern"},{"floor":20,"key":"Red Mask"},{"floor":26,"key":"Whetstone"},{"floor":41,"key":"Old Coin"},{"floor":43,"key":"Orichalcum"},{"floor":54,"key":"Vajra"}],"event_choices":[{"damage_healed":0,"gold_gain":0,"player_choice":"2 cards matched","damage_taken":0,"max_hp_gain":0,"max_hp_loss":0,"event_name":"Match and Keep!","floor":2,"gold_loss":0,"cards_obtained":["Turbo","Panacea"]},{"damage_healed":0,"gold_gain":0,"player_choice":"Relic","damage_taken":0,"max_hp_gain":0,"max_hp_loss":0,"event_name":"Wheel of Change","floor":4,"gold_loss":0},{"damage_healed":0,"gold_gain":0,"player_choice":"Bought 1 Potion","damage_taken":0,"max_hp_gain":0,"max_hp_loss":0,"event_name":"The Woman in Blue","floor":13,"gold_loss":0},{"damage_healed":0,"gold_gain":0,"player_choice":"Ignored","damage_taken":0,"max_hp_gain":0,"max_hp_loss":0,"event_name":"Ghosts","floor":19,"gold_loss":0},{"damage_healed":0,"gold_gain":0,"player_choice":"Fought Bandits","damage_taken":0,"max_hp_gain":0,"max_hp_loss":0,"event_name":"Masked Bandits","floor":20,"gold_loss":0},{"damage_healed":0,"gold_gain":0,"player_choice":"Rummage","damage_taken":0,"relics_obtained":["WarpedTongs"],"max_hp_gain":0,"max_hp_loss":0,"event_name":"Accursed Blacksmith","floor":27,"gold_loss":0,"cards_obtained":["Pain"]},{"damage_healed":0,"gold_gain":0,"player_choice":"Ignored","damage_taken":0,"max_hp_gain":0,"max_hp_loss":0,"event_name":"Mysterious Sphere","floor":36,"gold_loss":0},{"damage_healed":0,"gold_gain":222,"player_choice":"Wore Mask","damage_taken":0,"max_hp_gain":0,"max_hp_loss":0,"event_name":"Tomb of Lord Red Mask","floor":37,"gold_loss":0},{"damage_healed":0,"gold_gain":0,"player_choice":"Copied","damage_taken":0,"max_hp_gain":0,"max_hp_loss":0,"event_name":"Duplicator","floor":46,"gold_loss":0,"cards_obtained":["Buffer"]}],"is_beta":false,"boss_relics":[{"not_picked":["Calling Bell","Ectoplasm"],"picked":"Inserter"},{"not_picked":["Empty Cage","Orrery"],"picked":"Lizard Tail"}],"items_purged_floors":[31],"is_endless":false,"potions_floor_spawned":[1,6,10,11,12,18,28,30,33,35],"killed_by":"The Heart","ascension_level":0}