{"gold_per_floor":[112,124,45,63,79,154,154,183,259,17,17,29,29,29,29,132,132,148,168,44,55,55,55,71,71,71,83,97,107,107,139,139,139],"floor_reached":33,"playtime":2795,"items_purged":[],"score":319,"play_id":"5c5379f2-8f0e-428f-a6c4-89275d612b82","local_time":"20190703010232","is_ascension_mode":false,"campfire_choices":[{"floor":11,"key":"REST"},{"floor":13,"key":"REST"},{"data":"Survivor","floor":15,"key":"SMITH"},{"floor":23,"key":"REST"},{"floor":25,"key":"REST"},{"floor":30,"key":"REST"},{"floor":32,"key":"REST"}],"neow_cost":"NONE","seed_source_timestamp":184749732499514,"circlet_count":0,"master_deck":["Strike_G","Strike_G","Strike_G","Strike_G","Strike_G","Defend_G","Defend_G","Defend_G","Defend_G","Survivor+1","Neutralize","All Out Attack","Prepared","Prepared","Flying Knee","Flying Knee","Sucker Punch","Terror","Escape Plan","Poisoned Stab","Deadly Poison","Flying Knee","PiercingWail","A Thousand Cuts","Backstab","Dagger Throw+1","After Image","Dagger Spray","Sucker Punch+1","Corpse Explosion","Endless Agony+1","Bane+1","Calculated Gamble+1","Blade Dance+1","Bouncing Flask","Quick Slash+1","Deflect","Backflip"],"relics":["Ring of the Snake","Snake Skull","Mango","Lantern","Mummified Hand","Dream Catcher","WristBlade","Darkstone Periapt","Bronze Scales"],"potions_floor_usage":[28,33,33,33],"damage_taken":[{"damage":0,"enemies":"Small Slimes","floor":1,"turns":5},{"damage":0,"enemies":"Jaw Worm","floor":2,"turns":6},{"damage":0,"enemies":"2 Louse","floor":4,"turns":3},{"damage":3,"enemies":"Gremlin Gang","floor":5,"turns":4},{"damage":27,"enemies":"Lagavulin","floor":8,"turns":9},{"damage":0,"enemies":"Exordium Thugs","floor":12,"turns":4},{"damage":46,"enemies":"The Guardian","floor":16,"turns":8},{"damage":16,"enemies":"Chosen","floor":18,"turns":5},{"damage":11,"enemies":"Shell Parasite","floor":19,"turns":4},{"damage":11,"enemies":"Chosen and Byrds","floor":21,"turns":5},{"damage":24,"enemies":"Snecko","floor":24,"turns":5},{"damage":19,"enemies":"3 Cultists","floor":27,"turns":6},{"damage":23,"enemies":"Shelled Parasite and Fungi","floor":28,"turns":3},{"damage":1,"enemies":"Cultist and Chosen","floor":29,"turns":4},{"damage":0,"enemies":"Gremlin Leader","floor":31,"turns":4},{"damage":81,"enemies":"Collector","floor":33,"turns":8}],"seed_played":"-7473491973507220219","potions_obtained":[{"floor":1,"key":"FearPotion"},{"floor":2,"key":"Ancient Potion"},{"floor":8,"key":"Swift Potion"},{"floor":21,"key":"Poison Potion"},{"floor":28,"key":"SkillPotion"}],"is_trial":false,"path_per_floor":["M","M","$","M","M","?","?","E","T","$","R","M","R","?","R","B",null,"M","M","$","M","?","R","M","R","T","M","M","M","R","E","R","B"],"character_chosen":"THE_SILENT","items_purchased":["Prepared","Flying Knee","Dream Catcher","Escape Plan","Poisoned Stab","After Image","Dagger Spray"],"campfire_rested":6,"item_purchase_floors":[3,3,10,10,10,20,20],"current_hp_per_floor":[70,70,70,70,67,56,67,40,40,40,65,65,84,84,84,38,84,68,57,57,46,30,55,31,56,56,37,14,13,38,38,63,0],"gold":139,"neow_bonus":"RANDOM_COMMON_RELIC","is_prod":false,"is_daily":false,"chose_seed":false,"campfire_upgraded":1,"win_rate":0.0,"timestamp":1562126552,"path_taken":["M","M","$","M","M","?","?","E","T","?","R","M","R","?","R","BOSS","M","?","$","M","?","R","M","R","T","M","M","M","R","E","R","BOSS"],"build_version":"2019-07-01","purchased_purges":0,"victory":false,"max_hp_per_floor":[70,70,70,70,70,70,84,84,84,84,84,84,84,84,84,84,84,84,84,84,84,84,84,84,84,84,84,84,84,84,84,84,84],"card_choices":[{"not_picked":["Dash","Blur"],"picked":"All Out Attack","floor":1},{"not_picked":["Outmaneuver","Sucker Punch"],"picked":"Prepared","floor":2},{"not_picked":["Deadly Poison","Blur"],"picked":"Flying Knee","floor":4},{"not_picked":["Escape Plan","PiercingWail"],"picked":"Sucker Punch","floor":5},{"not_picked":["Wraith Form v2","Bane"],"picked":"Terror","floor":8},{"not_picked":["Flying Knee","Finisher"],"picked":"Deadly Poison","floor":11},{"not_picked":["PiercingWail","Outmaneuver"],"picked":"Flying Knee","floor":12},{"not_picked":["Flying Knee","Catalyst"],"picked":"PiercingWail","floor":13},{"not_picked":["Envenom","Unload"],"picked":"A Thousand Cuts","floor":16},{"not_picked":["Poisoned Stab","Heel Hook"],"picked":"Backstab","floor":18},{"not_picked":["Crippling Poison","Riddle With Holes"],"picked":"Dagger Throw+1","floor":19},{"not_picked":["Skewer","Backflip+1"],"picked":"Sucker Punch+1","floor":21},{"not_picked":["Outmaneuver","Underhanded Strike"],"picked":"Corpse Explosion","floor":23},{"not_picked":["Tactician","Dagger Throw"],"picked":"Endless Agony+1","floor":24},{"not_picked":["Predator","Dagger Throw+1"],"picked":"Bane+1","floor":25},{"not_picked":["Outmaneuver","Sucker Punch"],"picked":"Calculated Gamble+1","floor":27},{"not_picked":["Flechettes","Poisoned Stab"],"picked":"Blade Dance+1","floor":28},{"not_picked":["Poisoned Stab","Skewer"],"picked":"Bouncing Flask","floor":29},{"not_picked":["Bane+1","Caltrops"],"picked":"Quick Slash+1","floor":30},{"not_picked":["Terror","Leg Sweep"],"picked":"Deflect","floor":31},{"not_picked":["Poisoned Stab","Quick Slash"],"picked":"Backflip","floor":32}],"player_experience":20576,"relics_obtained":[{"floor":8,"key":"Lantern"},{"floor":9,"key":"Mummified Hand"},{"floor":26,"key":"Darkstone Periapt"},{"floor":31,"key":"Bronze Scales"}],"event_choices":[{"damage_healed":0,"gold_gain":75,"player_choice":"Gather Gold","damage_taken":11,"max_hp_gain":0,"max_hp_loss":0,"event_name":"World of Goop","floor":6,"gold_loss":0},{"damage_healed":0,"gold_gain":0,"player_choice":"Success","damage_taken":3,"relics_obtained":["Mango"],"max_hp_gain":0,"max_hp_loss":0,"event_name":"Scrap Ooze","floor":7,"gold_loss":0},{"cards_removed":["Defend_G"],"damage_healed":0,"gold_gain":0,"player_choice":"Offered Basic","damage_taken":0,"max_hp_gain":0,"max_hp_loss":0,"event_name":"Bonfire Elementals","floor":14,"gold_loss":0},{"damage_healed":0,"gold_gain":0,"player_choice":"Obtained Book","damage_taken":16,"max_hp_gain":0,"max_hp_loss":0,"event_name":"Cursed Tome","floor":22,"gold_loss":0}],"is_beta":false,"boss_relics":[{"not_picked":["Ectoplasm","Tiny House"],"picked":"WristBlade"}],"items_purged_floors":[],"is_endless":false,"potions_floor_spawned":[1,2,8,21,24,28],"killed_by":"Collector","ascension_level":0}