{"gold_per_floor":[115,115,134,149,168,168,181,181,181,34,46,46,64,80,80,176,176,190,190,22,22,22],"floor_reached":22,"playtime":999,"items_purged":["Strike_R","Strike_R"],"score":178,"play_id":"b0c111c2-0375-4094-9c99-9d5431f03b79","local_time":"20190328100901","is_ascension_mode":false,"campfire_choices":[{"data":"True Grit","floor":6,"key":"SMITH"},{"data":"Berserk","floor":8,"key":"SMITH"},{"data":"Evolve","floor":15,"key":"SMITH"}],"neow_cost":"NONE","seed_source_timestamp":1210489084989413,"circlet_count":0,"master_deck":["Strike_R","Strike_R","Defend_R","Defend_R","Defend_R","Defend_R","Bash","Flex","Entrench","True Grit+1","Berserk+1","Anger","True Grit","Armaments","Flex","Evolve+1","Wild Strike","Limit Break","Power Through"],"relics":["Lizard Tail","Shuriken","Singing Bowl","Mark of Pain"],"potions_floor_usage":[5,20,22],"damage_taken":[{"damage":5,"enemies":"Small Slimes","floor":1,"turns":5},{"damage":6,"enemies":"Cultist","floor":3,"turns":3},{"damage":8,"enemies":"Jaw Worm","floor":4,"turns":3},{"damage":3,"enemies":"3 Louse","floor":5,"turns":5},{"damage":10,"enemies":"2 Fungi Beasts","floor":7,"turns":5},{"damage":1,"enemies":"Exordium Wildlife","floor":11,"turns":4},{"damage":5,"enemies":"Blue Slaver","floor":13,"turns":5},{"damage":9,"enemies":"Large Slime","floor":14,"turns":8},{"damage":35,"enemies":"Slime Boss","floor":16,"turns":8},{"damage":54,"enemies":"Spheric Guardian","floor":18,"turns":10},{"damage":36,"enemies":"Colosseum Slavers","floor":22,"turns":4}],"seed_played":"-4710131417076554813","potions_obtained":[{"floor":4,"key":"AttackPotion"},{"floor":13,"key":"SpeedPotion"},{"floor":16,"key":"Fruit Juice"}],"is_trial":false,"path_per_floor":["M","?","M","M","M","R","M","R","T","$","M","?","M","M","R","B",null,"M","?","$","$","?"],"character_chosen":"IRONCLAD","items_purchased":["Anger","True Grit","Power Through"],"campfire_rested":0,"item_purchase_floors":[10,10,20],"current_hp_per_floor":[75,68,62,54,51,51,41,41,41,41,40,40,37,28,28,41,82,30,30,35,35,0],"gold":22,"neow_bonus":"BOSS_RELIC","is_prod":false,"is_daily":false,"chose_seed":false,"campfire_upgraded":3,"win_rate":0.0,"timestamp":1553782141,"path_taken":["M","?","M","M","M","R","M","R","T","$","M","?","?","?","R","BOSS","M","?","?","$","?"],"build_version":"2019-01-23","purchased_purges":2,"victory":false,"max_hp_per_floor":[80,80,80,80,80,80,80,80,80,80,80,80,82,82,82,82,82,84,84,89,89,89],"card_choices":[{"not_picked":["Havoc","Sentinel"],"picked":"Flex","floor":1},{"not_picked":["Shrug It Off","Evolve"],"picked":"Entrench","floor":3},{"not_picked":["Cleave","Havoc","Wild Strike"],"picked":"SKIP","floor":4},{"not_picked":["Perfected Strike","Pommel Strike"],"picked":"True Grit","floor":5},{"not_picked":["Seeing Red","Dual Wield"],"picked":"Berserk","floor":7},{"not_picked":["Cleave","Warcry"],"picked":"Armaments","floor":11},{"not_picked":["Havoc","Power Through","Cleave"],"picked":"Singing Bowl","floor":13},{"not_picked":["Twin Strike","Rage"],"picked":"Wild Strike","floor":14},{"not_picked":["Reaper","Fiend Fire"],"picked":"Limit Break","floor":16},{"not_picked":["Warcry","Sword Boomerang","Headbutt+1"],"picked":"Singing Bowl","floor":18}],"player_experience":61733,"relics_obtained":[{"floor":9,"key":"Singing Bowl"}],"event_choices":[{"damage_healed":0,"gold_gain":0,"player_choice":"Success","damage_taken":7,"relics_obtained":["Shuriken"],"max_hp_gain":0,"max_hp_loss":0,"event_name":"Scrap Ooze","floor":2,"gold_loss":0},{"damage_healed":0,"gold_gain":0,"player_choice":"2 cards matched","damage_taken":0,"max_hp_gain":0,"max_hp_loss":0,"event_name":"Match and Keep!","floor":12,"gold_loss":0,"cards_obtained":["Flex","Evolve"]},{"cards_removed":["Strike_R"],"damage_healed":0,"gold_gain":0,"player_choice":"Purged","damage_taken":0,"max_hp_gain":0,"max_hp_loss":0,"event_name":"Purifier","floor":19,"gold_loss":0},{"damage_healed":0,"gold_gain":0,"player_choice":"Fight","damage_taken":0,"max_hp_gain":0,"max_hp_loss":0,"event_name":"Colosseum","floor":22,"gold_loss":0}],"is_beta":false,"boss_relics":[{"not_picked":["Coffee Dripper","Runic Dome"],"picked":"Mark of Pain"}],"items_purged_floors":[10,20],"is_endless":false,"potions_floor_spawned":[4,13,16],"killed_by":"Colosseum Slavers","ascension_level":0}