{"gold_per_floor":[110,110,185,185,69,69,79,79,147,167,17,32,32,46,46,147,147,159,176,194,208,219,219,247,247,247,265,12,30,30,50,50,145,145,161,161,172,172,185,185,197,197,197,217,68,68,81,92,92,92],"floor_reached":50,"playtime":2200,"items_purged":["Strike_R"],"score":485,"play_id":"7820c81d-4496-4211-842e-c71574f5cf12","local_time":"20190327180039","is_ascension_mode":false,"campfire_choices":[{"data":"Inflame","floor":6.0,"key":"SMITH"},{"data":"Seeing Red","floor":8.0,"key":"SMITH"},{"data":"Heavy Blade","floor":13.0,"key":"SMITH"},{"data":"Flex","floor":15.0,"key":"SMITH"},{"data":"Flex","floor":23.0,"key":"SMITH"},{"data":"Heavy Blade","floor":30.0,"key":"SMITH"},{"data":"Flame Barrier","floor":32.0,"key":"SMITH"},{"data":"Heavy Blade","floor":40,"key":"SMITH"},{"data":"1","floor":46,"key":"LIFT"},{"data":"2","floor":49,"key":"LIFT"}],"neow_cost":"NONE","seed_source_timestamp":1151163077277664,"circlet_count":0,"master_deck":["Strike_R+1","Strike_R+1","Strike_R+1","Defend_R+1","Defend_R+1","Defend_R+1","Defend_R+1","Bash+1","Shrug It Off+1","Inflame+1","Disarm+1","Seeing Red+1","Flex+1","Metallicize+1","Heavy Blade+1","Offering+1","Metallicize+1","True Grit+1","Entrench+1","Flex+1","Heavy Blade+1","Entrench+1","Flame Barrier+1","Limit Break+1","Heavy Blade+1","Flex+1"],"special_seed":0,"relics":["Velvet Choker","Blue Candle","Runic Pyramid","Dream Catcher","Pantograph","Matryoshka","Coffee Dripper","Mark of the Bloom","Anchor","Girya","Lantern"],"potions_floor_usage":[44],"damage_taken":[{"damage":6.0,"enemies":"Jaw Worm","floor":1.0,"turns":3.0},{"damage":0.0,"enemies":"2 Louse","floor":7.0,"turns":4.0},{"damage":2.0,"enemies":"Small Slimes","floor":10.0,"turns":4.0},{"damage":9.0,"enemies":"Gremlin Gang","floor":12.0,"turns":6.0},{"damage":0.0,"enemies":"Looter","floor":14.0,"turns":4.0},{"damage":17.0,"enemies":"Hexaghost","floor":16.0,"turns":7.0},{"damage":0.0,"enemies":"Chosen","floor":18.0,"turns":4.0},{"damage":6.0,"enemies":"Spheric Guardian","floor":19.0,"turns":3.0},{"damage":6.0,"enemies":"Cultist and Chosen","floor":20.0,"turns":5.0},{"damage":6.0,"enemies":"Snecko","floor":21.0,"turns":4.0},{"damage":8.0,"enemies":"Centurion and Healer","floor":22.0,"turns":7.0},{"damage":20.0,"enemies":"Book of Stabbing","floor":24.0,"turns":5.0},{"damage":6.0,"enemies":"3 Cultists","floor":27.0,"turns":5.0},{"damage":8.0,"enemies":"Snake Plant","floor":29.0,"turns":5.0},{"damage":5.0,"enemies":"Snecko","floor":31.0,"turns":5.0},{"damage":36.0,"enemies":"Champ","floor":33.0,"turns":11.0},{"damage":0.0,"enemies":"Orb Walker","floor":35.0,"turns":3.0},{"damage":8.0,"enemies":"3 Darklings","floor":37.0,"turns":6.0},{"damage":26,"enemies":"4 Shapes","floor":39,"turns":5},{"damage":11,"enemies":"Sphere and 2 Shapes","floor":41,"turns":6},{"damage":24,"enemies":"Writhing Mass","floor":44,"turns":7},{"damage":0,"enemies":"Jaw Worm Horde","floor":47,"turns":3},{"damage":2,"enemies":"3 Darklings","floor":48,"turns":6},{"damage":14,"enemies":"Awakened One","floor":50,"turns":5}],"seed_played":"-513610200356683904","potions_obtained":[{"floor":4.0,"key":"Fruit Juice"},{"floor":4.0,"key":"Dexterity Potion"},{"floor":4.0,"key":"Swift Potion"},{"floor":10.0,"key":"Poison Potion"},{"floor":21.0,"key":"Explosive Potion"},{"floor":24.0,"key":"EssenceOfSteel"},{"floor":29.0,"key":"FearPotion"},{"floor":31.0,"key":"SneckoOil"},{"floor":41,"key":"Regen Potion"},{"floor":47,"key":"Regen Potion"}],"is_trial":false,"path_per_floor":["M","?","?","?","$","R","M","R","T","M","$","M","R","M","R","B",null,"M","M","M","M","M","R","E","?","T","M","$","M","R","M","R","B",null,"M","?","M","?","M","R","M","?","T","M","$","R","M","M","R","B"],"character_chosen":"IRONCLAD","items_purchased":["Inflame","Disarm","Metallicize","Matryoshka","Lantern"],"campfire_rested":0,"item_purchase_floors":[5,5,11,28,45],"current_hp_per_floor":[74,67,56,56,56,56,56,56,56,59,59,50,50,50,50,33,85,85,79,73,67,59,59,39,67,67,61,61,53,53,48,48,37,85,85,85,77,77,51,51,40,40,40,16,16,16,16,14,14,0],"gold":92,"neow_bonus":"BOSS_RELIC","is_prod":false,"is_daily":false,"chose_seed":false,"campfire_upgraded":8,"win_rate":0.0,"timestamp":1553724039,"path_taken":["M","?","?","?","$","R","M","R","T","M","$","M","R","M","R","BOSS","M","M","?","M","?","R","E","?","T","M","$","M","R","M","R","BOSS","M","?","?","?","M","R","M","?","T","M","$","R","M","M","R","BOSS"],"build_version":"2019-01-23","purchased_purges":1,"victory":false,"max_hp_per_floor":[80,80,80,80,80,80,80,80,80,85,85,85,85,85,85,85,85,85,85,85,85,85,85,85,85,85,85,85,85,85,85,85,85,85,85,85,85,85,85,85,85,74,74,74,74,74,74,74,74,74],"card_choices":[{"not_picked":["Twin Strike","Flex"],"picked":"Shrug It Off","floor":1.0},{"not_picked":["Dropkick","Shrug It Off"],"picked":"Seeing Red","floor":7.0},{"not_picked":["Battle Trance","Feel No Pain"],"picked":"Flex","floor":10.0},{"not_picked":["Perfected Strike","Exhume"],"picked":"Heavy Blade","floor":12.0},{"not_picked":["Bloodletting","Clothesline","Hemokinesis"],"picked":"SKIP","floor":14.0},{"not_picked":["Immolate","Berserk"],"picked":"Offering","floor":16.0},{"not_picked":["Body Slam","Clash"],"picked":"Metallicize","floor":18.0},{"not_picked":["Iron Wave","Dropkick"],"picked":"True Grit","floor":19.0},{"not_picked":["Havoc","Shockwave"],"picked":"Entrench","floor":20.0},{"not_picked":["Combust+1","Burning Pact","Warcry"],"picked":"SKIP","floor":21.0},{"not_picked":["Whirlwind+1","Reaper"],"picked":"Flex","floor":22.0},{"not_picked":["Sword Boomerang","Havoc"],"picked":"Heavy Blade","floor":24.0},{"not_picked":["Dual Wield","Hemokinesis"],"picked":"Entrench+1","floor":27.0},{"not_picked":["Armaments","Intimidate","Perfected Strike+1"],"picked":"SKIP","floor":29.0},{"not_picked":["Wild Strike","Havoc"],"picked":"Flame Barrier","floor":31.0},{"not_picked":["Berserk","Bludgeon"],"picked":"Limit Break","floor":33.0},{"not_picked":["Headbutt+1","Anger+1","Battle Trance+1"],"picked":"SKIP","floor":35.0},{"not_picked":["Blood for Blood+1","Bloodletting","Thunderclap"],"picked":"SKIP","floor":37.0},{"not_picked":["Anger","Twin Strike+1"],"picked":"Heavy Blade","floor":39},{"not_picked":["Dual Wield+1","Second Wind+1","Burning Pact+1"],"picked":"SKIP","floor":41},{"not_picked":["Twin Strike","Intimidate+1","Sword Boomerang+1"],"picked":"SKIP","floor":44},{"not_picked":["Rupture+1","Armaments"],"picked":"Flex+1","floor":47},{"not_picked":["True Grit","Iron Wave+1","Shrug It Off"],"picked":"SKIP","floor":48}],"player_experience":58546,"relics_obtained":[{"floor":9.0,"key":"Blue Candle"},{"floor":24.0,"key":"Dream Catcher"},{"floor":26.0,"key":"Pantograph"},{"floor":43,"key":"Anchor"},{"floor":43,"key":"Girya"}],"event_choices":[{"cards_removed":["Strike_R"],"damage_healed":0.0,"max_hp_gain":0.0,"max_hp_loss":0.0,"gold_gain":0.0,"event_name":"Golden Wing","player_choice":"Card Removal","floor":2.0,"gold_loss":0.0,"damage_taken":7.0},{"damage_healed":0.0,"max_hp_gain":0.0,"max_hp_loss":0.0,"gold_gain":75.0,"event_name":"World of Goop","player_choice":"Gather Gold","floor":3.0,"gold_loss":0.0,"damage_taken":11.0},{"damage_healed":0.0,"max_hp_gain":0.0,"max_hp_loss":0.0,"gold_gain":0.0,"event_name":"Lab","player_choice":"Got Potions","floor":4.0,"gold_loss":0.0,"damage_taken":0.0},{"damage_healed":28.0,"max_hp_gain":0.0,"max_hp_loss":0.0,"gold_gain":0.0,"event_name":"The Library","player_choice":"Heal","floor":25.0,"gold_loss":0.0,"damage_taken":0.0},{"damage_healed":0.0,"max_hp_gain":0.0,"max_hp_loss":0.0,"gold_gain":0.0,"event_name":"Upgrade Shrine","player_choice":"Upgraded","floor":36.0,"gold_loss":0.0,"damage_taken":0.0,"cards_upgraded":["Limit Break"]},{"damage_healed":0.0,"max_hp_gain":0.0,"max_hp_loss":0.0,"gold_gain":0.0,"event_name":"MindBloom","player_choice":"Upgrade","floor":38.0,"gold_loss":0.0,"damage_taken":0.0,"cards_upgraded":["Strike_R","Strike_R","Strike_R","Defend_R","Defend_R","Defend_R","Defend_R","Bash","Shrug It Off","Disarm","Metallicize","Offering","Metallicize","True Grit","Entrench"],"relics_obtained":["Mark of the Bloom"]},{"damage_healed":74,"gold_gain":0,"player_choice":"Heal","damage_taken":0,"max_hp_gain":0,"max_hp_loss":11,"event_name":"The Moai Head","floor":42,"gold_loss":0}],"is_beta":false,"boss_relics":[{"not_picked":["Black Star","Empty Cage"],"picked":"Runic Pyramid"},{"not_picked":["Snecko Eye","Runic Cube"],"picked":"Coffee Dripper"}],"items_purged_floors":[11],"is_endless":false,"potions_floor_spawned":[10,12,14,21,24,29,31,41,47],"killed_by":"Awakened One","ascension_level":0}