{"gold_per_floor":[116,116,141,141,168,212,89,107,107,107,126,55,89,113,113,238,238,258,271,296,320,59,78,78],"floor_reached":24,"playtime":1921,"items_purged":["Injury"],"score":235,"play_id":"1acc3409-a7d3-42f7-acef-df30c29c8a86","local_time":"20190703014754","is_ascension_mode":false,"campfire_choices":[{"data":"Gash","floor":10,"key":"SMITH"},{"floor":15,"key":"REST"}],"neow_cost":"NONE","seed_source_timestamp":188345993368757,"circlet_count":0,"master_deck":["Strike_B+1","Strike_B+1","Strike_B","Strike_B","Defend_B","Defend_B+1","Defend_B","Defend_B","Zap","Dualcast","Lockon+1","Leap","Storm","Stack","Gash+1","All For One+1","Hello World","Stack","Go for the Eyes+1","Seek","Go for the Eyes+1","Self Repair+1","Reprogram","Cold Snap+1","Gash+1","Dramatic Entrance+1","Streamline+1","Reboot","Go for the Eyes+1"],"relics":["Cracked Core","NeowsBlessing","Golden Idol","Whetstone","Oddly Smooth Stone","Molten Egg 2","Pantograph","Lizard Tail"],"potions_floor_usage":[23,23],"damage_taken":[{"damage":0,"enemies":"2 Louse","floor":1,"turns":1},{"damage":0,"enemies":"Jaw Worm","floor":3,"turns":1},{"damage":0,"enemies":"Gremlin Nob","floor":6,"turns":1},{"damage":0,"enemies":"Small Slimes","floor":8,"turns":3},{"damage":0,"enemies":"Exordium Wildlife","floor":11,"turns":3},{"damage":21,"enemies":"Lagavulin","floor":13,"turns":5},{"damage":4,"enemies":"Red Slaver","floor":14,"turns":4},{"damage":54,"enemies":"Hexaghost","floor":16,"turns":10},{"damage":11,"enemies":"3 Byrds","floor":18,"turns":7},{"damage":8,"enemies":"Spheric Guardian","floor":19,"turns":4},{"damage":70,"enemies":"Cultist and Chosen","floor":20,"turns":8},{"damage":30,"enemies":"Shelled Parasite and Fungi","floor":21,"turns":9},{"damage":11,"enemies":"Snake Plant","floor":23,"turns":4},{"damage":17,"enemies":"Gremlin Leader","floor":24,"turns":2}],"seed_played":"-8592317719713973397","potions_obtained":[{"floor":1,"key":"SpeedPotion"},{"floor":3,"key":"Weak Potion"},{"floor":8,"key":"Strength Potion"},{"floor":14,"key":"Dexterity Potion"},{"floor":19,"key":"Block Potion"},{"floor":21,"key":"Poison Potion"}],"is_trial":false,"path_per_floor":["M","?","M","?","T","E","$","M","T","R","M","$","E","M","R","B",null,"M","M","M","M","$","M","E"],"character_chosen":"DEFECT","items_purchased":["Stack","Hello World","Gash+1","Dramatic Entrance+1","Streamline+1","Reboot"],"campfire_rested":1,"item_purchase_floors":[7,12,22,22,22,22],"current_hp_per_floor":[75,75,75,60,60,60,60,60,60,60,60,60,39,35,57,21,75,64,56,37,17,17,16,0],"gold":78,"neow_bonus":"THREE_ENEMY_KILL","is_prod":false,"is_daily":false,"chose_seed":false,"campfire_upgraded":1,"win_rate":0.0,"timestamp":1562129274,"path_taken":["M","?","M","?","?","E","$","?","T","R","M","$","E","M","R","BOSS","M","M","M","M","$","M","E"],"build_version":"2019-07-01","purchased_purges":1,"victory":false,"max_hp_per_floor":[75,75,75,75,75,75,75,75,75,75,75,75,75,75,75,75,75,75,75,75,75,75,75,75],"card_choices":[{"not_picked":["Skim","Tempest"],"picked":"Lockon","floor":1},{"not_picked":["Coolheaded","Conserve Battery"],"picked":"Leap","floor":3},{"not_picked":["FTL","Static Discharge"],"picked":"Storm","floor":6},{"not_picked":["Coolheaded","Ball Lightning"],"picked":"Gash","floor":8},{"not_picked":["Steam","Redo"],"picked":"All For One+1","floor":11},{"not_picked":["Cold Snap+1","Storm"],"picked":"Stack","floor":13},{"not_picked":["Static Discharge","Steam"],"picked":"Go for the Eyes+1","floor":14},{"not_picked":["Fission","Amplify"],"picked":"Seek","floor":16},{"not_picked":["Rebound+1","Conserve Battery"],"picked":"Go for the Eyes+1","floor":18},{"not_picked":["Darkness","Leap"],"picked":"Self Repair+1","floor":19},{"not_picked":["Cold Snap+1","Machine Learning"],"picked":"Reprogram","floor":20},{"not_picked":["Leap","Reprogram+1"],"picked":"Cold Snap+1","floor":21},{"not_picked":["Skim","Hologram"],"picked":"Go for the Eyes+1","floor":23}],"player_experience":23790,"relics_obtained":[{"floor":5,"key":"Whetstone"},{"floor":6,"key":"Oddly Smooth Stone"},{"floor":9,"key":"Molten Egg 2"},{"floor":13,"key":"Pantograph"}],"event_choices":[{"damage_healed":0,"gold_gain":0,"player_choice":"Take Wound","damage_taken":0,"relics_obtained":["Golden Idol"],"max_hp_gain":0,"max_hp_loss":0,"event_name":"Golden Idol","floor":2,"gold_loss":0,"cards_obtained":["Injury"]},{"damage_healed":0,"gold_gain":0,"player_choice":"Entered Light","damage_taken":15,"max_hp_gain":0,"max_hp_loss":0,"event_name":"Shining Light","floor":4,"gold_loss":0,"cards_upgraded":["Defend_B","Lockon"]}],"is_beta":false,"boss_relics":[{"not_picked":["Sozu","Cursed Key"],"picked":"Lizard Tail"}],"items_purged_floors":[7],"is_endless":false,"potions_floor_spawned":[1,3,8,14,16,19,21],"killed_by":"Gremlin Leader","ascension_level":0}