{"gold_per_floor":[211,211,225,242,257,290,290,310,310,310,343,359,388,388,388,489,489,501,501,513,28,40,65,39,39,39,39,50,66,66,84,84,84],"floor_reached":33,"playtime":4041,"items_purged":[],"score":314,"play_id":"81bd4911-91ff-49f9-808a-c890a25f19a8","local_time":"20190705135156","is_ascension_mode":false,"campfire_choices":[{"floor":7,"key":"REST"},{"floor":10,"key":"REST"},{"data":"Static Discharge","floor":15,"key":"SMITH"},{"data":"Redo","floor":25,"key":"SMITH"},{"data":"Swift Strike","floor":27,"key":"SMITH"},{"floor":32,"key":"REST"}],"neow_cost":"NONE","seed_source_timestamp":402504338255351,"circlet_count":0,"master_deck":["Strike_B","Strike_B","Strike_B","Strike_B","Defend_B","Defend_B","Defend_B","Defend_B","Zap","Dualcast+1","Static Discharge+1","Self Repair","Coolheaded","Rip and Tear","Conserve Battery","BootSequence","Beam Cell","Cold Snap","Auto Shields","Seek","Coolheaded","Swift Strike+1","Reboot","Self Repair","Beam Cell+1","Redo+1","Cold Snap+1","Hologram","Conserve Battery","Leap","Hologram","Glacier","Gash+1"],"relics":["Cracked Core","Anchor","Pear","Gambling Chip","Incense Burner","Meat on the Bone","Lizard Tail","Molten Egg 2","Vajra","Ornamental Fan","MutagenicStrength"],"potions_floor_usage":[6,13,13,16,18,21,23,29,33],"damage_taken":[{"damage":10,"enemies":"Small Slimes","floor":1,"turns":3},{"damage":5,"enemies":"Cultist","floor":3,"turns":4},{"damage":0,"enemies":"Jaw Worm","floor":4,"turns":4},{"damage":15,"enemies":"3 Louse","floor":5,"turns":4},{"damage":38,"enemies":"Gremlin Nob","floor":6,"turns":5},{"damage":3,"enemies":"Large Slime","floor":8,"turns":6},{"damage":19,"enemies":"3 Sentries","floor":11,"turns":7},{"damage":0,"enemies":"Blue Slaver","floor":12,"turns":3},{"damage":4,"enemies":"Lagavulin","floor":13,"turns":5},{"damage":22,"enemies":"Hexaghost","floor":16,"turns":9},{"damage":9,"enemies":"2 Thieves","floor":18,"turns":4},{"damage":14,"enemies":"Chosen","floor":20,"turns":4},{"damage":24,"enemies":"Snake Plant","floor":22,"turns":7},{"damage":14,"enemies":"Book of Stabbing","floor":23,"turns":7},{"damage":3,"enemies":"Shelled Parasite and Fungi","floor":28,"turns":7},{"damage":21,"enemies":"Centurion and Healer","floor":29,"turns":14},{"damage":6,"enemies":"3 Cultists","floor":31,"turns":7},{"damage":157,"enemies":"Automaton","floor":33,"turns":18}],"seed_played":"2026217974317747212","potions_obtained":[{"floor":4,"key":"Poison Potion"},{"floor":5,"key":"Weak Potion"},{"floor":8,"key":"EssenceOfSteel"},{"floor":12,"key":"AttackPotion"},{"floor":13,"key":"Block Potion"},{"floor":22,"key":"Fire Potion"},{"floor":28,"key":"LiquidBronze"},{"floor":31,"key":"Ancient Potion"}],"is_trial":false,"path_per_floor":["M","?","M","M","M","E","R","M","T","R","E","M","E","?","R","B",null,"M","?","M","$","M","E","$","R","T","R","M","M","?","M","R","B"],"character_chosen":"DEFECT","items_purchased":["Molten Egg 2","Beam Cell+1","Redo","Cold Snap+1","Fruit Juice","Leap"],"campfire_rested":3,"item_purchase_floors":[21,21,21,21,21,24],"current_hp_per_floor":[65,58,53,60,52,31,56,60,60,85,73,80,83,83,83,68,85,83,83,76,81,71,71,71,71,71,71,82,75,75,83,90,0],"gold":84,"neow_bonus":"HUNDRED_GOLD","is_prod":false,"is_daily":false,"chose_seed":false,"campfire_upgraded":3,"win_rate":0.0,"timestamp":1562345516,"path_taken":["M","?","M","M","M","E","R","M","T","R","E","M","E","?","R","BOSS","M","?","M","$","?","E","$","R","T","R","M","M","?","M","R","BOSS"],"build_version":"2019-07-01","purchased_purges":0,"victory":false,"max_hp_per_floor":[75,75,75,75,75,85,85,85,85,85,85,85,85,85,85,85,85,85,85,85,90,90,90,90,90,90,90,90,90,90,90,90,90],"card_choices":[{"not_picked":["Turbo","Fusion"],"picked":"Static Discharge","floor":1},{"not_picked":["Turbo","Consume"],"picked":"Self Repair","floor":3},{"not_picked":["Glacier","Streamline"],"picked":"Coolheaded","floor":4},{"not_picked":["Coolheaded","Heatsinks"],"picked":"Rip and Tear","floor":5},{"not_picked":["Tempest","Sweeping Beam"],"picked":"Conserve Battery","floor":6},{"not_picked":["Hello World","Barrage"],"picked":"BootSequence","floor":8},{"not_picked":["Fusion","Ball Lightning"],"picked":"Beam Cell","floor":11},{"not_picked":["Amplify","Gash"],"picked":"Cold Snap","floor":12},{"not_picked":["Scrape","Storm"],"picked":"Auto Shields","floor":13},{"not_picked":["Hyperbeam","Amplify"],"picked":"Seek","floor":16},{"not_picked":["Gash","Ball Lightning"],"picked":"Coolheaded","floor":18},{"not_picked":["Barrage","Reinforced Body+1"],"picked":"Self Repair","floor":20},{"not_picked":["Turbo","Beam Cell+1"],"picked":"Hologram","floor":22},{"not_picked":["White Noise+1","Turbo"],"picked":"Conserve Battery","floor":23},{"not_picked":["Go for the Eyes+1","Doom and Gloom+1"],"picked":"Hologram","floor":28},{"not_picked":["Barrage+1","Aggregate"],"picked":"Glacier","floor":29},{"not_picked":["Beam Cell+1","BootSequence"],"picked":"Gash+1","floor":31}],"player_experience":57215,"relics_obtained":[{"floor":6,"key":"Pear"},{"floor":9,"key":"Gambling Chip"},{"floor":11,"key":"Incense Burner"},{"floor":13,"key":"Meat on the Bone"},{"floor":23,"key":"Vajra"},{"floor":26,"key":"Ornamental Fan"}],"event_choices":[{"damage_healed":0,"gold_gain":0,"player_choice":"Success","damage_taken":7,"relics_obtained":["Anchor"],"max_hp_gain":0,"max_hp_loss":0,"event_name":"Scrap Ooze","floor":2,"gold_loss":0},{"damage_healed":0,"gold_gain":0,"player_choice":"Forge","damage_taken":0,"max_hp_gain":0,"max_hp_loss":0,"event_name":"Accursed Blacksmith","floor":14,"gold_loss":0,"cards_upgraded":["Dualcast"]},{"damage_healed":0,"gold_gain":0,"player_choice":"2 cards matched","damage_taken":0,"max_hp_gain":0,"max_hp_loss":0,"event_name":"Match and Keep!","floor":19,"gold_loss":0,"cards_obtained":["Swift Strike","Reboot"]},{"damage_healed":0,"gold_gain":0,"player_choice":"Inject Mutagens","damage_taken":0,"relics_obtained":["MutagenicStrength"],"max_hp_gain":0,"max_hp_loss":0,"event_name":"Drug Dealer","floor":30,"gold_loss":0}],"is_beta":false,"boss_relics":[{"not_picked":["Empty Cage","Ectoplasm"],"picked":"Lizard Tail"}],"items_purged_floors":[],"is_endless":false,"potions_floor_spawned":[4,5,8,12,13,22,28,31],"killed_by":"Automaton","ascension_level":0}