{"gold_per_floor":[109,109,184,198,209,209,238,60,105,131,31,45,45,59,59,59],"floor_reached":16,"playtime":619,"items_purged":["Strike_B","Strike_B"],"score":204,"play_id":"07d71a21-925d-4a25-995d-2ecc63eac006","local_time":"20190501035736","is_ascension_mode":true,"campfire_choices":[{"data":"Dualcast","floor":6,"key":"SMITH"},{"floor":15,"key":"REST"}],"neow_cost":"NONE","seed_source_timestamp":478405366975990,"circlet_count":0,"master_deck":["AscendersBane","Strike_B","Strike_B","Defend_B","Defend_B","Defend_B","Defend_B","Zap","Dualcast+1","Sunder","Loop","Core Surge","Finesse","FTL","Sunder","White Noise"],"relics":["Cracked Core","NeowsBlessing","Bag of Preparation","Lantern","Oddly Smooth Stone"],"potions_floor_usage":[7,7],"damage_taken":[{"damage":0,"enemies":"Jaw Worm","floor":1,"turns":1},{"damage":0,"enemies":"2 Louse","floor":4,"turns":1},{"damage":0,"enemies":"Small Slimes","floor":5,"turns":1},{"damage":8,"enemies":"Gremlin Nob","floor":7,"turns":3},{"damage":28,"enemies":"3 Sentries","floor":10,"turns":6},{"damage":1,"enemies":"Gremlin Gang","floor":12,"turns":3},{"damage":2,"enemies":"Red Slaver","floor":14,"turns":2},{"damage":27,"enemies":"The Guardian","floor":16,"turns":9}],"seed_played":"-9119900081679999154","potions_obtained":[{"floor":1,"key":"FocusPotion"},{"floor":4,"key":"Ancient Potion"},{"floor":12,"key":"SmokeBomb"}],"is_trial":false,"path_per_floor":["M","?","?","M","M","R","E","$","T","E","$","M","?","M","R","B"],"character_chosen":"DEFECT","items_purchased":["Finesse"],"campfire_rested":1,"item_purchase_floors":[8],"current_hp_per_floor":[64,64,53,53,53,53,45,45,45,17,17,16,5,3,24,0],"gold":59,"neow_bonus":"THREE_ENEMY_KILL","is_prod":false,"is_daily":false,"chose_seed":false,"campfire_upgraded":1,"win_rate":0,"timestamp":1556697456,"path_taken":["M","?","?","M","M","R","E","$","T","E","?","M","?","M","R","BOSS"],"build_version":"2019-04-23","purchased_purges":2,"victory":false,"max_hp_per_floor":[71,71,71,71,71,71,71,71,71,71,71,71,71,71,71,71],"card_choices":[{"not_picked":["Lockon","Rebound"],"picked":"Sunder","floor":1},{"not_picked":["Steam","Darkness","Fusion"],"picked":"SKIP","floor":4},{"not_picked":["Consume","Leap"],"picked":"Loop","floor":5},{"not_picked":["Barrage","Hologram"],"picked":"Core Surge","floor":7},{"not_picked":["Sweeping Beam","Rebound"],"picked":"FTL","floor":10},{"not_picked":["Undo","Storm"],"picked":"Sunder","floor":12},{"not_picked":["Turbo","Auto Shields"],"picked":"White Noise","floor":14}],"player_experience":607467,"relics_obtained":[{"floor":7,"key":"Bag of Preparation"},{"floor":9,"key":"Lantern"},{"floor":10,"key":"Oddly Smooth Stone"}],"event_choices":[{"damage_healed":0,"gold_gain":0,"player_choice":"Ignored","damage_taken":0,"max_hp_gain":0,"max_hp_loss":0,"event_name":"Liars Game","floor":2,"gold_loss":0},{"damage_healed":0,"gold_gain":75,"player_choice":"Gather Gold","damage_taken":11,"max_hp_gain":0,"max_hp_loss":0,"event_name":"World of Goop","floor":3,"gold_loss":0},{"damage_healed":0,"gold_gain":0,"player_choice":"Fled","damage_taken":11,"max_hp_gain":0,"max_hp_loss":0,"event_name":"Scrap Ooze","floor":13,"gold_loss":0}],"is_beta":true,"boss_relics":[],"items_purged_floors":[8,11],"is_endless":false,"potions_floor_spawned":[1,4,12],"killed_by":"The Guardian","ascension_level":17}