{"gold_per_floor":[110,110,110,60,135,98,130,140,167,167,184,202,202,202,202,307,307,323,343,268,268,268],"floor_reached":22,"playtime":810,"items_purged":[],"score":207,"play_id":"e6d977ab-6b37-4694-97a6-8de7a274e873","local_time":"20190111202945","is_ascension_mode":false,"campfire_choices":[{"data":"Defragment","floor":13,"key":"SMITH"},{"data":"Zap","floor":15,"key":"SMITH"}],"neow_cost":"NONE","seed_source_timestamp":170165467985478,"circlet_count":0,"master_deck":["Strike_B","Strike_B","Defend_B","Defend_B","Defend_B","Zap+1","Dualcast","Leap","Consume","Loop+1","Redo+1","Defragment+1","Go for the Eyes","Seek","Redo+1","FTL"],"relics":["Cracked Core","NeowsBlessing","Matryoshka","Happy Flower","Lantern","Ancient Tea Set","Nunchaku","Nuclear Battery"],"potions_floor_usage":[16,18],"damage_taken":[{"damage":0,"enemies":"Small Slimes","floor":1,"turns":1},{"damage":0,"enemies":"3 Sentries","floor":7,"turns":1},{"damage":0,"enemies":"Cultist","floor":8,"turns":1},{"damage":2,"enemies":"2 Louse","floor":11,"turns":2},{"damage":0,"enemies":"Large Slime","floor":12,"turns":5},{"damage":33,"enemies":"The Guardian","floor":16,"turns":7},{"damage":31,"enemies":"2 Thieves","floor":18,"turns":4},{"damage":25,"enemies":"Shell Parasite","floor":19,"turns":6},{"damage":29,"enemies":"Shelled Parasite and Fungi","floor":22,"turns":3}],"seed_played":"7718259298818959399","potions_obtained":[{"floor":11,"key":"SneckoOil"},{"floor":12,"key":"FocusPotion"},{"floor":18,"key":"Fruit Juice"}],"is_trial":false,"path_per_floor":["M","?","$","?","?","$","E","M","T","?","M","M","R","T","R","B",null,"M","M","?","?","M"],"character_chosen":"DEFECT","items_purchased":["Loop"],"campfire_rested":0,"item_purchase_floors":[6],"current_hp_per_floor":[75,75,75,75,64,64,64,64,64,49,47,47,47,47,47,14,75,49,24,24,24,0],"gold":268,"neow_bonus":"THREE_ENEMY_KILL","is_prod":false,"is_daily":false,"chose_seed":false,"campfire_upgraded":2,"win_rate":0.0,"timestamp":1547256585,"path_taken":["M","?","$","?","?","$","E","M","T","?","M","M","R","?","R","BOSS","M","M","?","?","M"],"build_version":"2019-01-10","purchased_purges":0,"victory":false,"max_hp_per_floor":[75,75,75,75,75,75,75,75,75,75,75,75,75,75,75,75,75,80,80,80,80,80],"card_choices":[{"not_picked":["Turbo","Gash"],"picked":"Leap","floor":1},{"not_picked":["Reprogram","Barrage"],"picked":"Redo","floor":7},{"not_picked":["Lockon","Force Field"],"picked":"Defragment","floor":8},{"not_picked":["Stack","Heatsinks"],"picked":"Go for the Eyes","floor":11},{"not_picked":["Rebound","Go for the Eyes","Beam Cell"],"picked":"SKIP","floor":12},{"not_picked":["Multi-Cast","Echo Form"],"picked":"Seek","floor":16},{"not_picked":["Scrape","Gash"],"picked":"Redo","floor":18},{"not_picked":["Conserve Battery","Rip and Tear"],"picked":"FTL","floor":19}],"player_experience":64662,"relics_obtained":[{"floor":7,"key":"Matryoshka"},{"floor":9,"key":"Happy Flower"},{"floor":9,"key":"Lantern"},{"floor":14,"key":"Ancient Tea Set"},{"floor":14,"key":"Nunchaku"}],"event_choices":[{"damage_healed":0,"gold_gain":0,"cards_transformed":["Strike_B"],"player_choice":"Transformed","damage_taken":0,"max_hp_gain":0,"max_hp_loss":0,"event_name":"Transmorgrifier","floor":2,"gold_loss":0,"cards_obtained":["Consume"]},{"cards_removed":["Defend_B"],"damage_healed":0,"gold_gain":0,"player_choice":"Card Removal","damage_taken":0,"max_hp_gain":0,"max_hp_loss":0,"event_name":"The Cleric","floor":4,"gold_loss":50},{"damage_healed":0,"gold_gain":75,"player_choice":"Gather Gold","damage_taken":11,"max_hp_gain":0,"max_hp_loss":0,"event_name":"World of Goop","floor":5,"gold_loss":0},{"damage_healed":0,"gold_gain":0,"player_choice":"Entered Light","damage_taken":15,"max_hp_gain":0,"max_hp_loss":0,"event_name":"Shining Light","floor":10,"gold_loss":0,"cards_upgraded":["Loop","Redo"]},{"cards_removed":["Strike_B"],"damage_healed":0,"gold_gain":0,"player_choice":"Gave Gold","damage_taken":0,"max_hp_gain":0,"max_hp_loss":0,"event_name":"Beggar","floor":20,"gold_loss":75},{"damage_healed":0,"gold_gain":0,"player_choice":"Upgraded","damage_taken":0,"max_hp_gain":0,"max_hp_loss":0,"event_name":"Upgrade Shrine","floor":21,"gold_loss":0,"cards_upgraded":["Redo"]}],"is_beta":false,"boss_relics":[{"not_picked":["Eternal Feather","Black Star"],"picked":"Nuclear Battery"}],"items_purged_floors":[],"is_endless":false,"potions_floor_spawned":[11,12,18],"killed_by":"Shelled Parasite and Fungi","ascension_level":0}