{"gold_per_floor":[118,118,193,193,218,249,249,283,310,310,324,32,32,48,48,48],"floor_reached":16,"playtime":1317,"items_purged":["Strike_B"],"score":246,"play_id":"6a437f39-e2ef-43cd-ade7-f1fed1f2d345","local_time":"20190619182031","is_ascension_mode":true,"campfire_choices":[{"data":"Dualcast","floor":7,"key":"SMITH"},{"data":"Zap","floor":10,"key":"SMITH"},{"floor":15,"key":"REST"}],"neow_cost":"NONE","seed_source_timestamp":646184805333754,"circlet_count":0,"master_deck":["AscendersBane","Strike_B","Strike_B","Strike_B","Defend_B","Defend_B+1","Defend_B","Defend_B","Zap+1","Dualcast+1","Gash","Coolheaded","Cold Snap","BootSequence","Glacier+1","Secret Weapon","Compile Driver"],"relics":["Cracked Core","NeowsBlessing","Golden Idol","Anchor","Bottled Lightning","Centennial Puzzle"],"potions_floor_usage":[8,8,16,16],"damage_taken":[{"damage":0,"enemies":"Jaw Worm","floor":1,"turns":1},{"damage":0,"enemies":"Small Slimes","floor":5,"turns":1},{"damage":0,"enemies":"Lagavulin","floor":6,"turns":1},{"damage":3,"enemies":"3 Sentries","floor":8,"turns":8},{"damage":0,"enemies":"2 Louse","floor":11,"turns":2},{"damage":0,"enemies":"Lots of Slimes","floor":14,"turns":6},{"damage":52,"enemies":"Hexaghost","floor":16,"turns":15}],"seed_played":"-5594693918550660202","potions_obtained":[{"floor":1,"key":"SkillPotion"},{"floor":6,"key":"FocusPotion"},{"floor":11,"key":"Swift Potion"},{"floor":14,"key":"Swift Potion"}],"is_trial":false,"path_per_floor":["M","?","?","?","M","E","R","E","T","R","M","$","?","M","R","B"],"character_chosen":"DEFECT","items_purchased":["Secret Weapon"],"campfire_rested":1,"item_purchase_floors":[12],"current_hp_per_floor":[64,64,53,53,53,53,53,50,50,50,50,50,29,29,50,0],"gold":48,"neow_bonus":"THREE_ENEMY_KILL","is_prod":false,"is_daily":false,"chose_seed":false,"campfire_upgraded":2,"win_rate":0,"timestamp":1560982831,"path_taken":["M","?","?","?","?","E","R","E","T","R","M","$","?","M","R","BOSS"],"build_version":"2019-06-18","purchased_purges":1,"victory":false,"max_hp_per_floor":[71,71,71,71,71,71,71,71,71,71,71,71,71,71,71,71],"card_choices":[{"not_picked":["Genetic Algorithm","Ball Lightning"],"picked":"Gash","floor":1},{"not_picked":["Conserve Battery","Genetic Algorithm"],"picked":"Coolheaded","floor":5},{"not_picked":["Compile Driver","Core Surge"],"picked":"Cold Snap","floor":6},{"not_picked":["Leap","Ball Lightning"],"picked":"BootSequence","floor":8},{"not_picked":["Beam Cell","Tempest"],"picked":"Glacier","floor":11},{"not_picked":["Fusion","Tempest"],"picked":"Compile Driver","floor":14}],"player_experience":621016,"relics_obtained":[{"floor":6,"key":"Anchor"},{"floor":8,"key":"Bottled Lightning"},{"floor":9,"key":"Centennial Puzzle"}],"event_choices":[{"damage_healed":0,"gold_gain":0,"player_choice":"Take Wound","damage_taken":0,"relics_obtained":["Golden Idol"],"max_hp_gain":0,"max_hp_loss":0,"event_name":"Golden Idol","floor":2,"gold_loss":0,"cards_obtained":["Injury"]},{"damage_healed":0,"gold_gain":75,"player_choice":"Gather Gold","damage_taken":11,"max_hp_gain":0,"max_hp_loss":0,"event_name":"World of Goop","floor":3,"gold_loss":0},{"cards_removed":["Injury"],"damage_healed":0,"gold_gain":0,"player_choice":"Purged","damage_taken":0,"max_hp_gain":0,"max_hp_loss":0,"event_name":"Purifier","floor":4,"gold_loss":0},{"damage_healed":0,"gold_gain":0,"player_choice":"Entered Light","damage_taken":21,"max_hp_gain":0,"max_hp_loss":0,"event_name":"Shining Light","floor":13,"gold_loss":0,"cards_upgraded":["Defend_B","Glacier"]}],"is_beta":true,"boss_relics":[],"items_purged_floors":[12],"is_endless":false,"potions_floor_spawned":[1,6,11,14],"killed_by":"Hexaghost","ascension_level":17}