{"gold_per_floor":[110,121,296,309,118,118,144,144,144,144,171,183,197,11,11,109,109,128,148,81,81,6,6,6,6,6,17,49,49,68,97,97,198,198,215,228,244,99,99,99,118,118,144,158,158,185,255,255],"floor_reached":48,"playtime":3739,"items_purged":["Defend_G","Doubt"],"score":523,"play_id":"b54b6621-30ee-4d1d-8536-fcd3f6bc9cd3","local_time":"20190630163440","is_ascension_mode":false,"campfire_choices":[{"data":"Corpse Explosion","floor":6,"key":"SMITH"},{"data":"Poisoned Stab","floor":8,"key":"SMITH"},{"floor":10,"key":"REST"},{"data":"Bane","floor":15,"key":"SMITH"},{"floor":23,"key":"REST"},{"data":"Catalyst","floor":25,"key":"SMITH"},{"floor":29,"key":"REST"},{"floor":32,"key":"REST"},{"floor":40,"key":"REST"},{"floor":45,"key":"REST"}],"neow_cost":"NONE","seed_source_timestamp":1535123278191100,"circlet_count":0,"master_deck":["Defend_G","Defend_G","Defend_G","Defend_G","Strike_G","Strike_G","Strike_G","Strike_G","Survivor","Neutralize","Escape Plan","Backflip","Corpse Explosion+1","Poisoned Stab+1","Bane+1","Bane","Bouncing Flask","Burst","Skewer+1","Poisoned Stab+1","Catalyst+1","Adrenaline","Deadly Poison+1","Envenom","Prepared+1","Bouncing Flask+1","Deflect","Deadly Poison+1","Dodge and Roll+1","Deflect+1"],"relics":["Ring of the Serpent","Blood Vial","Ginger","Singing Bowl","Odd Mushroom","PreservedInsect","Sozu","MutagenicStrength","Torii","Du-Vu Doll","Calipers","Boot","Vajra","Frozen Egg 2"],"potions_floor_usage":[7,16,16],"damage_taken":[{"damage":1,"enemies":"Cultist","floor":1,"turns":5},{"damage":0,"enemies":"Small Slimes","floor":2,"turns":3},{"damage":4,"enemies":"Jaw Worm","floor":4,"turns":6},{"damage":17,"enemies":"3 Sentries","floor":7,"turns":4},{"damage":7,"enemies":"The Mushroom Lair","floor":11,"turns":2},{"damage":8,"enemies":"Exordium Wildlife","floor":12,"turns":2},{"damage":0,"enemies":"Large Slime","floor":13,"turns":4},{"damage":23,"enemies":"Hexaghost","floor":16,"turns":7},{"damage":6,"enemies":"Chosen","floor":18,"turns":3},{"damage":20,"enemies":"Spheric Guardian","floor":19,"turns":5},{"damage":8,"enemies":"Centurion and Healer","floor":27,"turns":5},{"damage":23,"enemies":"Slavers","floor":28,"turns":4},{"damage":8,"enemies":"Chosen and Byrds","floor":30,"turns":5},{"damage":20,"enemies":"Gremlin Leader","floor":31,"turns":4},{"damage":67,"enemies":"Champ","floor":33,"turns":8},{"damage":31,"enemies":"3 Shapes","floor":35,"turns":4},{"damage":1,"enemies":"Orb Walker","floor":36,"turns":2},{"damage":9,"enemies":"Writhing Mass","floor":37,"turns":4},{"damage":21,"enemies":"Maw","floor":41,"turns":5},{"damage":21,"enemies":"Spire Growth","floor":44,"turns":3},{"damage":36,"enemies":"Nemesis","floor":46,"turns":5},{"damage":27,"enemies":"Jaw Worm Horde","floor":48,"turns":2}],"seed_played":"-452883557569272090","potions_obtained":[{"floor":1,"key":"Swift Potion"},{"floor":2,"key":"Swift Potion"},{"floor":7,"key":"GhostInAJar"},{"floor":13,"key":"Poison Potion"}],"is_trial":false,"path_per_floor":["M","M","?","M","$","R","E","R","T","R","?","M","M","$","R","B",null,"M","M","$","?","?","R","?","R","T","M","E","R","M","E","R","B",null,"M","M","M","$","?","R","M","?","T","M","R","E","T","M"],"character_chosen":"THE_SILENT","items_purchased":["Corpse Explosion","Poisoned Stab","Bouncing Flask","PreservedInsect","Catalyst","Deflect"],"campfire_rested":6,"item_purchase_floors":[5,5,14,14,20,38],"current_hp_per_floor":[69,70,70,66,66,66,51,51,51,70,63,57,61,61,61,40,72,66,48,48,48,48,69,69,69,69,65,44,66,60,44,66,1,76,45,46,41,41,41,64,45,45,45,26,49,15,15,0],"gold":255,"neow_bonus":"RANDOM_COMMON_RELIC","is_prod":false,"is_daily":false,"chose_seed":false,"campfire_upgraded":4,"win_rate":0.0,"timestamp":1561926880,"path_taken":["M","?","?","M","$","R","E","R","T","R","?","M","M","$","R","BOSS","M","M","$","?","?","R","?","R","T","M","E","R","M","E","R","BOSS","M","M","M","$","?","R","M","?","T","?","R","E","?","M"],"build_version":"2019-01-23","purchased_purges":2,"victory":false,"max_hp_per_floor":[70,70,70,70,70,70,70,70,70,70,70,70,72,72,72,72,72,72,72,72,72,72,72,72,72,72,74,74,74,74,76,76,76,76,76,76,78,78,78,78,78,78,78,78,78,78,78,78],"card_choices":[{"not_picked":["Leg Sweep","Footwork","Masterful Stab"],"picked":"SKIP","floor":1},{"not_picked":["PiercingWail","Quick Slash"],"picked":"Escape Plan","floor":2},{"not_picked":["PiercingWail","Flying Knee"],"picked":"Backflip","floor":4},{"not_picked":["Flying Knee","Backflip","Masterful Stab"],"picked":"SKIP","floor":7},{"not_picked":["Riddle With Holes","Infinite Blades"],"picked":"Bane","floor":11},{"not_picked":["Riddle With Holes","Underhanded Strike"],"picked":"Bane","floor":12},{"not_picked":["Footwork","Dagger Throw","Flying Knee"],"picked":"Singing Bowl","floor":13},{"not_picked":["Die Die Die","Doppelganger"],"picked":"Burst","floor":16},{"not_picked":["Backflip","Eviscerate+1"],"picked":"Skewer+1","floor":18},{"not_picked":["Prepared+1","PiercingWail+1"],"picked":"Poisoned Stab+1","floor":19},{"not_picked":["PiercingWail","Dagger Throw+1","Choke"],"picked":"Singing Bowl","floor":27},{"not_picked":["Flying Knee","Deflect"],"picked":"Adrenaline","floor":28},{"not_picked":["Dodge and Roll","Eviscerate"],"picked":"Deadly Poison+1","floor":30},{"not_picked":["Finisher","Endless Agony","PiercingWail"],"picked":"Singing Bowl","floor":31},{"not_picked":["Malaise","Die Die Die"],"picked":"Envenom","floor":33},{"not_picked":["Escape Plan","Deadly Poison+1"],"picked":"Prepared+1","floor":35},{"not_picked":["Calculated Gamble+1","Blade Dance"],"picked":"Bouncing Flask+1","floor":36},{"not_picked":["Choke+1","Predator","All Out Attack"],"picked":"Singing Bowl","floor":37},{"not_picked":["Dodge and Roll","Blade Dance"],"picked":"Deadly Poison+1","floor":41},{"not_picked":["Backstab","Leg Sweep+1"],"picked":"Dodge and Roll+1","floor":44},{"not_picked":["Outmaneuver+1","Eviscerate"],"picked":"Deflect+1","floor":46}],"player_experience":103457,"relics_obtained":[{"floor":7,"key":"Ginger"},{"floor":9,"key":"Singing Bowl"},{"floor":11,"key":"Odd Mushroom"},{"floor":26,"key":"Torii"},{"floor":28,"key":"Du-Vu Doll"},{"floor":31,"key":"Calipers"},{"floor":43,"key":"Boot"},{"floor":46,"key":"Vajra"},{"floor":47,"key":"Frozen Egg 2"}],"event_choices":[{"damage_healed":0,"gold_gain":175,"player_choice":"AGREE","damage_taken":0,"max_hp_gain":0,"max_hp_loss":0,"event_name":"Liars Game","floor":3,"gold_loss":0,"cards_obtained":["Doubt"]},{"damage_healed":0,"gold_gain":0,"player_choice":"Fought Mushrooms","damage_taken":0,"max_hp_gain":0,"max_hp_loss":0,"event_name":"Mushrooms","floor":11,"gold_loss":0},{"damage_healed":0,"gold_gain":0,"player_choice":"Ignored","damage_taken":0,"max_hp_gain":0,"max_hp_loss":0,"event_name":"Ghosts","floor":21,"gold_loss":0},{"cards_removed":["Strike_G"],"damage_healed":0,"gold_gain":0,"player_choice":"Gave Gold","damage_taken":0,"max_hp_gain":0,"max_hp_loss":0,"event_name":"Beggar","floor":22,"gold_loss":75},{"damage_healed":0,"gold_gain":0,"player_choice":"Inject Mutagens","damage_taken":0,"relics_obtained":["MutagenicStrength"],"max_hp_gain":0,"max_hp_loss":0,"event_name":"Drug Dealer","floor":24,"gold_loss":0},{"damage_healed":0,"gold_gain":0,"player_choice":"Ignored","damage_taken":0,"max_hp_gain":0,"max_hp_loss":0,"event_name":"Mysterious Sphere","floor":39,"gold_loss":0},{"damage_healed":0,"gold_gain":0,"player_choice":"Got Potions","damage_taken":0,"max_hp_gain":0,"max_hp_loss":0,"event_name":"Lab","floor":42,"gold_loss":0}],"is_beta":false,"boss_relics":[{"not_picked":["Cursed Key","Velvet Choker"],"picked":"Sozu"},{"not_picked":["Empty Cage","Busted Crown"],"picked":"Ring of the Serpent"}],"items_purged_floors":[5,38],"is_endless":false,"potions_floor_spawned":[1,2,7,13,18,27,30,33,35,37],"killed_by":"Jaw Worm Horde","ascension_level":0}