{"gold_per_floor":[111,130,150,136,136,136,38,52,52,76,7,7,7,28,28,158,158,179,168,128,147,147],"floor_reached":22,"playtime":1876,"items_purged":["Injury"],"score":180,"play_id":"7aa3c603-b528-4e30-9dac-8c9c79d25407","local_time":"20190703131314","is_ascension_mode":false,"campfire_choices":[{"floor":6,"key":"REST"},{"floor":13,"key":"REST"},{"floor":15,"key":"REST"}],"neow_cost":"NONE","seed_source_timestamp":229518072437351,"circlet_count":0,"master_deck":["Strike_R","Strike_R","Strike_R","Strike_R","Strike_R","Defend_R","Defend_R","Defend_R","Defend_R","Bash","Barricade","Battle Trance","Body Slam+1","Entrench","Rampage","Armaments","Shrug It Off","Flex","Metallicize","Inflame","Barricade","Cleave+1","Seeing Red","Reckless Charge"],"relics":["Black Blood","Golden Idol","Kunai"],"potions_floor_usage":[21,21],"damage_taken":[{"damage":11,"enemies":"2 Louse","floor":1,"turns":3},{"damage":20,"enemies":"Jaw Worm","floor":2,"turns":10},{"damage":6,"enemies":"Cultist","floor":3,"turns":3},{"damage":36,"enemies":"Exordium Thugs","floor":4,"turns":8},{"damage":15,"enemies":"Red Slaver","floor":8,"turns":4},{"damage":7,"enemies":"2 Fungi Beasts","floor":10,"turns":5},{"damage":13,"enemies":"Exordium Wildlife","floor":14,"turns":6},{"damage":45,"enemies":"The Guardian","floor":16,"turns":13},{"damage":52,"enemies":"Spheric Guardian","floor":18,"turns":12},{"damage":34,"enemies":"2 Thieves","floor":19,"turns":4},{"damage":11,"enemies":"Centurion and Healer","floor":21,"turns":8},{"damage":21,"enemies":"3 Cultists","floor":22,"turns":3}],"seed_played":"-194114134003965043","potions_obtained":[{"floor":1,"key":"Swift Potion"},{"floor":4,"key":"Dexterity Potion"},{"floor":8,"key":"Poison Potion"},{"floor":12,"key":"Explosive Potion"},{"floor":12,"key":"GamblersBrew"}],"is_trial":false,"path_per_floor":["M","M","M","M","?","R","$","M","T","M","$","?","R","M","R","B",null,"M","M","?","M","M"],"character_chosen":"IRONCLAD","items_purchased":["Armaments","Metallicize"],"campfire_rested":3,"item_purchase_floors":[7,11],"current_hp_per_floor":[75,61,61,31,31,55,55,46,46,45,45,45,69,62,80,41,80,38,14,14,13,0],"gold":147,"neow_bonus":"ONE_RANDOM_RARE_CARD","is_prod":false,"is_daily":false,"chose_seed":false,"campfire_upgraded":0,"win_rate":0.0,"timestamp":1562170394,"path_taken":["M","M","M","M","?","R","$","M","T","M","$","?","R","M","R","BOSS","M","?","?","M","M"],"build_version":"2019-07-01","purchased_purges":1,"victory":false,"max_hp_per_floor":[80,80,80,80,80,80,80,80,80,80,80,80,80,80,80,80,80,80,80,80,80,80],"card_choices":[{"not_picked":["Combust","Flex"],"picked":"Battle Trance","floor":1},{"not_picked":["Twin Strike","Searing Blow"],"picked":"Body Slam","floor":2},{"not_picked":["Dual Wield","Body Slam"],"picked":"Entrench","floor":3},{"not_picked":["Burning Pact","Flex"],"picked":"Rampage","floor":4},{"not_picked":["Dual Wield","Seeing Red"],"picked":"Shrug It Off","floor":8},{"not_picked":["Disarm","Perfected Strike"],"picked":"Flex","floor":10},{"not_picked":["Offering","Clothesline"],"picked":"Inflame","floor":14},{"not_picked":["Dark Embrace","Offering"],"picked":"Barricade","floor":16},{"not_picked":["True Grit+1","Power Through"],"picked":"Cleave+1","floor":18},{"not_picked":["Disarm","Searing Blow"],"picked":"Seeing Red","floor":19},{"not_picked":["Pommel Strike","Iron Wave"],"picked":"Reckless Charge","floor":21}],"player_experience":25711,"relics_obtained":[{"floor":9,"key":"Kunai"}],"event_choices":[{"damage_healed":0,"gold_gain":0,"player_choice":"Take Wound","damage_taken":0,"relics_obtained":["Golden Idol"],"max_hp_gain":0,"max_hp_loss":0,"event_name":"Golden Idol","floor":5,"gold_loss":0,"cards_obtained":["Injury"]},{"damage_healed":0,"gold_gain":0,"player_choice":"Got Potions","damage_taken":0,"max_hp_gain":0,"max_hp_loss":0,"event_name":"Lab","floor":12,"gold_loss":0},{"damage_healed":0,"gold_gain":0,"player_choice":"Upgrade","damage_taken":0,"max_hp_gain":0,"max_hp_loss":0,"event_name":"Designer","floor":20,"gold_loss":40,"cards_upgraded":["Body Slam"]}],"is_beta":false,"boss_relics":[{"not_picked":["Snecko Eye","Fusion Hammer"],"picked":"Black Blood"}],"items_purged_floors":[7],"is_endless":false,"potions_floor_spawned":[1,4,8,10,14],"killed_by":"3 Cultists","ascension_level":0}