{"gold_per_floor":[116,116,45,57,32,65,240,250,250,268,268,282,282,292,292,389,389,399,412,431,431,450,450,450,450,530,530,550,550,36,71,71,71],"floor_reached":33,"playtime":2520,"items_purged":[],"score":292,"play_id":"e7661c05-8d4b-45f9-a8cc-c413aebce853","local_time":"20190702203635","is_ascension_mode":false,"campfire_choices":[{"floor":11,"key":"REST"},{"floor":13,"key":"REST"},{"floor":15,"key":"REST"},{"floor":23,"key":"REST"},{"floor":25,"key":"REST"},{"floor":27,"key":"REST"},{"floor":29,"key":"REST"},{"floor":32,"key":"REST"}],"neow_cost":"NONE","seed_source_timestamp":169068828190728,"circlet_count":0,"master_deck":["Strike_B","Strike_B","Strike_B","Defend_B","Defend_B","Defend_B","Defend_B","Zap","Dualcast","All For One","Gash","Sweeping Beam","Stack","Sweeping Beam","Conserve Battery","Hello World","Ball Lightning","Beam Cell","Gash","Doom and Gloom","Seek","Go for the Eyes","Gash+1","Coolheaded","Doom and Gloom","Melter+1","Flash of Steel","Secret Technique","Gash","BootSequence","Ball Lightning"],"relics":["Cracked Core","Mummified Hand","Oddly Smooth Stone","Nuclear Battery","Matryoshka","Centennial Puzzle","Bag of Preparation"],"potions_floor_usage":[20,20,22,22],"damage_taken":[{"damage":8,"enemies":"Jaw Worm","floor":1,"turns":3},{"damage":0,"enemies":"Cultist","floor":4,"turns":4},{"damage":46,"enemies":"Gremlin Nob","floor":6,"turns":5},{"damage":10,"enemies":"Small Slimes","floor":8,"turns":4},{"damage":1,"enemies":"Exordium Wildlife","floor":10,"turns":3},{"damage":0,"enemies":"2 Fungi Beasts","floor":12,"turns":3},{"damage":17,"enemies":"3 Louse","floor":14,"turns":4},{"damage":37,"enemies":"Slime Boss","floor":16,"turns":8},{"damage":12,"enemies":"3 Byrds","floor":18,"turns":3},{"damage":10,"enemies":"Chosen","floor":19,"turns":5},{"damage":32,"enemies":"Snecko","floor":20,"turns":5},{"damage":20,"enemies":"Shelled Parasite and Fungi","floor":22,"turns":4},{"damage":39,"enemies":"Snake Plant","floor":28,"turns":6},{"damage":10,"enemies":"Book of Stabbing","floor":31,"turns":3},{"damage":75,"enemies":"Champ","floor":33,"turns":7}],"seed_played":"-34670783802837098","potions_obtained":[{"floor":1,"key":"Fire Potion"},{"floor":6,"key":"Poison Potion"},{"floor":12,"key":"PowerPotion"},{"floor":14,"key":"PowerPotion"},{"floor":20,"key":"Strength Potion"},{"floor":22,"key":"AttackPotion"}],"is_trial":false,"path_per_floor":["M","?","$","M","$","E","?","M","T","M","R","M","R","M","R","B",null,"M","M","M","?","M","R","?","R","T","R","M","R","$","E","R","B"],"character_chosen":"DEFECT","items_purchased":["Sweeping Beam","Stack","Conserve Battery","Flash of Steel","Secret Technique","Gash","BootSequence","Centennial Puzzle"],"campfire_rested":8,"item_purchase_floors":[3,3,5,30,30,30,30,30],"current_hp_per_floor":[67,67,67,67,67,21,21,11,11,10,32,32,54,37,59,22,75,63,53,21,21,1,23,23,45,45,67,28,50,50,40,62,0],"gold":71,"neow_bonus":"ONE_RANDOM_RARE_CARD","is_prod":false,"is_daily":false,"chose_seed":false,"campfire_upgraded":0,"win_rate":0.0,"timestamp":1562110595,"path_taken":["M","?","$","M","?","E","?","M","T","?","R","M","R","M","R","BOSS","M","M","M","?","M","R","?","R","T","R","?","R","?","E","R","BOSS"],"build_version":"2019-07-01","purchased_purges":0,"victory":false,"max_hp_per_floor":[75,75,75,75,75,75,75,75,75,75,75,75,75,75,75,75,75,75,75,75,75,75,75,75,75,75,75,75,75,75,75,75,75],"card_choices":[{"not_picked":["Streamline","Capacitor"],"picked":"Gash","floor":1},{"not_picked":["Scrape","Leap"],"picked":"Sweeping Beam","floor":4},{"not_picked":["Cold Snap","Stack"],"picked":"Hello World","floor":6},{"not_picked":["Redo","Compile Driver"],"picked":"Ball Lightning","floor":8},{"not_picked":["Compile Driver","Scrape"],"picked":"Beam Cell","floor":10},{"not_picked":["Barrage","Storm"],"picked":"Gash","floor":12},{"not_picked":["Sweeping Beam","All For One"],"picked":"Doom and Gloom","floor":14},{"not_picked":["Biased Cognition","Fission"],"picked":"Seek","floor":16},{"not_picked":["Leap","Glacier"],"picked":"Go for the Eyes","floor":18},{"not_picked":["Steam","Barrage+1"],"picked":"Gash+1","floor":19},{"not_picked":["Steam Power+1","Electrodynamics"],"picked":"Coolheaded","floor":20},{"not_picked":["Chaos","Fusion"],"picked":"Doom and Gloom","floor":22},{"not_picked":["Ball Lightning+1","Stack"],"picked":"Melter+1","floor":28},{"not_picked":["Go for the Eyes","Thunder Strike"],"picked":"Ball Lightning","floor":31}],"player_experience":15042,"relics_obtained":[{"floor":6,"key":"Mummified Hand"},{"floor":9,"key":"Oddly Smooth Stone"},{"floor":26,"key":"Matryoshka"},{"floor":31,"key":"Bag of Preparation"}],"event_choices":[{"cards_removed":["Strike_B"],"damage_healed":0,"gold_gain":0,"player_choice":"Card Removal","damage_taken":0,"max_hp_gain":0,"max_hp_loss":0,"event_name":"Wheel of Change","floor":2,"gold_loss":0},{"damage_healed":0,"gold_gain":175,"player_choice":"AGREE","damage_taken":0,"max_hp_gain":0,"max_hp_loss":0,"event_name":"Liars Game","floor":7,"gold_loss":0,"cards_obtained":["Doubt"]},{"damage_healed":0,"gold_gain":0,"player_choice":"Ignored","damage_taken":0,"max_hp_gain":0,"max_hp_loss":0,"event_name":"Vampires","floor":21,"gold_loss":0},{"cards_removed":["Doubt"],"damage_healed":0,"gold_gain":0,"player_choice":"Removed Curses","damage_taken":0,"max_hp_gain":0,"max_hp_loss":0,"event_name":"Fountain of Cleansing","floor":24,"gold_loss":0}],"is_beta":false,"boss_relics":[{"not_picked":["Astrolabe","Eternal Feather"],"picked":"Nuclear Battery"}],"items_purged_floors":[],"is_endless":false,"potions_floor_spawned":[1,6,12,14,18,20,22],"killed_by":"Champ","ascension_level":0}