{"gold_per_floor":[117,42,117,117,136,136,136,136,136,167,184,197,222,222,222,294,294,313,22,122,138,76,109,126,126,126,155,99,129,143,163,163,240,240,254,254,94,114,128,162,162,189,237,256,256,291,308,308,308,308,308,308,67,100,100],"floor_reached":55,"playtime":4883,"items_purged":["Strike_R"],"score":1511,"play_id":"60d0483c-9008-4be9-bc27-9ed65e1640cc","local_time":"20190618152809","is_ascension_mode":true,"campfire_choices":[{"data":"Bash","floor":6,"key":"SMITH"},{"data":"Iron Wave","floor":8,"key":"SMITH"},{"data":"Flame Barrier","floor":15,"key":"SMITH"},{"data":"Apotheosis","floor":25,"key":"SMITH"},{"floor":32,"key":"RECALL"},{"floor":45,"key":"REST"},{"floor":49,"key":"REST"},{"floor":52,"key":"REST"}],"neow_cost":"NONE","seed_source_timestamp":566099798190474,"circlet_count":0,"master_deck":["AscendersBane","Strike_R","Strike_R","Strike_R","Defend_R","Defend_R","Defend_R","Defend_R","Bash+1","Iron Wave+1","Sword Boomerang+1","Battle Trance+1","Seeing Red","Flame Barrier+1","Carnage","Feed","Apotheosis+1","Rampage+1","Pommel Strike","Inflame","Shrug It Off","Shrug It Off","Entrench","Impervious","Power Through+1","Warcry+1","Rampage+1","Shrug It Off","Feel No Pain","Shrug It Off"],"relics":["Burning Blood","NeowsBlessing","Mercury Hourglass","Matryoshka","Pear","Happy Flower","Busted Crown","FossilizedHelix","Shuriken","Anchor","Blood Vial","Ancient Tea Set","Orichalcum","Whetstone","Runic Cube","Strawberry","Dream Catcher","Regal Pillow","Potion Belt","Lantern","Ice Cream","Paper Frog","Ornamental Fan"],"potions_floor_usage":[13,16,20,24,27,29,42,54,55,55,55],"damage_taken":[{"damage":0,"enemies":"2 Louse","floor":1,"turns":1},{"damage":0,"enemies":"Jaw Worm","floor":5,"turns":1},{"damage":0,"enemies":"Lagavulin","floor":10,"turns":1},{"damage":0,"enemies":"Cultist","floor":11,"turns":2},{"damage":13,"enemies":"Red Slaver","floor":12,"turns":4},{"damage":21,"enemies":"Gremlin Nob","floor":13,"turns":4},{"damage":6,"enemies":"Slime Boss","floor":16,"turns":9},{"damage":9,"enemies":"Chosen","floor":18,"turns":4},{"damage":15,"enemies":"Colosseum Slavers","floor":20,"turns":4},{"damage":32,"enemies":"Colosseum Nobs","floor":20,"turns":4},{"damage":0,"enemies":"3 Byrds","floor":21,"turns":3},{"damage":45,"enemies":"Gremlin Leader","floor":23,"turns":6},{"damage":8,"enemies":"Snake Plant","floor":24,"turns":2},{"damage":16,"enemies":"Book of Stabbing","floor":27,"turns":4},{"damage":17,"enemies":"Slavers","floor":29,"turns":5},{"damage":0,"enemies":"Chosen and Byrds","floor":30,"turns":3},{"damage":0,"enemies":"Centurion and Healer","floor":31,"turns":5},{"damage":46,"enemies":"Champ","floor":33,"turns":9},{"damage":0,"enemies":"3 Shapes","floor":35,"turns":4},{"damage":0,"enemies":"Orb Walker","floor":38,"turns":3},{"damage":3,"enemies":"4 Shapes","floor":39,"turns":6},{"damage":32,"enemies":"Reptomancer","floor":40,"turns":7},{"damage":45,"enemies":"Nemesis","floor":42,"turns":7},{"damage":0,"enemies":"Transient","floor":44,"turns":5},{"damage":60,"enemies":"Reptomancer","floor":46,"turns":7},{"damage":27,"enemies":"Spire Growth","floor":47,"turns":6},{"damage":72,"enemies":"Time Eater","floor":50,"turns":10},{"damage":70,"enemies":"Shield and Spear","floor":54,"turns":8},{"damage":54,"enemies":"The Heart","floor":55,"turns":5}],"seed_played":"-5957292598329188036","potions_obtained":[{"floor":11,"key":"Block Potion"},{"floor":12,"key":"Swift Potion"},{"floor":13,"key":"Dexterity Potion"},{"floor":23,"key":"BloodPotion"},{"floor":24,"key":"Swift Potion"},{"floor":27,"key":"Regen Potion"},{"floor":33,"key":"AttackPotion"},{"floor":40,"key":"Dexterity Potion"},{"floor":44,"key":"Strength Potion"}],"is_trial":false,"path_per_floor":["M","$","?","T","M","R","$","R","T","E","M","M","E","?","R","B",null,"M","$","?","M","?","E","M","R","T","E","$","E","M","M","R","B",null,"M","?","$","M","M","E","?","E","T","M","R","E","M","T","R","B",null,"R","$","E","B"],"character_chosen":"IRONCLAD","items_purchased":["Apotheosis","Rampage","Shrug It Off","Strawberry","LiquidBronze","Feel No Pain","Dexterity Potion","Shrug It Off"],"campfire_rested":3,"item_purchase_floors":[19,19,28,37,53,53,53,53],"current_hp_per_floor":[74,74,63,63,69,69,69,69,69,85,85,78,63,68,68,68,85,82,82,50,56,56,17,40,40,40,32,32,41,49,57,57,19,78,89,89,96,104,110,84,84,51,51,59,108,56,37,37,86,22,91,114,114,50,0],"gold":100,"neow_bonus":"THREE_ENEMY_KILL","is_prod":false,"is_daily":false,"chose_seed":false,"campfire_upgraded":4,"win_rate":0,"timestamp":1560886089,"path_taken":["M","$","?","?","?","R","?","R","T","E","M","M","E","?","R","BOSS","M","$","?","M","?","E","M","R","T","E","$","E","M","M","R","BOSS","M","?","?","?","M","E","?","E","T","M","R","E","?","?","R","BOSS","R","$","E","BOSS"],"build_version":"2019-06-17v2","purchased_purges":1,"victory":false,"max_hp_per_floor":[75,75,75,75,75,75,75,75,75,85,85,85,85,90,90,90,90,90,90,93,93,93,93,93,93,93,93,93,97,97,97,97,97,97,100,100,107,107,110,110,110,114,114,114,114,114,114,114,114,114,114,114,114,114,114],"card_choices":[{"not_picked":["Anger","Wild Strike"],"picked":"Iron Wave","floor":1},{"not_picked":["Warcry","Wild Strike"],"picked":"Sword Boomerang","floor":5},{"not_picked":["Burning Pact","True Grit"],"picked":"Battle Trance","floor":10},{"not_picked":["Wild Strike","Hemokinesis"],"picked":"Seeing Red","floor":11},{"not_picked":["Reckless Charge","Clothesline"],"picked":"Flame Barrier","floor":12},{"not_picked":["Bloodletting","Sever Soul"],"picked":"Carnage","floor":13},{"not_picked":["Juggernaut","Dark Embrace"],"picked":"Feed","floor":16},{"not_picked":["Wild Strike"],"picked":"SKIP","floor":18},{"not_picked":["Perfected Strike"],"picked":"SKIP","floor":21},{"not_picked":[],"picked":"Pommel Strike","floor":23},{"not_picked":[],"picked":"Inflame","floor":24},{"not_picked":[],"picked":"Shrug It Off","floor":27},{"not_picked":[],"picked":"Entrench","floor":29},{"not_picked":["Clothesline"],"picked":"SKIP","floor":30},{"not_picked":["Heavy Blade"],"picked":"SKIP","floor":31},{"not_picked":[],"picked":"Impervious","floor":33},{"not_picked":["Armaments"],"picked":"SKIP","floor":35},{"not_picked":["Cleave"],"picked":"SKIP","floor":38},{"not_picked":[],"picked":"Power Through+1","floor":39},{"not_picked":[],"picked":"Warcry+1","floor":40},{"not_picked":["Flex"],"picked":"SKIP","floor":42},{"not_picked":[],"picked":"Rampage+1","floor":44},{"not_picked":["Evolve"],"picked":"SKIP","floor":46},{"not_picked":["Sword Boomerang"],"picked":"SKIP","floor":47},{"not_picked":[],"picked":"Shrug It Off","floor":49},{"not_picked":["Armaments"],"picked":"SKIP","floor":54}],"player_experience":611886,"relics_obtained":[{"floor":4,"key":"Mercury Hourglass"},{"floor":9,"key":"Matryoshka"},{"floor":10,"key":"Pear"},{"floor":13,"key":"Happy Flower"},{"floor":20,"key":"FossilizedHelix"},{"floor":20,"key":"Shuriken"},{"floor":23,"key":"Blood Vial"},{"floor":26,"key":"Ancient Tea Set"},{"floor":27,"key":"Orichalcum"},{"floor":29,"key":"Whetstone"},{"floor":40,"key":"Dream Catcher"},{"floor":42,"key":"Regal Pillow"},{"floor":43,"key":"Potion Belt"},{"floor":43,"key":"Lantern"},{"floor":46,"key":"Ice Cream"},{"floor":48,"key":"Paper Frog"},{"floor":54,"key":"Ornamental Fan"}],"event_choices":[{"damage_healed":0,"gold_gain":75,"player_choice":"Gather Gold","damage_taken":11,"max_hp_gain":0,"max_hp_loss":0,"event_name":"World of Goop","floor":3,"gold_loss":0},{"damage_healed":0,"gold_gain":0,"player_choice":"Donut","damage_taken":0,"max_hp_gain":5,"max_hp_loss":0,"event_name":"Big Fish","floor":14,"gold_loss":0},{"damage_healed":0,"gold_gain":0,"player_choice":"Fight","damage_taken":0,"max_hp_gain":0,"max_hp_loss":0,"event_name":"Colosseum","floor":20,"gold_loss":0},{"damage_healed":0,"gold_gain":0,"player_choice":"Fought Nobs","damage_taken":0,"max_hp_gain":0,"max_hp_loss":0,"event_name":"Colosseum","floor":20,"gold_loss":0},{"damage_healed":0,"gold_gain":0,"player_choice":"Paid Gold","damage_taken":0,"relics_obtained":["Anchor"],"max_hp_gain":0,"max_hp_loss":0,"event_name":"WeMeetAgain","floor":22,"gold_loss":62},{"cards_removed":["Strike_R"],"damage_healed":0,"gold_gain":0,"player_choice":"Purged","damage_taken":0,"max_hp_gain":0,"max_hp_loss":0,"event_name":"Purifier","floor":36,"gold_loss":0},{"damage_healed":0,"gold_gain":0,"player_choice":"Upgraded","damage_taken":0,"max_hp_gain":0,"max_hp_loss":0,"event_name":"Upgrade Shrine","floor":41,"gold_loss":0,"cards_upgraded":["Battle Trance"]}],"is_beta":true,"boss_relics":[{"not_picked":["Philosopher\u0027s Stone","Runic Dome"],"picked":"Busted Crown"},{"not_picked":["Mark of Pain","Empty Cage"],"picked":"Runic Cube"}],"items_purged_floors":[2],"is_endless":false,"potions_floor_spawned":[11,12,13,23,24,27,33,40,44],"killed_by":"The Heart","ascension_level":16}