{"gold_per_floor":[119,136,136,153,173,173,98,108,108,108],"floor_reached":10,"playtime":390,"items_purged":[],"score":114,"play_id":"b64ac321-288c-4eca-a041-a74100dbc582","local_time":"20190709071537","is_ascension_mode":true,"campfire_choices":[{"data":"Rainbow","floor":6,"key":"SMITH"}],"neow_cost":"PERCENT_DAMAGE","seed_source_timestamp":348807943046441,"circlet_count":0,"master_deck":["AscendersBane","Strike_B","Strike_B","Strike_B","Defend_B","Defend_B","Defend_B","Defend_B","Zap","Dualcast","Rainbow+1","Loop","Gash","Defragment","Gash"],"relics":["Cracked Core","Kunai"],"potions_floor_usage":[5],"damage_taken":[{"damage":8,"enemies":"Small Slimes","floor":1,"turns":3},{"damage":7,"enemies":"Jaw Worm","floor":2,"turns":4},{"damage":8,"enemies":"2 Louse","floor":4,"turns":2},{"damage":8,"enemies":"Large Slime","floor":5,"turns":6},{"damage":26,"enemies":"Red Slaver","floor":8,"turns":4},{"damage":0,"enemies":"Exordium Thugs","floor":10,"turns":1}],"seed_played":"1677765449732907442","potions_obtained":[{"floor":1,"key":"Energy Potion"}],"is_trial":false,"path_per_floor":["M","M","?","M","M","R","?","M","T","M"],"character_chosen":"DEFECT","items_purchased":[],"campfire_rested":0,"item_purchase_floors":[],"current_hp_per_floor":[38,31,54,46,38,38,38,12,12,12],"gold":108,"neow_bonus":"THREE_RARE_CARDS","is_prod":false,"is_daily":false,"chose_seed":false,"campfire_upgraded":1,"win_rate":0,"timestamp":1562670937,"path_taken":["M","M","?","M","M","R","?","M","T","M"],"build_version":"2019-07-03","purchased_purges":0,"victory":false,"max_hp_per_floor":[71,71,71,71,71,71,71,71,71,71],"card_choices":[{"not_picked":["Amplify","Thunder Strike"],"picked":"Rainbow","floor":0},{"not_picked":["Force Field","Cold Snap"],"picked":"Loop","floor":1},{"not_picked":["Stack","Sweeping Beam"],"picked":"Gash","floor":2},{"not_picked":["Steam Power","Reprogram","Streamline"],"picked":"SKIP","floor":4},{"not_picked":["Rebound","Leap"],"picked":"Defragment","floor":5},{"not_picked":["Hologram","Amplify"],"picked":"Gash","floor":8}],"player_experience":726609,"relics_obtained":[{"floor":9,"key":"Kunai"}],"event_choices":[{"damage_healed":23,"gold_gain":0,"player_choice":"Banana","damage_taken":0,"max_hp_gain":0,"max_hp_loss":0,"event_name":"Big Fish","floor":3,"gold_loss":0},{"cards_removed":["Strike_B"],"damage_healed":0,"gold_gain":0,"player_choice":"Card Removal","damage_taken":0,"max_hp_gain":0,"max_hp_loss":0,"event_name":"The Cleric","floor":7,"gold_loss":75}],"is_beta":true,"boss_relics":[],"items_purged_floors":[],"is_endless":false,"potions_floor_spawned":[1],"killed_by":"Exordium Thugs","ascension_level":18}