{"gold_per_floor":[17,17,33,33,49,49,74,74,97,117,117,132,157,175,175,279,279,294,46,46,46,11,11,45,45,45,77,77,89,105,30,30,30],"floor_reached":33,"playtime":1566,"items_purged":["Regret"],"score":352,"play_id":"9693b6fd-fd8a-4ea5-ab5d-2a34ac378ceb","local_time":"20190518164552","is_ascension_mode":true,"campfire_choices":[{"data":"Poisoned Stab","floor":6,"key":"SMITH"},{"data":"Backflip","floor":15,"key":"SMITH"},{"data":"Glass Knife","floor":23,"key":"SMITH"},{"data":"Crippling Poison","floor":25,"key":"SMITH"},{"data":"Deadly Poison","floor":32,"key":"SMITH"}],"neow_cost":"NO_GOLD","seed_source_timestamp":84971136589084,"circlet_count":0,"master_deck":["Defend_G","Defend_G","Defend_G","Defend_G","Defend_G","Strike_G","Strike_G","Strike_G","Strike_G","Strike_G","Survivor","Neutralize+1","Poisoned Stab+1","Backflip+1","Prepared","Skewer+1","Deadly Poison","Deadly Poison+1","Crippling Poison+1","Glass Knife+1","Catalyst+1","Dash","Injury"],"special_seed":0,"relics":["Ring of the Snake","Torii","Lantern","Bronze Scales","Blue Candle","Cursed Key","Letter Opener","Sundial","Dream Catcher","Snake Skull","Paper Crane"],"potions_floor_usage":[7,27,33],"damage_taken":[{"damage":1,"enemies":"2 Louse","floor":1,"turns":4},{"damage":0,"enemies":"Cultist","floor":3,"turns":3},{"damage":0,"enemies":"Small Slimes","floor":5,"turns":4},{"damage":3,"enemies":"Lagavulin","floor":7,"turns":8},{"damage":1,"enemies":"Blue Slaver","floor":10,"turns":3},{"damage":6,"enemies":"Exordium Thugs","floor":12,"turns":3},{"damage":13,"enemies":"3 Sentries","floor":13,"turns":7},{"damage":0,"enemies":"Exordium Wildlife","floor":14,"turns":4},{"damage":15,"enemies":"Hexaghost","floor":16,"turns":8},{"damage":0,"enemies":"Chosen","floor":18,"turns":3},{"damage":8,"enemies":"Book of Stabbing","floor":24,"turns":4},{"damage":11,"enemies":"Slavers","floor":27,"turns":3},{"damage":1,"enemies":"Spheric Guardian","floor":29,"turns":3},{"damage":0,"enemies":"Snake Plant","floor":30,"turns":3},{"damage":65,"enemies":"Automaton","floor":33,"turns":6}],"seed_played":"2424233291538835014","potions_obtained":[{"floor":1,"key":"GamblersBrew"},{"floor":5,"key":"Fire Potion"},{"floor":7,"key":"Ancient Potion"},{"floor":10,"key":"Ancient Potion"},{"floor":18,"key":"Fire Potion"},{"floor":27,"key":"Regen Potion"}],"is_trial":false,"path_per_floor":["M","?","M","$","M","R","E","?","T","M","?","M","E","M","R","B",null,"M","$","?","?","$","R","E","R","T","E","T","M","M","$","R","B"],"character_chosen":"THE_SILENT","items_purchased":["Letter Opener","Dash"],"campfire_rested":0,"item_purchase_floors":[19,22],"current_hp_per_floor":[69,69,69,69,69,69,66,66,66,65,65,59,46,46,46,31,70,70,70,70,70,70,70,62,62,62,51,51,50,50,50,50,0],"gold":30,"neow_bonus":"ONE_RARE_RELIC","is_prod":false,"is_daily":false,"chose_seed":false,"campfire_upgraded":5,"win_rate":0,"timestamp":1558212352,"path_taken":["M","?","?","?","?","R","E","?","T","M","?","?","E","M","R","BOSS","M","$","?","?","$","R","E","R","T","E","?","M","M","$","R","BOSS"],"build_version":"2019-01-23","purchased_purges":1,"victory":false,"max_hp_per_floor":[70,70,70,70,70,70,70,70,70,70,70,70,70,70,70,70,70,70,70,70,70,70,70,70,70,70,70,70,70,70,70,70,70],"card_choices":[{"not_picked":["Caltrops","Sucker Punch"],"picked":"Poisoned Stab","floor":1},{"not_picked":["Slice","Finisher"],"picked":"Backflip","floor":3},{"not_picked":["Deflect","Poisoned Stab"],"picked":"Prepared","floor":5},{"not_picked":["Backflip","Leg Sweep"],"picked":"Skewer","floor":7},{"not_picked":["Accuracy","Escape Plan"],"picked":"Deadly Poison","floor":10},{"not_picked":["Backflip","Deflect"],"picked":"Deadly Poison","floor":12},{"not_picked":["Cloak And Dagger","Choke"],"picked":"Crippling Poison","floor":13},{"not_picked":["Crippling Poison","Quick Slash","Cloak And Dagger"],"picked":"SKIP","floor":14},{"not_picked":["Wraith Form v2","Tools of the Trade"],"picked":"Glass Knife","floor":16},{"not_picked":["Reflex","Underhanded Strike"],"picked":"Catalyst+1","floor":18},{"not_picked":["Underhanded Strike","Deflect","Dagger Throw+1"],"picked":"SKIP","floor":24},{"not_picked":["Phantasmal Killer","Prepared","Cloak And Dagger+1"],"picked":"SKIP","floor":27},{"not_picked":["Quick Slash","Masterful Stab","Blade Dance+1"],"picked":"SKIP","floor":29},{"not_picked":["Riddle With Holes","Distraction","Dagger Throw"],"picked":"SKIP","floor":30}],"player_experience":173066,"relics_obtained":[{"floor":7,"key":"Lantern"},{"floor":9,"key":"Bronze Scales"},{"floor":13,"key":"Blue Candle"},{"floor":24,"key":"Sundial"},{"floor":26,"key":"Dream Catcher"},{"floor":27,"key":"Snake Skull"},{"floor":28,"key":"Paper Crane"}],"event_choices":[{"damage_healed":0,"gold_gain":0,"player_choice":"Forge","damage_taken":0,"max_hp_gain":0,"max_hp_loss":0,"event_name":"Accursed Blacksmith","floor":2,"gold_loss":0,"cards_upgraded":["Neutralize"]},{"damage_healed":0,"gold_gain":0,"player_choice":"Grow","damage_taken":0,"max_hp_gain":0,"max_hp_loss":0,"event_name":"Living Wall","floor":8,"gold_loss":0,"cards_upgraded":["Skewer"]},{"damage_healed":0,"gold_gain":0,"player_choice":"Bought 0 Potions","damage_taken":0,"max_hp_gain":0,"max_hp_loss":0,"event_name":"The Woman in Blue","floor":11,"gold_loss":0},{"damage_healed":0,"gold_gain":0,"player_choice":"Ignored","damage_taken":0,"max_hp_gain":0,"max_hp_loss":0,"event_name":"Beggar","floor":20,"gold_loss":0},{"damage_healed":0,"gold_gain":0,"player_choice":"Ignored","damage_taken":0,"max_hp_gain":0,"max_hp_loss":0,"event_name":"Ghosts","floor":21,"gold_loss":0}],"is_beta":false,"boss_relics":[{"not_picked":["White Beast Statue","Tiny House"],"picked":"Cursed Key"}],"items_purged_floors":[31],"is_endless":false,"potions_floor_spawned":[1,5,7,10,18,27],"killed_by":"Automaton","ascension_level":4}