{"gold_per_floor":[114,114,74,91,91,120,120,139,439,454,474,474,492,124,124,244,244,258,168,188,188,207,207,242,257,302,302,427,451,495,75,75,195,195,219,441,441,459,459,459,584,584,584,599,622,622,636,636,636,636],"floor_reached":51,"playtime":2213,"items_purged":["Bash","Brutality"],"score":800,"play_id":"baf5d493-44c4-4d65-b6e1-2691cf284127","local_time":"20190329152752","is_ascension_mode":true,"campfire_choices":[{"data":"Evolve","floor":7,"key":"SMITH"},{"data":"Entrench","floor":15,"key":"SMITH"},{"data":"True Grit","floor":23,"key":"SMITH"},{"data":"Shockwave","floor":27,"key":"SMITH"},{"data":"Metamorphosis","floor":32,"key":"SMITH"},{"data":"Shrug It Off","floor":40,"key":"SMITH"},{"floor":42,"key":"DIG"},{"data":"Dual Wield","floor":46,"key":"SMITH"},{"floor":49,"key":"DIG"}],"neow_cost":"NONE","seed_source_timestamp":1314797501569097,"circlet_count":0,"master_deck":["Strike_R+1","Strike_R+1","Strike_R+1","Defend_R+1","Defend_R+1","Defend_R+1","Defend_R+1","Warcry+1","Shockwave+1","Shrug It Off+1","Evolve+1","Battle Trance","Entrench+1","Wild Strike+1","Spot Weakness+1","True Grit+1","Headbutt","Thunderclap","Dual Wield+1","Metamorphosis+1","Writhe","True Grit+1","Injury","Dual Wield+1"],"relics":["Burning Blood","NeowsBlessing","Ice Cream","Old Coin","Golden Idol","Lantern","War Paint","Busted Crown","Shovel","Bronze Scales","FossilizedHelix","Bottled Tornado","Red Mask","Pen Nib","Cursed Key","Blue Candle","Champion Belt","Potion Belt","Frozen Egg 2","Bottled Lightning"],"potions_floor_usage":[11,16,16,24,28,33,41,45],"damage_taken":[{"damage":0,"enemies":"Small Slimes","floor":1,"turns":1},{"damage":0,"enemies":"Jaw Worm","floor":4,"turns":1},{"damage":0,"enemies":"3 Sentries","floor":6,"turns":2},{"damage":0,"enemies":"Cultist","floor":8,"turns":3},{"damage":7,"enemies":"Looter","floor":10,"turns":4},{"damage":11,"enemies":"3 Louse","floor":11,"turns":4},{"damage":0,"enemies":"Exordium Wildlife","floor":13,"turns":4},{"damage":56,"enemies":"The Guardian","floor":16,"turns":12},{"damage":2,"enemies":"Shell Parasite","floor":18,"turns":5},{"damage":5,"enemies":"2 Thieves","floor":20,"turns":4},{"damage":3,"enemies":"Shelled Parasite and Fungi","floor":22,"turns":6},{"damage":3,"enemies":"Gremlin Leader","floor":24,"turns":6},{"damage":5,"enemies":"Centurion and Healer","floor":25,"turns":6},{"damage":9,"enemies":"Colosseum Slavers","floor":28,"turns":3},{"damage":6,"enemies":"Colosseum Nobs","floor":28,"turns":4},{"damage":5,"enemies":"Snake Plant","floor":29,"turns":4},{"damage":0,"enemies":"Masked Bandits","floor":30,"turns":4},{"damage":52,"enemies":"Champ","floor":33,"turns":8},{"damage":0,"enemies":"3 Darklings","floor":35,"turns":4},{"damage":12,"enemies":"3 Shapes","floor":38,"turns":4},{"damage":0,"enemies":"Mind Bloom Boss Battle","floor":41,"turns":5},{"damage":25,"enemies":"Jaw Worm Horde","floor":44,"turns":4},{"damage":0,"enemies":"Writhing Mass","floor":45,"turns":4},{"damage":0,"enemies":"Transient","floor":47,"turns":5},{"damage":65,"enemies":"Awakened One","floor":50,"turns":10}],"seed_played":"-6296128344871883829","potions_obtained":[{"floor":6,"key":"AttackPotion"},{"floor":11,"key":"AttackPotion"},{"floor":13,"key":"Energy Potion"},{"floor":18,"key":"LiquidBronze"},{"floor":25,"key":"FearPotion"},{"floor":29,"key":"Strength Potion"},{"floor":35,"key":"SkillPotion"},{"floor":41,"key":"Swift Potion"}],"is_trial":false,"path_per_floor":["M","?","$","M","?","E","R","M","T","M","M","?","M","$","R","B",null,"M","?","M","?","M","R","E","M","T","R","?","M","?","$","R","B",null,"M","?","T","M","?","R","?","R","T","M","M","R","M","?","R","B",null],"character_chosen":"IRONCLAD","items_purchased":["Shockwave","Lantern","War Paint","Pen Nib","Metamorphosis"],"campfire_rested":0,"item_purchase_floors":[3,14,14,31,31],"current_hp_per_floor":[80,80,80,80,64,70,70,76,76,75,70,70,74,74,74,24,74,74,74,74,74,74,74,74,74,74,74,71,72,74,74,74,28,74,74,74,74,68,68,68,74,74,74,55,61,61,67,67,67,8],"gold":636,"neow_bonus":"THREE_ENEMY_KILL","is_prod":false,"is_daily":false,"chose_seed":false,"campfire_upgraded":7,"win_rate":0,"timestamp":1553887672,"path_taken":["M","?","$","M","?","E","R","M","T","M","M","?","M","$","R","BOSS","M","?","?","?","M","R","E","M","T","R","?","?","?","$","R","BOSS","M","?","?","M","?","R","?","R","T","M","?","R","M","?","R","BOSS"],"build_version":"2019-01-23","purchased_purges":2,"victory":true,"max_hp_per_floor":[80,80,80,80,80,80,80,80,80,80,80,74,74,74,74,74,74,74,74,74,74,74,74,74,74,74,74,74,74,74,74,74,74,74,74,74,74,74,74,74,74,74,74,74,74,74,74,74,74,74],"card_choices":[{"not_picked":["Armaments","Flex","Sword Boomerang"],"picked":"SKIP","floor":1},{"not_picked":["Warcry","Clash"],"picked":"Shrug It Off","floor":4},{"not_picked":["Sentinel","Anger"],"picked":"Evolve","floor":6},{"not_picked":["Sword Boomerang","Evolve"],"picked":"Battle Trance","floor":8},{"not_picked":["Anger","Pommel Strike"],"picked":"Rampage","floor":10},{"not_picked":["Feel No Pain","Flex"],"picked":"Entrench","floor":11},{"not_picked":["Warcry","Seeing Red"],"picked":"Wild Strike","floor":13},{"not_picked":["Immolate","Bludgeon"],"picked":"Brutality","floor":16},{"not_picked":[],"picked":"Spot Weakness+1","floor":18},{"not_picked":[],"picked":"True Grit","floor":20},{"not_picked":["Sword Boomerang"],"picked":"SKIP","floor":22},{"not_picked":[],"picked":"Headbutt","floor":24},{"not_picked":["Hemokinesis+1"],"picked":"SKIP","floor":25},{"not_picked":[],"picked":"Thunderclap","floor":29},{"not_picked":[],"picked":"Dual Wield","floor":30},{"not_picked":["Thunderclap"],"picked":"SKIP","floor":35},{"not_picked":[],"picked":"True Grit+1","floor":38},{"not_picked":["Iron Wave"],"picked":"SKIP","floor":44},{"not_picked":[],"picked":"Dual Wield+1","floor":45},{"not_picked":["Flame Barrier+1"],"picked":"SKIP","floor":47}],"player_experience":80305,"relics_obtained":[{"floor":6,"key":"Ice Cream"},{"floor":9,"key":"Old Coin"},{"floor":24,"key":"Shovel"},{"floor":26,"key":"Bronze Scales"},{"floor":28,"key":"FossilizedHelix"},{"floor":28,"key":"Bottled Tornado"},{"floor":30,"key":"Red Mask"},{"floor":37,"key":"Blue Candle"},{"floor":41,"key":"Champion Belt"},{"floor":42,"key":"Potion Belt"},{"floor":43,"key":"Frozen Egg 2"},{"floor":49,"key":"Bottled Lightning"}],"event_choices":[{"damage_healed":0,"gold_gain":0,"cards_transformed":["Strike_R"],"player_choice":"Change","damage_taken":0,"max_hp_gain":0,"max_hp_loss":0,"event_name":"Living Wall","floor":2,"gold_loss":0,"cards_obtained":["Warcry"]},{"damage_healed":0,"gold_gain":0,"player_choice":"Entered Light","damage_taken":16,"max_hp_gain":0,"max_hp_loss":0,"event_name":"Shining Light","floor":5,"gold_loss":0,"cards_upgraded":["Strike_R","Strike_R"]},{"damage_healed":0,"gold_gain":0,"player_choice":"Lose Max HP","damage_taken":0,"relics_obtained":["Golden Idol"],"max_hp_gain":0,"max_hp_loss":6,"event_name":"Golden Idol","floor":12,"gold_loss":0},{"cards_removed":["Strike_R"],"damage_healed":0,"gold_gain":0,"player_choice":"Upgrade and Remove","damage_taken":0,"max_hp_gain":0,"max_hp_loss":0,"event_name":"Designer","floor":19,"gold_loss":90,"cards_upgraded":["Wild Strike"]},{"damage_healed":0,"gold_gain":0,"player_choice":"Simplicity","damage_taken":0,"max_hp_gain":0,"max_hp_loss":0,"event_name":"Back to Basics","floor":21,"gold_loss":0,"cards_upgraded":["Strike_R","Defend_R","Defend_R","Defend_R"]},{"damage_healed":0,"gold_gain":0,"player_choice":"Fight","damage_taken":0,"max_hp_gain":0,"max_hp_loss":0,"event_name":"Colosseum","floor":28,"gold_loss":0},{"damage_healed":0,"gold_gain":0,"player_choice":"Fought Nobs","damage_taken":0,"max_hp_gain":0,"max_hp_loss":0,"event_name":"Colosseum","floor":28,"gold_loss":0},{"damage_healed":0,"gold_gain":0,"player_choice":"Fought Bandits","damage_taken":0,"max_hp_gain":0,"max_hp_loss":0,"event_name":"Masked Bandits","floor":30,"gold_loss":0},{"damage_healed":0,"gold_gain":222,"player_choice":"Wore Mask","damage_taken":0,"max_hp_gain":0,"max_hp_loss":0,"event_name":"Tomb of Lord Red Mask","floor":36,"gold_loss":0},{"cards_removed":["Rampage"],"damage_healed":0,"gold_gain":0,"player_choice":"Removed Attack","damage_taken":0,"max_hp_gain":0,"max_hp_loss":0,"event_name":"Falling","floor":39,"gold_loss":0},{"damage_healed":0,"gold_gain":0,"player_choice":"Fight","damage_taken":0,"max_hp_gain":0,"max_hp_loss":0,"event_name":"MindBloom","floor":41,"gold_loss":0},{"damage_healed":0,"gold_gain":0,"player_choice":"Ignored","damage_taken":0,"max_hp_gain":0,"max_hp_loss":0,"event_name":"Mysterious Sphere","floor":48,"gold_loss":0}],"is_beta":false,"boss_relics":[{"not_picked":["Eternal Feather","Velvet Choker"],"picked":"Busted Crown"},{"not_picked":["Runic Dome","Snecko Eye"],"picked":"Cursed Key"}],"items_purged_floors":[14,31],"is_endless":false,"potions_floor_spawned":[6,11,13,18,25,28,29,35,41],"ascension_level":1}