{"gold_per_floor":[99,99,99,111,186,213,68,68,92,92,109,126,150,163,163,263,263,251,265,265,280,280,280,280,280],"floor_reached":25,"playtime":935,"items_purged":[],"score":231,"play_id":"4fe65048-8a56-4864-b0bf-d5116b1e3099","local_time":"20190703110721","is_ascension_mode":true,"campfire_choices":[{"data":"Entrench","floor":8,"key":"SMITH"},{"data":"Disarm","floor":10,"key":"SMITH"},{"data":"Inflame","floor":15,"key":"SMITH"},{"data":"Limit Break","floor":23,"key":"SMITH"}],"neow_cost":"NONE","seed_source_timestamp":405884652722900,"circlet_count":0,"master_deck":["Strike_R+1","Strike_R+1","Strike_R+1","Strike_R+1","Strike_R+1","Defend_R+1","Defend_R+1","Defend_R+1","Defend_R+1","Bash","Disarm+1","Entrench+1","Inflame+1","Iron Wave","Limit Break+1","Heavy Blade+1","Writhe"],"relics":["Burning Blood","Dodecahedron","Oddly Smooth Stone","Red Skull","Ancient Tea Set","Mark of Pain","Mercury Hourglass"],"potions_floor_usage":[1,6,6,6,6,16,16,16,21,25],"damage_taken":[{"damage":0,"enemies":"2 Louse","floor":1,"turns":2},{"damage":0,"enemies":"Small Slimes","floor":4,"turns":3},{"damage":4,"enemies":"Gremlin Nob","floor":6,"turns":4},{"damage":1,"enemies":"Cultist","floor":11,"turns":4},{"damage":0,"enemies":"2 Fungi Beasts","floor":12,"turns":5},{"damage":0,"enemies":"Blue Slaver","floor":14,"turns":6},{"damage":68,"enemies":"Slime Boss","floor":16,"turns":18},{"damage":7,"enemies":"2 Thieves","floor":18,"turns":4},{"damage":40,"enemies":"Shell Parasite","floor":19,"turns":7},{"damage":27,"enemies":"Snake Plant","floor":21,"turns":5},{"damage":32,"enemies":"Gremlin Leader","floor":25,"turns":5}],"seed_played":"-4110614548158595742","potions_obtained":[{"floor":0,"key":"SpeedPotion"},{"floor":0,"key":"EntropicBrew"},{"floor":0,"key":"SmokeBomb"},{"floor":3,"key":"Block Potion"},{"floor":3,"key":"Block Potion"},{"floor":6,"key":"Fire Potion"},{"floor":19,"key":"Poison Potion"},{"floor":21,"key":"AttackPotion"}],"is_trial":false,"path_per_floor":["M","?","?","M","?","E","$","R","T","R","M","M","T","M","R","B",null,"M","M","?","M","?","R","?","E"],"character_chosen":"IRONCLAD","items_purchased":["Oddly Smooth Stone"],"campfire_rested":0,"item_purchase_floors":[7],"current_hp_per_floor":[80,64,64,70,59,61,61,61,61,61,66,72,72,78,78,16,80,79,45,45,24,24,24,24,0],"gold":280,"neow_bonus":"THREE_SMALL_POTIONS","is_prod":false,"is_daily":false,"chose_seed":false,"campfire_upgraded":4,"win_rate":0,"timestamp":1562166441,"path_taken":["M","?","?","?","?","E","$","R","T","R","M","M","?","M","R","BOSS","M","M","?","M","?","R","?","E"],"build_version":"2019-01-23","purchased_purges":0,"victory":false,"max_hp_per_floor":[80,80,80,80,80,80,80,80,80,80,80,80,80,80,80,80,80,80,80,80,80,80,80,80,80],"card_choices":[{"not_picked":["Burning Pact","Hemokinesis"],"picked":"Disarm","floor":4},{"not_picked":["Reckless Charge","Flex"],"picked":"Entrench","floor":6},{"not_picked":["Anger","Pommel Strike"],"picked":"Inflame","floor":11},{"not_picked":["Sentinel","Brutality","Blood for Blood"],"picked":"SKIP","floor":12},{"not_picked":["Sword Boomerang","Infernal Blade"],"picked":"Iron Wave","floor":14},{"not_picked":["Immolate","Double Tap"],"picked":"Limit Break","floor":16},{"not_picked":["Wild Strike","Warcry+1","Pommel Strike"],"picked":"SKIP","floor":18},{"not_picked":["Pummel+1","Dropkick"],"picked":"Heavy Blade","floor":19},{"not_picked":["Fire Breathing","Clash","Bludgeon"],"picked":"SKIP","floor":21}],"player_experience":160205,"relics_obtained":[{"floor":6,"key":"Dodecahedron"},{"floor":9,"key":"Red Skull"},{"floor":13,"key":"Ancient Tea Set"}],"event_choices":[{"damage_healed":0,"gold_gain":0,"player_choice":"Entered Light","damage_taken":16,"max_hp_gain":0,"max_hp_loss":0,"event_name":"Shining Light","floor":2,"gold_loss":0,"cards_upgraded":["Strike_R","Defend_R"]},{"damage_healed":0,"gold_gain":0,"player_choice":"Got Potions","damage_taken":0,"max_hp_gain":0,"max_hp_loss":0,"event_name":"Lab","floor":3,"gold_loss":0},{"damage_healed":0,"gold_gain":75,"player_choice":"Gather Gold","damage_taken":11,"max_hp_gain":0,"max_hp_loss":0,"event_name":"World of Goop","floor":5,"gold_loss":0},{"damage_healed":0,"gold_gain":0,"player_choice":"Opened","damage_taken":0,"relics_obtained":["Mercury Hourglass"],"max_hp_gain":0,"max_hp_loss":0,"event_name":"The Mausoleum","floor":20,"gold_loss":0,"cards_obtained":["Writhe"]},{"damage_healed":0,"gold_gain":0,"player_choice":"Simplicity","damage_taken":0,"max_hp_gain":0,"max_hp_loss":0,"event_name":"Back to Basics","floor":22,"gold_loss":0,"cards_upgraded":["Strike_R","Strike_R","Strike_R","Strike_R","Defend_R","Defend_R","Defend_R"]},{"damage_healed":0,"gold_gain":0,"player_choice":"Upgraded","damage_taken":0,"max_hp_gain":0,"max_hp_loss":0,"event_name":"Upgrade Shrine","floor":24,"gold_loss":0,"cards_upgraded":["Heavy Blade"]}],"is_beta":false,"boss_relics":[{"not_picked":["Snecko Eye","Empty Cage"],"picked":"Mark of Pain"}],"items_purged_floors":[],"is_endless":false,"potions_floor_spawned":[1,4,6,19,21],"killed_by":"Gremlin Leader","ascension_level":3}