{"gold_per_floor":[365,110,110,124,134,169,169,180,206,156,167,167,185,185,185,280,280,293,293,282,212,212,245,245,344,394,394,19,53,63,82,82,186,186,203,109,109,109,209,209,229,229,229,229,82,97,0,14,14,14],"floor_reached":51,"playtime":2897,"items_purged":["Strike_B"],"score":774,"play_id":"cde828c3-c0d5-45ae-bee7-973688b01667","local_time":"20190202201022","is_ascension_mode":true,"campfire_choices":[{"floor":7,"key":"REST"},{"floor":15,"key":"REST"},{"floor":24,"key":"REST"},{"data":"Echo Form","floor":27,"key":"SMITH"},{"floor":32,"key":"REST"},{"floor":40,"key":"REST"},{"floor":42,"key":"REST"},{"data":"Defragment","floor":44,"key":"SMITH"},{"floor":49,"key":"REST"}],"neow_cost":"PERCENT_DAMAGE","seed_source_timestamp":91824131163004,"circlet_count":0,"master_deck":["Defend_B","Defend_B","Defend_B","Zap","Dualcast","Turbo","Sweeping Beam","Melter","Steam","Glacier","Steam","Loop","Echo Form+1","Streamline+1","Defragment+1","Coolheaded+1","Echo Form+1","Turbo","Defragment","Go for the Eyes","Barrage","Barrage","Core Surge","Barrage+1","Panacea","Flash of Steel","Amplify","Defragment"],"relics":["Cracked Core","Runic Capacitor","PreservedInsect","Bag of Marbles","Bag of Preparation","Juzu Bracelet","Empty Cage","Bottled Flame","Lantern","DollysMirror","Kunai","Nuclear Battery","Pocketwatch","Dream Catcher","Red Mask"],"potions_floor_usage":[6,16,23,23,35,48,50,50],"damage_taken":[{"damage":10,"enemies":"Small Slimes","floor":1,"turns":4},{"damage":6,"enemies":"Cultist","floor":4,"turns":4},{"damage":1,"enemies":"2 Louse","floor":5,"turns":2},{"damage":4,"enemies":"3 Sentries","floor":6,"turns":5},{"damage":5,"enemies":"Blue Slaver","floor":8,"turns":4},{"damage":0,"enemies":"3 Louse","floor":11,"turns":4},{"damage":1,"enemies":"2 Fungi Beasts","floor":13,"turns":3},{"damage":20,"enemies":"Slime Boss","floor":16,"turns":6},{"damage":0,"enemies":"Spheric Guardian","floor":18,"turns":3},{"damage":21,"enemies":"2 Thieves","floor":20,"turns":4},{"damage":0,"enemies":"Book of Stabbing","floor":23,"turns":6},{"damage":27,"enemies":"Slavers","floor":29,"turns":10},{"damage":6,"enemies":"Cultist and Chosen","floor":30,"turns":6},{"damage":9,"enemies":"Shelled Parasite and Fungi","floor":31,"turns":4},{"damage":35,"enemies":"Champ","floor":33,"turns":10},{"damage":5,"enemies":"Orb Walker","floor":35,"turns":3},{"damage":28,"enemies":"Mind Bloom Boss Battle","floor":39,"turns":7},{"damage":31,"enemies":"3 Shapes","floor":41,"turns":5},{"damage":13,"enemies":"Spire Growth","floor":46,"turns":6},{"damage":5,"enemies":"4 Shapes","floor":48,"turns":4},{"damage":49,"enemies":"Awakened One","floor":50,"turns":14}],"seed_played":"643663732545231497","potions_obtained":[{"floor":1,"key":"Fire Potion"},{"floor":6,"key":"PowerPotion"},{"floor":11,"key":"Dexterity Potion"},{"floor":18,"key":"Energy Potion"},{"floor":23,"key":"Explosive Potion"},{"floor":33,"key":"AttackPotion"},{"floor":41,"key":"AttackPotion"},{"floor":48,"key":"Weak Potion"}],"is_trial":false,"path_per_floor":["M","$","?","M","M","E","R","M","T","?","M","?","M","T","R","B",null,"M","?","M","$","?","E","R","?","T","R","$","E","M","M","R","B",null,"M","$","?","?","?","R","M","R","T","R","$","M","?","M","R","B",null],"character_chosen":"DEFECT","items_purchased":["Runic Capacitor","Sweeping Beam","Defragment","DollysMirror","Turbo","Defragment","Panacea","Amplify","Defragment"],"campfire_rested":7,"item_purchase_floors":[2,2,21,28,28,28,36,45,45],"current_hp_per_floor":[44,44,44,38,37,33,55,50,50,50,50,38,37,37,59,39,75,75,75,54,54,40,40,64,64,64,64,64,37,31,22,46,11,80,75,75,75,75,47,69,38,60,60,60,60,47,47,42,64,15],"gold":14,"neow_bonus":"TWO_FIFTY_GOLD","is_prod":false,"is_daily":false,"chose_seed":false,"campfire_upgraded":2,"win_rate":0,"timestamp":1549156222,"path_taken":["M","$","?","M","M","E","R","?","T","?","M","?","M","?","R","BOSS","M","?","M","$","?","E","R","?","T","R","$","E","M","M","R","BOSS","M","$","?","?","?","R","M","R","T","R","$","M","?","M","R","BOSS"],"build_version":"2019-01-23","purchased_purges":1,"victory":true,"max_hp_per_floor":[75,75,75,75,75,75,75,75,75,75,75,75,75,75,75,75,75,75,75,75,75,80,80,80,80,80,80,80,80,80,80,80,80,80,80,80,76,76,76,76,76,76,76,76,76,76,76,76,76,76],"card_choices":[{"not_picked":["Steam Power","Stack"],"picked":"Turbo","floor":1},{"not_picked":["Ball Lightning","Stack"],"picked":"Melter","floor":4},{"not_picked":["Skim","Tempest"],"picked":"Steam","floor":5},{"not_picked":["Coolheaded","Leap"],"picked":"Glacier","floor":6},{"not_picked":["Redo","Sweeping Beam"],"picked":"Steam","floor":8},{"not_picked":["Hologram","Reprogram","Glacier"],"picked":"SKIP","floor":11},{"not_picked":["Streamline","Gash"],"picked":"Loop","floor":13},{"not_picked":["Fission","Thunder Strike"],"picked":"Echo Form","floor":16},{"not_picked":["Gash","Conserve Battery","Recycle"],"picked":"SKIP","floor":18},{"not_picked":["Reinforced Body+1","Rebound"],"picked":"Streamline+1","floor":20},{"not_picked":["Rainbow","Self Repair+1"],"picked":"Coolheaded+1","floor":23},{"not_picked":["Turbo","Amplify"],"picked":"Go for the Eyes","floor":29},{"not_picked":["Rip and Tear","White Noise"],"picked":"Barrage","floor":30},{"not_picked":["Redo","Go for the Eyes"],"picked":"Barrage","floor":31},{"not_picked":["Reboot","Meteor Strike"],"picked":"Core Surge","floor":33},{"not_picked":["Leap+1","Steam+1"],"picked":"Barrage+1","floor":35},{"not_picked":["Magnetism","Deep Breath"],"picked":"Flash of Steel","floor":38},{"not_picked":["Hologram+1","Steam","Ball Lightning+1"],"picked":"SKIP","floor":41},{"not_picked":["Hologram","Hello World+1","Beam Cell+1"],"picked":"SKIP","floor":46},{"not_picked":["Self Repair+1","Loop","Redo"],"picked":"SKIP","floor":48}],"player_experience":89751,"relics_obtained":[{"floor":6,"key":"PreservedInsect"},{"floor":9,"key":"Bag of Marbles"},{"floor":14,"key":"Juzu Bracelet"},{"floor":23,"key":"Bottled Flame"},{"floor":26,"key":"Lantern"},{"floor":29,"key":"Kunai"},{"floor":39,"key":"Pocketwatch"},{"floor":43,"key":"Dream Catcher"}],"event_choices":[{"cards_removed":["Strike_B"],"damage_healed":0,"gold_gain":0,"player_choice":"Purged","damage_taken":0,"max_hp_gain":0,"max_hp_loss":0,"event_name":"Purifier","floor":3,"gold_loss":0},{"cards_removed":["Defend_B"],"damage_healed":0,"gold_gain":0,"player_choice":"Card Removal","damage_taken":0,"max_hp_gain":0,"max_hp_loss":0,"event_name":"The Cleric","floor":10,"gold_loss":50},{"damage_healed":0,"gold_gain":0,"player_choice":"Success","damage_taken":12,"relics_obtained":["Bag of Preparation"],"max_hp_gain":0,"max_hp_loss":0,"event_name":"Scrap Ooze","floor":12,"gold_loss":0},{"damage_healed":0,"gold_gain":0,"player_choice":"Ignored","damage_taken":0,"max_hp_gain":0,"max_hp_loss":0,"event_name":"Vampires","floor":19,"gold_loss":0},{"damage_healed":0,"gold_gain":0,"player_choice":"Shed Blood","damage_taken":19,"max_hp_gain":5,"max_hp_loss":0,"event_name":"Forgotten Altar","floor":22,"gold_loss":0},{"damage_healed":0,"gold_gain":99,"player_choice":"Stole From Cult","damage_taken":0,"max_hp_gain":0,"max_hp_loss":0,"event_name":"Nest","floor":25,"gold_loss":0},{"damage_healed":0,"gold_gain":0,"player_choice":"Max HP","damage_taken":0,"max_hp_gain":0,"max_hp_loss":4,"event_name":"Winding Halls","floor":37,"gold_loss":0},{"damage_healed":0,"gold_gain":0,"player_choice":"Memory 1","damage_taken":0,"max_hp_gain":0,"max_hp_loss":0,"event_name":"SensoryStone","floor":38,"gold_loss":0},{"damage_healed":0,"gold_gain":0,"player_choice":"Fight","damage_taken":0,"max_hp_gain":0,"max_hp_loss":0,"event_name":"MindBloom","floor":39,"gold_loss":0},{"damage_healed":0,"gold_gain":0,"player_choice":"Paid","damage_taken":0,"relics_obtained":["Red Mask"],"max_hp_gain":0,"max_hp_loss":0,"event_name":"Tomb of Lord Red Mask","floor":47,"gold_loss":97}],"is_beta":false,"boss_relics":[{"not_picked":["Fusion Hammer","Pandora\u0027s Box"],"picked":"Empty Cage"},{"not_picked":["Inserter","Busted Crown"],"picked":"Nuclear Battery"}],"items_purged_floors":[28],"is_endless":false,"potions_floor_spawned":[1,6,11,18,23,33,41,48],"ascension_level":2}