{"gold_per_floor":[112,29,48,25,0,15,15,39,91,101,71,71,88,105,105,203,203,217,9,9,9,9,9,43,43,43,60,60,72,88,88,88,88],"floor_reached":33,"playtime":4912,"items_purged":[],"score":280,"play_id":"d5cd739c-682c-4161-9891-dfc4c0adf8cb","local_time":"20190628120712","is_ascension_mode":false,"campfire_choices":[{"data":"Armaments","floor":7,"key":"SMITH"},{"floor":12,"key":"REST"},{"floor":15,"key":"REST"},{"data":"Armaments","floor":23,"key":"SMITH"},{"floor":25,"key":"REST"},{"data":"Anger","floor":28,"key":"SMITH"},{"floor":32,"key":"REST"}],"neow_cost":"","seed_source_timestamp":96929836583115,"circlet_count":0,"master_deck":["Defend_R","Defend_R","Defend_R","Defend_R","Bash","Headbutt","Uppercut","Armaments+1","Warcry","Shrug It Off","Shockwave","Thunderclap+1","Whirlwind","Clash","Armaments+1","Barricade","Inflame","Bite","Bite","Bite","Bite","Bite","Blood for Blood","Anger+1","Uppercut+1","Cleave+1"],"relics":["Burning Blood","Odd Mushroom","Whetstone","Eternal Feather","MealTicket","Bag of Preparation","Paper Frog","Nilry\u0027s Codex"],"potions_floor_usage":[16,16,16,33,33,33],"damage_taken":[{"damage":0,"enemies":"Small Slimes","floor":1,"turns":3},{"damage":7,"enemies":"Jaw Worm","floor":3,"turns":4},{"damage":2,"enemies":"Cultist","floor":6,"turns":4},{"damage":32,"enemies":"The Mushroom Lair","floor":8,"turns":6},{"damage":0,"enemies":"Large Slime","floor":10,"turns":4},{"damage":28,"enemies":"Gremlin Gang","floor":13,"turns":4},{"damage":5,"enemies":"Looter","floor":14,"turns":3},{"damage":41,"enemies":"The Guardian","floor":16,"turns":9},{"damage":25,"enemies":"3 Byrds","floor":18,"turns":6},{"damage":58,"enemies":"Slavers","floor":24,"turns":7},{"damage":22,"enemies":"2 Thieves","floor":27,"turns":4},{"damage":8,"enemies":"Snecko","floor":29,"turns":5},{"damage":9,"enemies":"Cultist and Chosen","floor":30,"turns":6},{"damage":80,"enemies":"Champ","floor":33,"turns":14}],"seed_played":"-4353808452895049938","potions_obtained":[{"floor":6,"key":"Poison Potion"},{"floor":11,"key":"Ancient Potion"},{"floor":11,"key":"Strength Potion"},{"floor":13,"key":"Block Potion"},{"floor":14,"key":"Regen Potion"},{"floor":24,"key":"PowerPotion"},{"floor":29,"key":"Dexterity Potion"},{"floor":30,"key":"Swift Potion"}],"is_trial":false,"path_per_floor":["M","$","M","$","?","M","R","?","T","M","?","R","M","M","R","B",null,"M","$","$","?","?","R","E","R","T","M","R","M","M","?","R","B"],"character_chosen":"IRONCLAD","items_purchased":["Uppercut","Armaments","Shrug It Off","MealTicket"],"campfire_rested":4,"item_purchase_floors":[2,2,4,19],"current_hp_per_floor":[80,80,79,79,79,80,80,54,54,60,60,80,58,59,80,48,80,61,61,76,76,56,56,14,42,42,31,43,46,50,34,56,0],"gold":88,"neow_bonus":"","is_prod":false,"is_daily":false,"chose_seed":false,"campfire_upgraded":3,"win_rate":0.0,"timestamp":1561738032,"path_taken":["M","$","M","$","?","M","R","?","T","?","?","R","M","M","R","BOSS","M","?","$","?","?","R","E","R","T","M","R","M","M","?","R","BOSS"],"build_version":"2019-01-23","purchased_purges":0,"victory":false,"max_hp_per_floor":[80,80,80,80,80,80,80,80,80,80,80,80,80,80,80,80,80,80,80,80,80,56,56,56,56,56,56,56,56,56,56,56,56],"card_choices":[{"not_picked":["Flex","Dual Wield"],"picked":"Headbutt","floor":1},{"not_picked":["Burning Pact","Hemokinesis"],"picked":"Warcry","floor":3},{"not_picked":["Clothesline","Blood for Blood"],"picked":"Shockwave","floor":6},{"not_picked":["Reckless Charge","Rupture"],"picked":"Thunderclap","floor":8},{"not_picked":["Sword Boomerang","Hemokinesis"],"picked":"Whirlwind","floor":10},{"not_picked":["Disarm","Thunderclap"],"picked":"Clash","floor":13},{"not_picked":["Flex","Metallicize"],"picked":"Armaments","floor":14},{"not_picked":["Offering","Double Tap"],"picked":"Barricade","floor":16},{"not_picked":["Rage","Flex+1"],"picked":"Inflame","floor":18},{"not_picked":["Intimidate+1","Fiend Fire"],"picked":"Blood for Blood","floor":24},{"not_picked":["Dual Wield","Cleave"],"picked":"Anger","floor":27},{"not_picked":["Whirlwind","Headbutt"],"picked":"Uppercut+1","floor":29},{"not_picked":["Clothesline+1","Headbutt+1"],"picked":"Cleave+1","floor":30}],"player_experience":0,"relics_obtained":[{"floor":8,"key":"Odd Mushroom"},{"floor":9,"key":"Whetstone"},{"floor":24,"key":"Bag of Preparation"},{"floor":26,"key":"Paper Frog"},{"floor":31,"key":"Nilry\u0027s Codex"}],"event_choices":[{"damage_healed":0,"gold_gain":0,"player_choice":"Left Gold","damage_taken":0,"max_hp_gain":0,"max_hp_loss":0,"event_name":"World of Goop","floor":5,"gold_loss":25},{"damage_healed":0,"gold_gain":0,"player_choice":"Fought Mushrooms","damage_taken":0,"max_hp_gain":0,"max_hp_loss":0,"event_name":"Mushrooms","floor":8,"gold_loss":0},{"damage_healed":0,"gold_gain":0,"player_choice":"Bought 2 Potions","damage_taken":0,"max_hp_gain":0,"max_hp_loss":0,"event_name":"The Woman in Blue","floor":11,"gold_loss":0},{"damage_healed":0,"gold_gain":0,"player_choice":"Ignored","damage_taken":0,"max_hp_gain":0,"max_hp_loss":0,"event_name":"Ghosts","floor":21,"gold_loss":0},{"damage_healed":0,"gold_gain":0,"player_choice":"Became a vampire","damage_taken":0,"max_hp_gain":0,"max_hp_loss":24,"event_name":"Vampires","floor":22,"gold_loss":0,"cards_obtained":["Bite","Bite","Bite","Bite","Bite"]},{"damage_healed":0,"gold_gain":0,"player_choice":"Obtained Book","damage_taken":16,"max_hp_gain":0,"max_hp_loss":0,"event_name":"Cursed Tome","floor":31,"gold_loss":0}],"is_beta":false,"boss_relics":[{"not_picked":["Black Star","Empty Cage"],"picked":"Eternal Feather"}],"items_purged_floors":[],"is_endless":false,"potions_floor_spawned":[6,13,14,24,29,30],"killed_by":"Champ","ascension_level":0}