{"gold_per_floor":[15,0,0,15,27,27,44,44,121,121,152,152,162,222,222,299,349,366,386,402,418,418],"floor_reached":22,"playtime":907,"items_purged":[],"score":476,"play_id":"d545ba0a-66f9-4431-b941-1398bf2c08d8","local_time":"20190630045736","is_ascension_mode":true,"campfire_choices":[{"data":"Skewer","floor":6.0,"key":"SMITH"},{"data":"Dagger Spray","floor":10.0,"key":"SMITH"},{"floor":12.0,"key":"REST"},{"data":"Catalyst","floor":15,"key":"SMITH"}],"neow_cost":"NO_GOLD","seed_source_timestamp":437469624789000,"circlet_count":0,"master_deck":["AscendersBane","Defend_G","Defend_G","Defend_G","Defend_G","Defend_G","Strike_G","Strike_G","Strike_G","Strike_G","Strike_G","Survivor","Neutralize","PiercingWail+1","Skewer+1","Dagger Spray+1","Catalyst+1","Die Die Die","Bouncing Flask+1","Calculated Gamble+1","Malaise+1","Well Laid Plans","Acrobatics+1","Bouncing Flask+1","Backflip+1"],"special_seed":0,"relics":["Ring of the Snake","FossilizedHelix","Gremlin Horn","Tiny Chest","Toxic Egg 2","Bottled Lightning","Tiny House"],"potions_floor_usage":[14,16,18,22],"damage_taken":[{"damage":0.0,"enemies":"2 Louse","floor":1.0,"turns":3.0},{"damage":0.0,"enemies":"Jaw Worm","floor":4.0,"turns":5.0},{"damage":0.0,"enemies":"Small Slimes","floor":5.0,"turns":4.0},{"damage":0.0,"enemies":"Looter","floor":7.0,"turns":4.0},{"damage":37.0,"enemies":"Lagavulin","floor":11.0,"turns":7.0},{"damage":0.0,"enemies":"Blue Slaver","floor":13.0,"turns":3.0},{"damage":0,"enemies":"Gremlin Nob","floor":14,"turns":3},{"damage":0,"enemies":"Slime Boss","floor":16,"turns":5},{"damage":12,"enemies":"2 Thieves","floor":18,"turns":4},{"damage":2,"enemies":"Shell Parasite","floor":19,"turns":3},{"damage":0,"enemies":"Snake Plant","floor":20,"turns":3},{"damage":30,"enemies":"Centurion and Healer","floor":21,"turns":7},{"damage":22,"enemies":"Chosen and Byrds","floor":22,"turns":5}],"seed_played":"4336100635016115689","potions_obtained":[{"floor":11.0,"key":"SkillPotion"},{"floor":13.0,"key":"FearPotion"},{"floor":14,"key":"Dexterity Potion"},{"floor":17,"key":"Energy Potion"},{"floor":18,"key":"Dexterity Potion"}],"is_trial":false,"path_per_floor":["M","?","T","M","M","R","M","?","T","R","E","R","M","?","R","B",null,"M","M","M","M","M"],"character_chosen":"THE_SILENT","items_purchased":[],"campfire_rested":1,"item_purchase_floors":[],"current_hp_per_floor":[59,59,59,59,59,59,59,59,59,59,22,41,41,41,41,41,65,53,51,51,21,0],"gold":418,"neow_bonus":"ONE_RARE_RELIC","is_prod":false,"is_daily":false,"chose_seed":false,"campfire_upgraded":3,"win_rate":0,"timestamp":1561841856,"path_taken":["M","?","?","M","M","R","M","?","T","R","E","R","M","?","R","BOSS","M","M","M","M","M"],"build_version":"2019-01-23","purchased_purges":0,"victory":false,"max_hp_per_floor":[66,66,66,66,66,66,66,66,66,66,66,66,66,66,66,66,71,71,71,71,71,71],"card_choices":[{"not_picked":["Prepared","Quick Slash"],"picked":"PiercingWail","floor":1.0},{"not_picked":["Eviscerate","Blade Dance"],"picked":"Skewer","floor":4.0},{"not_picked":["Cloak And Dagger","Prepared"],"picked":"Dagger Spray","floor":5.0},{"not_picked":["Caltrops","Prepared"],"picked":"Catalyst","floor":7.0},{"not_picked":["Sucker Punch","Dagger Throw"],"picked":"Die Die Die","floor":11.0},{"not_picked":["Riddle With Holes","Deadly Poison+1"],"picked":"Bouncing Flask+1","floor":13.0},{"not_picked":["Sucker Punch","Deflect+1"],"picked":"Calculated Gamble+1","floor":14},{"not_picked":["Glass Knife","Bullet Time+1"],"picked":"Malaise+1","floor":16},{"not_picked":["Outmaneuver+1","Flying Knee"],"picked":"Well Laid Plans","floor":17},{"not_picked":["Concentrate+1","Dash"],"picked":"Acrobatics+1","floor":18},{"not_picked":["Eviscerate+1","Cloak And Dagger+1"],"picked":"Bouncing Flask+1","floor":19},{"not_picked":["All Out Attack","Dodge and Roll+1"],"picked":"Backflip+1","floor":20},{"not_picked":["Blade Dance+1","Quick Slash","Cloak And Dagger+1"],"picked":"SKIP","floor":21}],"player_experience":744256,"relics_obtained":[{"floor":3.0,"key":"Gremlin Horn"},{"floor":9.0,"key":"Tiny Chest"},{"floor":11.0,"key":"Toxic Egg 2"},{"floor":14,"key":"Bottled Lightning"}],"event_choices":[{"damage_healed":0.0,"max_hp_gain":0.0,"max_hp_loss":0.0,"gold_gain":0.0,"event_name":"World of Goop","player_choice":"Left Gold","floor":2.0,"gold_loss":15.0,"damage_taken":0.0},{"damage_healed":0.0,"max_hp_gain":0.0,"max_hp_loss":0.0,"gold_gain":0.0,"event_name":"Golden Idol","player_choice":"Ignored","floor":8.0,"gold_loss":0.0,"damage_taken":0.0},{"damage_healed":0,"gold_gain":0,"player_choice":"Searched \u00271\u0027 times","damage_taken":0,"max_hp_gain":0,"max_hp_loss":0,"event_name":"Dead Adventurer","floor":14,"gold_loss":0}],"is_beta":false,"boss_relics":[{"not_picked":["WristBlade","Cursed Key"],"picked":"Tiny House"}],"items_purged_floors":[],"is_endless":false,"potions_floor_spawned":[11,13,14,18,19,20,21],"killed_by":"Chosen and Byrds","ascension_level":20}