{"gold_per_floor":[112,112,62,75,175,175,206,206,206,226,261,277,296,312,312,412,412,424,424,440,460,460],"floor_reached":22,"playtime":800,"items_purged":[],"score":228,"play_id":"865cae94-55ee-42ae-a251-4d32139007ef","local_time":"20190708122120","is_ascension_mode":true,"campfire_choices":[{"data":"Pommel Strike","floor":6,"key":"SMITH"},{"data":"Body Slam","floor":8,"key":"SMITH"},{"data":"Intimidate","floor":15,"key":"SMITH"}],"neow_cost":"NONE","seed_source_timestamp":842465480654700,"circlet_count":0,"master_deck":["Strike_R","Strike_R","Strike_R","Defend_R","Defend_R","Defend_R","Defend_R","Bash+1","Pommel Strike+1","Spot Weakness","Body Slam+1","Warcry","Intimidate","Body Slam","Entrench","Intimidate+1","Limit Break","True Grit","Forethought","Power Through","Armaments"],"relics":["Burning Blood","Mango","Bronze Scales","Nunchaku","Velvet Choker"],"potions_floor_usage":[4,13,16,20,20,22],"damage_taken":[{"damage":0,"enemies":"Small Slimes","floor":1,"turns":3},{"damage":0,"enemies":"Cultist","floor":4,"turns":2},{"damage":34,"enemies":"Gremlin Nob","floor":7,"turns":4},{"damage":0,"enemies":"2 Louse","floor":10,"turns":2},{"damage":25,"enemies":"3 Sentries","floor":11,"turns":8},{"damage":15,"enemies":"Lots of Slimes","floor":12,"turns":3},{"damage":0,"enemies":"2 Fungi Beasts","floor":13,"turns":3},{"damage":1,"enemies":"Looter","floor":14,"turns":4},{"damage":27,"enemies":"The Guardian","floor":16,"turns":13},{"damage":23,"enemies":"Spheric Guardian","floor":18,"turns":4},{"damage":5,"enemies":"Shell Parasite","floor":20,"turns":5},{"damage":38,"enemies":"Snecko","floor":21,"turns":7},{"damage":32,"enemies":"Centurion and Healer","floor":22,"turns":7}],"seed_played":"-5137799589411695843","potions_obtained":[{"floor":1,"key":"SteroidPotion"},{"floor":12,"key":"SkillPotion"},{"floor":13,"key":"SneckoOil"},{"floor":14,"key":"SkillPotion"},{"floor":16,"key":"Swift Potion"},{"floor":18,"key":"AttackPotion"},{"floor":21,"key":"AttackPotion"}],"is_trial":false,"path_per_floor":["M","?","?","M","?","R","E","R","T","M","E","M","M","M","R","B",null,"M","?","M","M","M"],"character_chosen":"IRONCLAD","items_purchased":[],"campfire_rested":0,"item_purchase_floors":[],"current_hp_per_floor":[80,73,73,79,79,79,65,65,65,71,52,43,49,54,54,33,94,77,59,60,28,0],"gold":460,"neow_bonus":"UPGRADE_CARD","is_prod":false,"is_daily":false,"chose_seed":false,"campfire_upgraded":3,"win_rate":0,"timestamp":1562602880,"path_taken":["M","?","?","M","?","R","E","R","T","M","E","?","M","M","R","BOSS","M","?","?","M","M"],"build_version":"2019-01-23","purchased_purges":0,"victory":false,"max_hp_per_floor":[80,80,80,80,80,80,94,94,94,94,94,94,94,94,94,94,94,94,94,94,94,94],"card_choices":[{"not_picked":["Second Wind","Thunderclap"],"picked":"Pommel Strike","floor":1},{"not_picked":["Anger","Havoc"],"picked":"Spot Weakness","floor":4},{"not_picked":["Reaper","Metallicize"],"picked":"Body Slam","floor":7},{"not_picked":["Flex","Iron Wave"],"picked":"Warcry","floor":10},{"not_picked":["Wild Strike","Havoc"],"picked":"Intimidate","floor":11},{"not_picked":["Berserk","Pummel"],"picked":"Body Slam","floor":12},{"not_picked":["Havoc","Evolve"],"picked":"Entrench","floor":13},{"not_picked":["Sword Boomerang","Carnage"],"picked":"Intimidate","floor":14},{"not_picked":["Feed","Exhume"],"picked":"Limit Break","floor":16},{"not_picked":["Perfected Strike","Heavy Blade+1"],"picked":"True Grit","floor":18},{"not_picked":["Perfected Strike","Clash"],"picked":"Power Through","floor":20},{"not_picked":["Twin Strike","Anger"],"picked":"Armaments","floor":21}],"player_experience":172643,"relics_obtained":[{"floor":7,"key":"Mango"},{"floor":9,"key":"Bronze Scales"},{"floor":11,"key":"Nunchaku"}],"event_choices":[{"cards_removed":["Strike_R"],"damage_healed":0,"gold_gain":0,"player_choice":"Card Removal","damage_taken":7,"max_hp_gain":0,"max_hp_loss":0,"event_name":"Golden Wing","floor":2,"gold_loss":0},{"cards_removed":["Strike_R"],"damage_healed":0,"gold_gain":0,"player_choice":"Card Removal","damage_taken":0,"max_hp_gain":0,"max_hp_loss":0,"event_name":"The Cleric","floor":3,"gold_loss":50},{"damage_healed":0,"gold_gain":100,"player_choice":"Gold","damage_taken":0,"max_hp_gain":0,"max_hp_loss":0,"event_name":"Wheel of Change","floor":5,"gold_loss":0},{"damage_healed":0,"gold_gain":0,"player_choice":"CARD ","damage_taken":18,"max_hp_gain":0,"max_hp_loss":0,"event_name":"Knowing Skull","floor":19,"potions_obtained":[],"gold_loss":0,"cards_obtained":["Forethought"]}],"is_beta":false,"boss_relics":[{"not_picked":["Orrery","Calling Bell"],"picked":"Velvet Choker"}],"items_purged_floors":[],"is_endless":false,"potions_floor_spawned":[1,12,13,14,16,18,21],"killed_by":"Centurion and Healer","ascension_level":3}