{"gold_per_floor":[110,110,121,121,121,121,146,146,146,181,34,34,34,47,47,150,200,219,233,233,27,37,63,23,23,47,62,93,93,113,125,125,125],"floor_reached":33,"playtime":5403,"items_purged":[],"score":347,"play_id":"8309c529-01e7-45df-be7f-278a9af11a5d","local_time":"20190704082757","is_ascension_mode":true,"campfire_choices":[{"data":"Coolheaded","floor":6,"key":"SMITH"},{"data":"Scrape","floor":8,"key":"SMITH"},{"floor":15,"key":"REST"},{"floor":25,"key":"REST"},{"floor":29,"key":"REST"},{"floor":32,"key":"REST"}],"neow_cost":"TEN_PERCENT_HP_LOSS","seed_source_timestamp":305226646564343,"circlet_count":0,"master_deck":["Strike_B","Strike_B","Strike_B","Strike_B","Defend_B","Defend_B+1","Defend_B","Defend_B","Zap","Dualcast","Discovery","Finesse","Go for the Eyes","Echo Form","Forethought","Coolheaded+1","Scrape+1","Redo+1","Hologram+1","Ball Lightning","Defragment","Parasite","Steam+1","All For One","Beam Cell","Glacier+1","FTL","Flash of Steel","Steam+1","Steam+1","Blizzard","Self Repair","Hologram+1","All For One","Scrape","Loop"],"relics":["Cracked Core","Toxic Egg 2","PreservedInsect","Tiny House","Happy Flower","Pen Nib","Thread and Needle"],"potions_floor_usage":[10,16,22,22,22,22,30,33],"damage_taken":[{"damage":0,"enemies":"2 Louse","floor":1,"turns":2},{"damage":0,"enemies":"Cultist","floor":3,"turns":4},{"damage":13,"enemies":"3 Sentries","floor":7,"turns":7},{"damage":33,"enemies":"Gremlin Nob","floor":10,"turns":5},{"damage":0,"enemies":"Jaw Worm","floor":14,"turns":3},{"damage":6,"enemies":"Slime Boss","floor":16,"turns":12},{"damage":4,"enemies":"Shell Parasite","floor":18,"turns":5},{"damage":8,"enemies":"Chosen","floor":19,"turns":4},{"damage":15,"enemies":"Shelled Parasite and Fungi","floor":22,"turns":9},{"damage":57,"enemies":"Slavers","floor":23,"turns":11},{"damage":4,"enemies":"Snecko","floor":27,"turns":5},{"damage":29,"enemies":"Gremlin Leader","floor":28,"turns":5},{"damage":12,"enemies":"3 Cultists","floor":30,"turns":6},{"damage":15,"enemies":"Snake Plant","floor":31,"turns":9},{"damage":45,"enemies":"Champ","floor":33,"turns":7}],"seed_played":"6875416685553651356","potions_obtained":[{"floor":3,"key":"Dexterity Potion"},{"floor":10,"key":"GamblersBrew"},{"floor":16,"key":"EssenceOfSteel"},{"floor":17,"key":"EntropicBrew"},{"floor":20,"key":"Regen Potion"},{"floor":20,"key":"EssenceOfSteel"},{"floor":22,"key":"Fruit Juice"},{"floor":28,"key":"Dexterity Potion"},{"floor":31,"key":"AttackPotion"}],"is_trial":false,"path_per_floor":["M","?","M","?","?","R","E","R","T","E","$","?","$","M","R","B",null,"M","M","?","$","M","E","$","R","T","M","E","R","M","M","R","B"],"character_chosen":"DEFECT","items_purchased":["Hologram+1","Ball Lightning","Defragment","FTL","Flash of Steel","Steam+1","Self Repair"],"campfire_rested":4,"item_purchase_floors":[11,11,11,21,21,21,24],"current_hp_per_floor":[68,68,68,68,73,73,60,60,60,27,27,45,45,45,66,60,78,74,66,66,66,71,14,14,38,38,34,5,29,24,16,40,0],"gold":125,"neow_bonus":"RANDOM_COLORLESS_2","is_prod":false,"is_daily":false,"chose_seed":false,"campfire_upgraded":2,"win_rate":0,"timestamp":1562243277,"path_taken":["M","?","?","?","?","R","E","R","T","E","$","?","?","?","R","BOSS","M","M","?","$","?","E","?","R","T","M","E","R","M","M","R","BOSS"],"build_version":"2019-07-01","purchased_purges":0,"victory":false,"max_hp_per_floor":[68,68,68,68,73,73,73,73,73,73,73,73,73,73,73,73,78,78,78,78,78,83,83,83,83,83,83,83,83,83,83,83,83],"card_choices":[{"not_picked":["Beam Cell","Ball Lightning"],"picked":"Go for the Eyes","floor":1},{"not_picked":["Compile Driver","Gash"],"picked":"Coolheaded","floor":3},{"not_picked":["Beam Cell","Meteor Strike"],"picked":"Scrape","floor":7},{"not_picked":["Storm","Stack+1"],"picked":"Redo+1","floor":10},{"not_picked":["Beam Cell","Lockon"],"picked":"Steam+1","floor":14},{"not_picked":["Electrodynamics","Buffer"],"picked":"All For One","floor":16},{"not_picked":["Compile Driver","Go for the Eyes"],"picked":"Beam Cell","floor":17},{"not_picked":["Rip and Tear","Streamline","Doom and Gloom"],"picked":"SKIP","floor":18},{"not_picked":["Lockon+1","Cold Snap"],"picked":"Glacier+1","floor":19},{"not_picked":["Ball Lightning","Cold Snap"],"picked":"Steam+1","floor":22},{"not_picked":["Redo+1","Hello World"],"picked":"Blizzard","floor":23},{"not_picked":["Tempest+1","Cold Snap"],"picked":"Hologram+1","floor":27},{"not_picked":["Sweeping Beam+1","Stack+1"],"picked":"All For One","floor":28},{"not_picked":["Hologram+1","Doom and Gloom"],"picked":"Scrape","floor":30},{"not_picked":["Scrape","Defragment"],"picked":"Loop","floor":31}],"player_experience":100060,"relics_obtained":[{"floor":7,"key":"Toxic Egg 2"},{"floor":10,"key":"PreservedInsect"},{"floor":23,"key":"Happy Flower"},{"floor":26,"key":"Pen Nib"},{"floor":28,"key":"Thread and Needle"}],"event_choices":[{"damage_healed":0,"gold_gain":0,"player_choice":"2 cards matched","damage_taken":0,"max_hp_gain":0,"max_hp_loss":0,"event_name":"Match and Keep!","floor":2,"gold_loss":0,"cards_obtained":["Echo Form","Forethought"]},{"damage_healed":0,"gold_gain":0,"player_choice":"Ignored","damage_taken":0,"max_hp_gain":0,"max_hp_loss":0,"event_name":"Liars Game","floor":4,"gold_loss":0},{"damage_healed":0,"gold_gain":0,"player_choice":"Donut","damage_taken":0,"max_hp_gain":5,"max_hp_loss":0,"event_name":"Big Fish","floor":5,"gold_loss":0},{"damage_healed":18,"gold_gain":0,"player_choice":"Healed and dodged fight","damage_taken":0,"max_hp_gain":0,"max_hp_loss":0,"event_name":"Mushrooms","floor":12,"gold_loss":0,"cards_obtained":["Parasite"]},{"damage_healed":0,"gold_gain":0,"player_choice":"Got Potions","damage_taken":0,"max_hp_gain":0,"max_hp_loss":0,"event_name":"Lab","floor":20,"gold_loss":0}],"is_beta":false,"boss_relics":[{"not_picked":["Coffee Dripper","Velvet Choker"],"picked":"Tiny House"}],"items_purged_floors":[],"is_endless":false,"potions_floor_spawned":[3,10,16,22,28,31],"killed_by":"Champ","ascension_level":2}