{"gold_per_floor":[119,139,64,83,97,122,132,132,182,198,233,23,23,43,43,141,141,160,179,179,191,205,205],"floor_reached":23,"playtime":2060,"items_purged":["Strike_G"],"score":298,"play_id":"6c43dab7-9e29-49c8-8d50-ec3a9afb7205","local_time":"20190627222032","is_ascension_mode":true,"campfire_choices":[{"floor":8,"key":"REST"},{"floor":13,"key":"REST"},{"floor":15,"key":"REST"}],"neow_cost":"TEN_PERCENT_HP_LOSS","seed_source_timestamp":295787064237800,"circlet_count":0,"master_deck":["Defend_G","Defend_G","Defend_G","Defend_G","Defend_G","Strike_G","Strike_G","Strike_G","Strike_G","Survivor","Neutralize","Skewer","Deflect","Footwork","Predator","Well Laid Plans","Sucker Punch","Unload","Backflip","Dagger Throw","Backflip","Slice","Dash","PiercingWail","Footwork","Dagger Spray","Die Die Die","Malaise","Quick Slash","Calculated Gamble","Backflip","Tools of the Trade","Backflip+1","Reflex+1","Deadly Poison+1","Prepared","Riddle With Holes+1","Underhanded Strike+1","Sucker Punch+1"],"relics":["Ring of the Snake","Prayer Wheel","Dodecahedron","Potion Belt","Bottled Tornado","Membership Card","Orrery"],"potions_floor_usage":[19,19,21,22,22],"damage_taken":[{"damage":0,"enemies":"2 Louse","floor":1,"turns":4},{"damage":3,"enemies":"Jaw Worm","floor":2,"turns":5},{"damage":4,"enemies":"Small Slimes","floor":4,"turns":3},{"damage":0,"enemies":"Looter","floor":5,"turns":3},{"damage":16,"enemies":"3 Sentries","floor":6,"turns":10},{"damage":10,"enemies":"Lots of Slimes","floor":7,"turns":5},{"damage":8,"enemies":"3 Louse","floor":10,"turns":4},{"damage":18,"enemies":"Gremlin Nob","floor":11,"turns":4},{"damage":13,"enemies":"Gremlin Gang","floor":14,"turns":5},{"damage":7,"enemies":"Hexaghost","floor":16,"turns":16},{"damage":2,"enemies":"Chosen","floor":18,"turns":7},{"damage":15,"enemies":"3 Byrds","floor":19,"turns":8},{"damage":10,"enemies":"Snecko","floor":21,"turns":8},{"damage":22,"enemies":"3 Cultists","floor":22,"turns":7},{"damage":13,"enemies":"Slavers","floor":23,"turns":1}],"seed_played":"-550031530665985686","potions_obtained":[{"floor":1,"key":"Strength Potion"},{"floor":2,"key":"Block Potion"},{"floor":7,"key":"Strength Potion"},{"floor":11,"key":"Strength Potion"},{"floor":18,"key":"Swift Potion"}],"is_trial":false,"path_per_floor":["M","M","$","M","M","E","M","R","T","M","E","$","R","M","R","B",null,"M","M","?","M","M","E"],"character_chosen":"THE_SILENT","items_purchased":["Membership Card","Dagger Spray"],"campfire_rested":3,"item_purchase_floors":[12,12],"current_hp_per_floor":[63,60,60,56,56,40,30,48,48,40,22,22,40,27,45,38,63,61,46,35,25,3,0],"gold":205,"neow_bonus":"ONE_RARE_RELIC","is_prod":false,"is_daily":false,"chose_seed":false,"campfire_upgraded":0,"win_rate":0,"timestamp":1561688432,"path_taken":["M","M","$","M","M","E","M","R","T","M","E","$","R","M","R","BOSS","M","M","?","M","M","E"],"build_version":"2019-01-23","purchased_purges":1,"victory":false,"max_hp_per_floor":[63,63,63,63,63,63,63,63,63,63,63,63,63,63,63,63,63,63,63,68,68,68,68],"card_choices":[{"not_picked":["Predator","Expertise"],"picked":"Skewer","floor":1},{"not_picked":["Dodge and Roll","Prepared"],"picked":"Deflect","floor":1},{"not_picked":["Flying Knee","Deflect"],"picked":"Footwork","floor":2},{"not_picked":["Bane","Calculated Gamble"],"picked":"Predator","floor":2},{"not_picked":["Blade Dance","Catalyst"],"picked":"Well Laid Plans","floor":4},{"not_picked":["Crippling Poison","Skewer"],"picked":"Sucker Punch","floor":4},{"not_picked":["Prepared","Quick Slash"],"picked":"Unload","floor":5},{"not_picked":["Terror","Flying Knee"],"picked":"Backflip","floor":5},{"not_picked":["Blur","Poisoned Stab"],"picked":"Dagger Throw","floor":6},{"not_picked":["Finisher","Poisoned Stab"],"picked":"Backflip","floor":7},{"not_picked":["Poisoned Stab","Dodge and Roll"],"picked":"Slice","floor":7},{"not_picked":["Outmaneuver","Acrobatics"],"picked":"Dash","floor":10},{"not_picked":["Escape Plan","Deflect"],"picked":"PiercingWail","floor":10},{"not_picked":["Flechettes","Slice"],"picked":"Footwork","floor":11},{"not_picked":["Bane","Outmaneuver"],"picked":"Die Die Die","floor":14},{"not_picked":["Slice","Outmaneuver","Dagger Spray"],"picked":"SKIP","floor":14},{"not_picked":["Corpse Explosion","Envenom"],"picked":"Malaise","floor":16},{"not_picked":["Endless Agony","Concentrate"],"picked":"Quick Slash","floor":17},{"not_picked":["Backstab","Slice"],"picked":"Calculated Gamble","floor":17},{"not_picked":["Dagger Spray","Choke"],"picked":"Backflip","floor":17},{"not_picked":["Acrobatics","Flechettes"],"picked":"Tools of the Trade","floor":17},{"not_picked":["Predator","Leg Sweep"],"picked":"Backflip+1","floor":18},{"not_picked":["Blur","Underhanded Strike+1"],"picked":"Reflex+1","floor":18},{"not_picked":["Blade Dance","Accuracy"],"picked":"Deadly Poison+1","floor":19},{"not_picked":["Endless Agony","Choke"],"picked":"Prepared","floor":19},{"not_picked":["Backflip","PiercingWail"],"picked":"Riddle With Holes+1","floor":21},{"not_picked":["Dodge and Roll","Backflip"],"picked":"Underhanded Strike+1","floor":21},{"not_picked":["Bane","Predator"],"picked":"Sucker Punch+1","floor":22},{"not_picked":["Tools of the Trade","Calculated Gamble","Sucker Punch"],"picked":"SKIP","floor":22}],"player_experience":187058,"relics_obtained":[{"floor":6,"key":"Dodecahedron"},{"floor":9,"key":"Potion Belt"},{"floor":11,"key":"Bottled Tornado"}],"event_choices":[{"damage_healed":0,"gold_gain":0,"player_choice":"Shed Blood","damage_taken":16,"max_hp_gain":5,"max_hp_loss":0,"event_name":"Forgotten Altar","floor":20,"gold_loss":0}],"is_beta":false,"boss_relics":[{"not_picked":["Empty Cage","Black Star"],"picked":"Orrery"}],"items_purged_floors":[3],"is_endless":false,"potions_floor_spawned":[1,2,7,11,18],"killed_by":"Slavers","ascension_level":4}