{"gold_per_floor":[110,123,198,211,75,101,101,118,143,318,318,318,161,192,192,192],"floor_reached":16,"playtime":656,"items_purged":[],"score":108,"play_id":"003402e3-4ed6-4a79-b50d-a7ef9bc59d1c","local_time":"20190705173108","is_ascension_mode":false,"campfire_choices":[{"data":"Anger","floor":7,"key":"SMITH"},{"floor":15,"key":"REST"}],"neow_cost":"NONE","seed_source_timestamp":419042543333757,"circlet_count":0,"master_deck":["Strike_R","Strike_R","Strike_R","Strike_R","Strike_R","Defend_R","Defend_R","Defend_R","Defend_R","Bash","Armaments","Cleave","Cleave","Anger+1","Good Instincts","Armaments","Anger","Dark Embrace","Discovery","Dual Wield"],"relics":["Burning Blood","NeowsBlessing","Ancient Tea Set","Boot","Pen Nib","Strawberry"],"potions_floor_usage":[6,14,14,16],"damage_taken":[{"damage":0,"enemies":"Jaw Worm","floor":1,"turns":1},{"damage":0,"enemies":"Small Slimes","floor":2,"turns":1},{"damage":0,"enemies":"2 Louse","floor":4,"turns":1},{"damage":21,"enemies":"Gremlin Nob","floor":6,"turns":4},{"damage":0,"enemies":"Looter","floor":8,"turns":3},{"damage":24,"enemies":"Lagavulin","floor":14,"turns":8},{"damage":74,"enemies":"Hexaghost","floor":16,"turns":10}],"seed_played":"1425245118450302058","potions_obtained":[{"floor":2,"key":"Swift Potion"},{"floor":4,"key":"AttackPotion"},{"floor":6,"key":"LiquidBronze"},{"floor":8,"key":"Poison Potion"}],"is_trial":false,"path_per_floor":["M","M","?","M","$","E","R","M","T","?","?","T","$","E","R","B"],"character_chosen":"IRONCLAD","items_purchased":["Anger","Good Instincts","Dark Embrace","Discovery"],"campfire_rested":1,"item_purchase_floors":[5,5,13,13],"current_hp_per_floor":[80,80,69,75,75,60,60,66,66,66,59,59,59,48,74,0],"gold":192,"neow_bonus":"THREE_ENEMY_KILL","is_prod":false,"is_daily":false,"chose_seed":false,"campfire_upgraded":1,"win_rate":0.0,"timestamp":1562358668,"path_taken":["M","M","?","M","$","E","R","M","T","?","?","?","$","E","R","BOSS"],"build_version":"2019-07-01","purchased_purges":0,"victory":false,"max_hp_per_floor":[80,80,80,80,80,80,80,80,80,80,80,80,80,87,87,87],"card_choices":[{"not_picked":["Cleave","Burning Pact"],"picked":"Armaments","floor":1},{"not_picked":["Body Slam","Whirlwind"],"picked":"Cleave","floor":2},{"not_picked":["Clash","Sword Boomerang"],"picked":"Cleave","floor":4},{"not_picked":["Clothesline","Flex"],"picked":"Armaments","floor":6},{"not_picked":["Rupture","Spot Weakness"],"picked":"Anger","floor":8},{"not_picked":["Clothesline","Clash"],"picked":"Dual Wield","floor":14}],"player_experience":62710,"relics_obtained":[{"floor":6,"key":"Ancient Tea Set"},{"floor":9,"key":"Boot"},{"floor":12,"key":"Pen Nib"},{"floor":14,"key":"Strawberry"}],"event_choices":[{"damage_healed":0,"gold_gain":75,"player_choice":"Gather Gold","damage_taken":11,"max_hp_gain":0,"max_hp_loss":0,"event_name":"World of Goop","floor":3,"gold_loss":0},{"damage_healed":0,"gold_gain":175,"player_choice":"AGREE","damage_taken":0,"max_hp_gain":0,"max_hp_loss":0,"event_name":"Liars Game","floor":10,"gold_loss":0,"cards_obtained":["Doubt"]},{"cards_removed":["Doubt"],"damage_healed":0,"gold_gain":0,"player_choice":"Card Removal","damage_taken":7,"max_hp_gain":0,"max_hp_loss":0,"event_name":"Golden Wing","floor":11,"gold_loss":0}],"is_beta":false,"boss_relics":[],"items_purged_floors":[],"is_endless":false,"potions_floor_spawned":[2,4,6,8],"killed_by":"Hexaghost","ascension_level":0}