{"gold_per_floor":[109,120,195,195,215,245,245,265,318,318,318,361,361,117,117,247,247,247,247,247,247,162,162,162,162,162,162,162,162,162,136,136,136,136,136,136,136,136,136,136,136,136],"floor_reached":42,"playtime":2478,"items_purged":["Injury"],"score":562,"play_id":"88267f7f-e3e6-48ff-ac95-15a01918af6e","local_time":"20190521191533","is_ascension_mode":true,"campfire_choices":[{"data":"Bash","floor":7.0,"key":"SMITH"},{"floor":10.0,"key":"REST"},{"floor":13.0,"key":"REST"},{"data":"Inflame","floor":15.0,"key":"SMITH"},{"data":"Uppercut","floor":23.0,"key":"SMITH"},{"floor":28,"key":"REST"},{"data":"Inflame","floor":32,"key":"SMITH"},{"floor":40,"key":"REST"}],"neow_cost":"NONE","seed_source_timestamp":17768771887565,"circlet_count":0,"master_deck":["Strike_R","Strike_R","Strike_R","Strike_R","Defend_R","Defend_R","Defend_R","Defend_R","Bash+1","Panacea","Metallicize","Twin Strike","Inflame+1","Impervious","Anger","Inflame+1","Spot Weakness","Reaper","Burning Pact","Uppercut+1","Intimidate+1","RitualDagger","Fiend Fire","Headbutt","Immolate","Power Through+1"],"special_seed":0,"relics":["Burning Blood","Pear","Bronze Scales","Golden Idol","Juzu Bracelet","Ectoplasm","Red Mask","Bag of Preparation","Tiny Chest","Ancient Tea Set","Dodecahedron","StoneCalendar","Black Star","Paper Frog","Ginger","Bottled Tornado"],"potions_floor_usage":[41,41],"damage_taken":[{"damage":13.0,"enemies":"Jaw Worm","floor":1.0,"turns":4.0},{"damage":3.0,"enemies":"Small Slimes","floor":2.0,"turns":4.0},{"damage":2.0,"enemies":"2 Louse","floor":5.0,"turns":4.0},{"damage":31.0,"enemies":"Gremlin Nob","floor":6.0,"turns":5.0},{"damage":26.0,"enemies":"Exordium Wildlife","floor":8.0,"turns":4.0},{"damage":34.0,"enemies":"3 Sentries","floor":12.0,"turns":7.0},{"damage":35.0,"enemies":"The Guardian","floor":16.0,"turns":10.0},{"damage":31.0,"enemies":"Chosen","floor":18.0,"turns":6.0},{"damage":32.0,"enemies":"Masked Bandits","floor":19.0,"turns":4.0},{"damage":10.0,"enemies":"3 Byrds","floor":20.0,"turns":3.0},{"damage":25.0,"enemies":"Gremlin Leader","floor":24.0,"turns":6.0},{"damage":46,"enemies":"Slavers","floor":29,"turns":6},{"damage":56,"enemies":"Automaton","floor":33,"turns":7},{"damage":26,"enemies":"3 Shapes","floor":35,"turns":6},{"damage":7,"enemies":"Orb Walker","floor":37,"turns":3},{"damage":29,"enemies":"3 Darklings","floor":39,"turns":5},{"damage":74,"enemies":"Reptomancer","floor":41,"turns":7},{"damage":28,"enemies":"Spire Growth","floor":42,"turns":2}],"seed_played":"-9183175742253062074","potions_obtained":[{"floor":2.0,"key":"Energy Potion"},{"floor":8.0,"key":"PowerPotion"},{"floor":18.0,"key":"Swift Potion"},{"floor":20.0,"key":"PowerPotion"},{"floor":37,"key":"BloodPotion"},{"floor":39,"key":"Explosive Potion"},{"floor":41,"key":"GamblersBrew"}],"is_trial":false,"path_per_floor":["M","M","?","?","M","E","R","M","T","R","?","E","R","$","R","B",null,"M","?","M","?","?","R","E","?","T","?","R","E","?","$","R","B",null,"M","T","M","?","M","R","E","M"],"character_chosen":"IRONCLAD","items_purchased":["Anger","Inflame","Spot Weakness","Headbutt"],"campfire_rested":4,"item_purchase_floors":[14,14,14,31],"current_hp_per_floor":[73,76,65,58,62,47,47,27,27,54,54,26,53,53,53,24,90,73,71,71,71,71,71,67,61,61,43,71,55,86,86,86,55,95,78,78,77,77,54,81,22,0],"gold":136,"neow_bonus":"RANDOM_COLORLESS","is_prod":false,"is_daily":false,"chose_seed":false,"campfire_upgraded":4,"win_rate":0,"timestamp":1558480533,"path_taken":["M","M","?","?","M","E","R","?","T","R","?","E","R","?","R","BOSS","M","?","M","?","?","R","E","?","T","?","R","E","?","?","R","BOSS","M","?","M","?","M","R","E","M"],"build_version":"2019-01-23","purchased_purges":1,"victory":false,"max_hp_per_floor":[80,80,80,80,80,90,90,90,90,90,90,90,90,90,90,90,90,90,90,90,90,90,90,90,90,90,95,95,95,95,95,95,95,95,95,95,95,90,90,90,90,90],"card_choices":[{"not_picked":["Shockwave","Corruption"],"picked":"Metallicize","floor":1.0},{"not_picked":["True Grit","Fire Breathing","Heavy Blade"],"picked":"SKIP","floor":2.0},{"not_picked":["Thunderclap","Perfected Strike"],"picked":"Twin Strike","floor":5.0},{"not_picked":["Iron Wave","Cleave"],"picked":"Inflame","floor":6.0},{"not_picked":["Thunderclap","Havoc","Rampage"],"picked":"SKIP","floor":8.0},{"not_picked":["Fire Breathing","Clothesline"],"picked":"Impervious","floor":12.0},{"not_picked":["Limit Break","Fiend Fire"],"picked":"Reaper","floor":16.0},{"not_picked":["Flex","Blood for Blood"],"picked":"Burning Pact","floor":18.0},{"not_picked":["Sever Soul+1","Twin Strike"],"picked":"Uppercut","floor":19.0},{"not_picked":["Rampage","Shockwave","Evolve"],"picked":"SKIP","floor":20.0},{"not_picked":["Perfected Strike","Dropkick"],"picked":"Intimidate+1","floor":24.0},{"not_picked":["Hemokinesis","Thunderclap"],"picked":"Fiend Fire","floor":29},{"not_picked":["Bludgeon","Barricade"],"picked":"Immolate","floor":33},{"not_picked":["Second Wind","Evolve","True Grit"],"picked":"SKIP","floor":35},{"not_picked":["Body Slam","Havoc+1","Flex"],"picked":"SKIP","floor":37},{"not_picked":["Seeing Red+1","Clash+1"],"picked":"Power Through+1","floor":39},{"not_picked":["Rupture+1","Metallicize+1","Spot Weakness"],"picked":"SKIP","floor":41}],"player_experience":179169,"relics_obtained":[{"floor":6.0,"key":"Pear"},{"floor":9.0,"key":"Bronze Scales"},{"floor":12.0,"key":"Juzu Bracelet"},{"floor":19.0,"key":"Red Mask"},{"floor":24.0,"key":"Ancient Tea Set"},{"floor":26.0,"key":"Dodecahedron"},{"floor":29,"key":"StoneCalendar"},{"floor":36,"key":"Paper Frog"},{"floor":41,"key":"Ginger"},{"floor":41,"key":"Bottled Tornado"}],"event_choices":[{"damage_healed":0.0,"max_hp_gain":0.0,"max_hp_loss":0.0,"gold_gain":75.0,"event_name":"World of Goop","player_choice":"Gather Gold","floor":3.0,"gold_loss":0.0,"damage_taken":11.0},{"cards_removed":["Strike_R"],"damage_healed":0.0,"max_hp_gain":0.0,"max_hp_loss":0.0,"gold_gain":0.0,"event_name":"Golden Wing","player_choice":"Card Removal","floor":4.0,"gold_loss":0.0,"damage_taken":7.0},{"damage_healed":0.0,"max_hp_gain":0.0,"max_hp_loss":0.0,"gold_gain":0.0,"event_name":"Golden Idol","player_choice":"Take Wound","floor":11.0,"gold_loss":0.0,"damage_taken":0.0,"relics_obtained":["Golden Idol"],"cards_obtained":["Injury"]},{"damage_healed":0.0,"max_hp_gain":0.0,"max_hp_loss":0.0,"gold_gain":0.0,"event_name":"Masked Bandits","player_choice":"Fought Bandits","floor":19.0,"gold_loss":0.0,"damage_taken":0.0},{"damage_healed":0.0,"max_hp_gain":0.0,"max_hp_loss":0.0,"gold_gain":0.0,"event_name":"The Mausoleum","player_choice":"Opened","floor":21.0,"gold_loss":0.0,"damage_taken":0.0,"relics_obtained":["Bag of Preparation"]},{"damage_healed":0.0,"max_hp_gain":0.0,"max_hp_loss":0.0,"gold_gain":0.0,"event_name":"Addict","player_choice":"Obtained Relic","floor":22.0,"gold_loss":85.0,"damage_taken":0.0,"relics_obtained":["Tiny Chest"]},{"damage_healed":0.0,"max_hp_gain":0.0,"max_hp_loss":0.0,"gold_gain":0.0,"event_name":"Nest","player_choice":"Joined the Cult","floor":25.0,"gold_loss":0.0,"damage_taken":6.0,"cards_obtained":["RitualDagger"]},{"damage_healed":0,"gold_gain":0,"player_choice":"Shed Blood","damage_taken":23,"max_hp_gain":5,"max_hp_loss":0,"event_name":"Forgotten Altar","floor":27,"gold_loss":0},{"damage_healed":31,"gold_gain":0,"player_choice":"Heal","damage_taken":0,"max_hp_gain":0,"max_hp_loss":0,"event_name":"The Library","floor":30,"gold_loss":0},{"damage_healed":0,"gold_gain":0,"player_choice":"Max HP","damage_taken":0,"max_hp_gain":0,"max_hp_loss":5,"event_name":"Winding Halls","floor":38,"gold_loss":0}],"is_beta":false,"boss_relics":[{"not_picked":["Calling Bell","Empty Cage"],"picked":"Ectoplasm"},{"not_picked":["Tiny House","Orrery"],"picked":"Black Star"}],"items_purged_floors":[14],"is_endless":false,"potions_floor_spawned":[2,8,18,20,37,39,41],"killed_by":"Spire Growth","ascension_level":4}