{"gold_per_floor":[118,41,56,74,92,92,103,28,80,115,115,115,115,127,127,198,198,213,224,224,224,149,149,149,37,118,118,118,118,131,144,144,144],"floor_reached":33,"playtime":1470,"items_purged":["Strike_B","Strike_B+1"],"score":453,"play_id":"25390dff-31b2-4064-8b17-0dfac093e111","local_time":"20190621060910","is_ascension_mode":true,"campfire_choices":[{"data":"Coolheaded","floor":6,"key":"SMITH"},{"floor":11,"key":"REST"},{"floor":15,"key":"REST"},{"floor":23,"key":"REST"},{"floor":29,"key":"REST"},{"floor":32,"key":"REST"}],"neow_cost":"NONE","seed_source_timestamp":774945332190063,"circlet_count":0,"master_deck":["AscendersBane","Strike_B+1","Defend_B+1","Defend_B+1","Defend_B+1","Defend_B+1","Zap","Dualcast","Gash","Sunder","Coolheaded+1","Electrodynamics","Cold Snap","Gash","Biased Cognition","Skim","Compile Driver","Loop","Steam+1","Gash"],"relics":["Cracked Core","NeowsBlessing","Smiling Mask","The Courier","PreservedInsect","Busted Crown","Gremlin Horn","Matryoshka"],"potions_floor_usage":[16,33],"damage_taken":[{"damage":0,"enemies":"Cultist","floor":1,"turns":1},{"damage":0,"enemies":"Jaw Worm","floor":3,"turns":1},{"damage":0,"enemies":"Small Slimes","floor":4,"turns":1},{"damage":6,"enemies":"Red Slaver","floor":5,"turns":3},{"damage":18,"enemies":"Large Slime","floor":7,"turns":4},{"damage":26,"enemies":"Lagavulin","floor":10,"turns":7},{"damage":6,"enemies":"3 Louse","floor":14,"turns":2},{"damage":22,"enemies":"Hexaghost","floor":16,"turns":12},{"damage":21,"enemies":"Shell Parasite","floor":18,"turns":5},{"damage":10,"enemies":"3 Byrds","floor":19,"turns":2},{"damage":29,"enemies":"Colosseum Slavers","floor":24,"turns":4},{"damage":24,"enemies":"Snecko","floor":30,"turns":4},{"damage":2,"enemies":"Centurion and Healer","floor":31,"turns":5},{"damage":42,"enemies":"Collector","floor":33,"turns":5}],"seed_played":"-7150326492790166249","potions_obtained":[{"floor":10,"key":"Ancient Potion"},{"floor":14,"key":"FocusPotion"},{"floor":30,"key":"AttackPotion"}],"is_trial":false,"path_per_floor":["M","$","M","M","M","R","M","$","T","E","R","?","?","M","R","B",null,"M","M","?","?","?","R","?","$","T","$","T","R","M","M","R","B"],"character_chosen":"DEFECT","items_purchased":["Sunder","Loop"],"campfire_rested":5,"item_purchase_floors":[2,25],"current_hp_per_floor":[64,64,64,64,58,58,40,40,40,14,35,14,14,8,29,7,55,34,24,24,24,24,45,16,16,16,16,16,37,13,11,32,0],"gold":144,"neow_bonus":"THREE_ENEMY_KILL","is_prod":false,"is_daily":false,"chose_seed":false,"campfire_upgraded":1,"win_rate":0,"timestamp":1561111750,"path_taken":["M","?","?","?","M","R","M","?","T","E","R","?","?","?","R","BOSS","M","M","?","?","?","R","?","?","T","$","?","R","M","?","R","BOSS"],"build_version":"2019-06-20","purchased_purges":2,"victory":false,"max_hp_per_floor":[71,71,71,71,71,71,71,71,71,71,71,71,71,71,71,71,71,71,71,71,71,71,71,71,71,71,71,71,71,71,71,71,71],"card_choices":[{"not_picked":["Sweeping Beam","Darkness"],"picked":"Gash","floor":1},{"not_picked":["Turbo","Redo","Beam Cell"],"picked":"SKIP","floor":3},{"not_picked":["Redo","Genetic Algorithm"],"picked":"Coolheaded","floor":4},{"not_picked":["Compile Driver","Turbo","Conserve Battery"],"picked":"SKIP","floor":5},{"not_picked":["Recycle","Undo"],"picked":"Electrodynamics","floor":7},{"not_picked":["Rebound","Ball Lightning"],"picked":"Cold Snap","floor":10},{"not_picked":["Defragment","Barrage"],"picked":"Gash","floor":14},{"not_picked":["Reboot","Core Surge"],"picked":"Biased Cognition","floor":16},{"not_picked":[],"picked":"Skim","floor":18},{"not_picked":[],"picked":"Compile Driver","floor":19},{"not_picked":[],"picked":"Steam+1","floor":30},{"not_picked":[],"picked":"Gash","floor":31}],"player_experience":639003,"relics_obtained":[{"floor":9,"key":"Smiling Mask"},{"floor":10,"key":"The Courier"},{"floor":13,"key":"PreservedInsect"},{"floor":26,"key":"Gremlin Horn"},{"floor":28,"key":"Matryoshka"}],"event_choices":[{"damage_healed":0,"gold_gain":0,"player_choice":"Entered Light","damage_taken":21,"max_hp_gain":0,"max_hp_loss":0,"event_name":"Shining Light","floor":12,"gold_loss":0,"cards_upgraded":["Defend_B","Defend_B"]},{"damage_healed":0,"gold_gain":0,"player_choice":"Relic","damage_taken":0,"max_hp_gain":0,"max_hp_loss":0,"event_name":"Wheel of Change","floor":13,"gold_loss":0},{"damage_healed":0,"gold_gain":0,"player_choice":"Simplicity","damage_taken":0,"max_hp_gain":0,"max_hp_loss":0,"event_name":"Back to Basics","floor":20,"gold_loss":0,"cards_upgraded":["Strike_B","Strike_B","Strike_B","Defend_B","Defend_B"]},{"damage_healed":0,"gold_gain":0,"player_choice":"Ignored","damage_taken":0,"max_hp_gain":0,"max_hp_loss":0,"event_name":"Vampires","floor":21,"gold_loss":0},{"cards_removed":["Strike_B"],"damage_healed":0,"gold_gain":0,"player_choice":"Gave Gold","damage_taken":0,"max_hp_gain":0,"max_hp_loss":0,"event_name":"Beggar","floor":22,"gold_loss":75},{"damage_healed":0,"gold_gain":0,"player_choice":"Fight","damage_taken":0,"max_hp_gain":0,"max_hp_loss":0,"event_name":"Colosseum","floor":24,"gold_loss":0},{"damage_healed":0,"gold_gain":0,"player_choice":"Fled From Nobs","damage_taken":0,"max_hp_gain":0,"max_hp_loss":0,"event_name":"Colosseum","floor":24,"gold_loss":0}],"is_beta":true,"boss_relics":[{"not_picked":["Lizard Tail","Runic Dome"],"picked":"Busted Crown"}],"items_purged_floors":[8,25],"is_endless":false,"potions_floor_spawned":[10,14,30],"killed_by":"Collector","ascension_level":17}