{"gold_per_floor":[117,2,15,33,44,61,61],"floor_reached":7,"playtime":426,"items_purged":["Strike_B"],"score":83,"play_id":"ed830a9f-ac51-4411-807f-81d376c62c61","local_time":"20190619182747","is_ascension_mode":true,"campfire_choices":[],"neow_cost":"NONE","seed_source_timestamp":647514935062785,"circlet_count":0,"master_deck":["AscendersBane","Strike_B","Strike_B","Strike_B","Defend_B","Defend_B","Defend_B","Defend_B","Zap","Dualcast","Gash","Gash","Cold Snap","Coolheaded","Compile Driver","Defragment","Echo Form"],"relics":["Orrery"],"potions_floor_usage":[6],"damage_taken":[{"damage":4,"enemies":"Cultist","floor":1,"turns":4},{"damage":13,"enemies":"2 Louse","floor":3,"turns":4},{"damage":13,"enemies":"Jaw Worm","floor":4,"turns":4},{"damage":18,"enemies":"Exordium Wildlife","floor":5,"turns":4},{"damage":23,"enemies":"Looter","floor":6,"turns":4},{"damage":8,"enemies":"Large Slime","floor":7,"turns":3}],"seed_played":"6313297844370975562","potions_obtained":[{"floor":5,"key":"Regen Potion"}],"is_trial":false,"path_per_floor":["M","$","M","M","M","M","M"],"character_chosen":"DEFECT","items_purchased":["Defragment"],"campfire_rested":0,"item_purchase_floors":[2],"current_hp_per_floor":[60,60,47,34,16,5,0],"gold":61,"neow_bonus":"BOSS_RELIC","is_prod":false,"is_daily":false,"chose_seed":false,"campfire_upgraded":0,"win_rate":0,"timestamp":1560983267,"path_taken":["M","$","M","?","M","M","M"],"build_version":"2019-06-18","purchased_purges":1,"victory":false,"max_hp_per_floor":[71,71,71,71,71,71,71],"card_choices":[{"not_picked":["Stack","Storm"],"picked":"Gash","floor":0},{"not_picked":["Barrage","Rebound"],"picked":"Gash","floor":0},{"not_picked":["Streamline","Steam"],"picked":"Cold Snap","floor":0},{"not_picked":["Streamline","Barrage"],"picked":"Coolheaded","floor":0},{"not_picked":["Steam","Sweeping Beam"],"picked":"Compile Driver","floor":0},{"not_picked":["Ball Lightning","Force Field","Go for the Eyes"],"picked":"SKIP","floor":1},{"not_picked":["Ball Lightning","Force Field","Go for the Eyes"],"picked":"SKIP","floor":1},{"not_picked":["Coolheaded","Leap","Conserve Battery"],"picked":"SKIP","floor":3},{"not_picked":["Conserve Battery","Stack"],"picked":"Echo Form","floor":4},{"not_picked":["Cold Snap","Darkness","Compile Driver"],"picked":"SKIP","floor":5},{"not_picked":["Static Discharge","Barrage","Streamline"],"picked":"SKIP","floor":6}],"player_experience":622333,"relics_obtained":[],"event_choices":[],"is_beta":true,"boss_relics":[],"items_purged_floors":[2],"is_endless":false,"potions_floor_spawned":[5],"killed_by":"Large Slime","ascension_level":17}