{"gold_per_floor":[112,112,127,127,127,127,158,158,206,231,249,249,249,12,12,89,89,89,49,49,49,49,49,49,49,49,49,49,49,49,49,49,49],"floor_reached":33,"playtime":2023,"items_purged":["Defend_G"],"score":582,"play_id":"270b3094-ac8e-42fa-b227-2901f15d9b72","local_time":"20190709035130","is_ascension_mode":true,"campfire_choices":[{"floor":6.0,"key":"REST"},{"floor":8.0,"key":"REST"},{"data":"Backflip","floor":13.0,"key":"SMITH"},{"data":"Crippling Poison","floor":15.0,"key":"SMITH"},{"data":"PiercingWail","floor":23.0,"key":"SMITH"},{"data":"Malaise","floor":25,"key":"SMITH"},{"data":"Deflect","floor":30,"key":"SMITH"},{"floor":32,"key":"REST"}],"neow_cost":"NONE","seed_source_timestamp":1209987995637500,"circlet_count":0,"master_deck":["AscendersBane","Strike_G+1","Strike_G+1","Strike_G","Strike_G+1","Defend_G","Defend_G","Defend_G","Defend_G","Survivor","Neutralize+1","Crippling Poison+1","Deflect+1","Neutralize","Acrobatics","Backflip+1","Dodge and Roll","Dash","Dagger Throw","PiercingWail+1","Dagger Throw+1","Malaise+1","Footwork","Tactician"],"special_seed":0,"relics":["Ring of the Snake","Whetstone","Orichalcum","Gambling Chip","Pen Nib","Tingsha","Ninja Scroll","Vajra","Ectoplasm","Bag of Preparation","Shuriken","Dodecahedron"],"potions_floor_usage":[24,24],"damage_taken":[{"damage":0.0,"enemies":"2 Louse","floor":1.0,"turns":3.0},{"damage":0.0,"enemies":"Cultist","floor":3.0,"turns":3.0},{"damage":20.0,"enemies":"3 Sentries","floor":7.0,"turns":13.0},{"damage":13.0,"enemies":"Gremlin Nob","floor":10.0,"turns":6.0},{"damage":0.0,"enemies":"Jaw Worm","floor":11.0,"turns":2.0},{"damage":12.0,"enemies":"The Guardian","floor":16.0,"turns":14.0},{"damage":1.0,"enemies":"Shell Parasite","floor":18.0,"turns":3.0},{"damage":0.0,"enemies":"2 Thieves","floor":19.0,"turns":3.0},{"damage":5.0,"enemies":"Chosen and Byrds","floor":21.0,"turns":5.0},{"damage":0.0,"enemies":"Snake Plant","floor":22.0,"turns":3.0},{"damage":2,"enemies":"Slavers","floor":24,"turns":3},{"damage":6,"enemies":"Gremlin Leader","floor":27,"turns":5},{"damage":0,"enemies":"3 Cultists","floor":31,"turns":4},{"damage":65,"enemies":"Champ","floor":33,"turns":13}],"seed_played":"-7571354259275738728","potions_obtained":[{"floor":3.0,"key":"AttackPotion"},{"floor":7.0,"key":"Ancient Potion"},{"floor":16.0,"key":"FearPotion"},{"floor":31,"key":"Explosive Potion"}],"is_trial":false,"path_per_floor":["M","?","M","?","?","R","E","R","T","E","M","T","R","$","R","B",null,"M","M","?","M","M","R","E","R","T","E","$","?","R","M","R","B"],"character_chosen":"THE_SILENT","items_purchased":["Vajra"],"campfire_rested":3,"item_purchase_floors":[14],"current_hp_per_floor":[59,54,54,34,34,53,33,52,52,39,39,39,39,39,39,27,56,55,55,55,50,50,50,48,48,48,42,42,42,42,42,61,0],"gold":49,"neow_bonus":"RANDOM_COMMON_RELIC","is_prod":false,"is_daily":false,"chose_seed":false,"campfire_upgraded":5,"win_rate":0,"timestamp":1562615490,"path_taken":["M","?","M","?","?","R","E","R","T","E","?","?","R","?","R","BOSS","M","?","?","M","?","R","E","R","T","E","$","?","R","M","R","BOSS"],"build_version":"2019-07-05","purchased_purges":1,"victory":false,"max_hp_per_floor":[66,66,66,66,66,66,66,66,66,66,66,66,66,66,66,66,66,66,66,66,66,66,66,66,66,66,66,66,66,66,66,66,66],"card_choices":[{"not_picked":["Underhanded Strike","Dagger Spray"],"picked":"Crippling Poison","floor":1.0},{"not_picked":["Underhanded Strike","Infinite Blades"],"picked":"Deflect","floor":3.0},{"not_picked":["Deadly Poison","Flying Knee"],"picked":"Backflip","floor":7.0},{"not_picked":["Distraction","Well Laid Plans"],"picked":"Dodge and Roll","floor":10.0},{"not_picked":["Deflect","Outmaneuver"],"picked":"Dash","floor":11.0},{"not_picked":["Eviscerate","Heel Hook"],"picked":"Dagger Throw","floor":18.0},{"not_picked":["Cloak And Dagger","Blade Dance"],"picked":"PiercingWail","floor":19.0},{"not_picked":["Flying Knee","Sucker Punch"],"picked":"Dagger Throw+1","floor":21.0},{"not_picked":["Choke","Blade Dance","Sucker Punch"],"picked":"SKIP","floor":22.0},{"not_picked":["Tactician","Bane"],"picked":"Malaise","floor":24},{"not_picked":["Acrobatics","Skewer"],"picked":"Footwork","floor":27},{"not_picked":["Flechettes","Slice+1"],"picked":"Tactician","floor":31}],"player_experience":758086,"relics_obtained":[{"floor":7.0,"key":"Gambling Chip"},{"floor":9.0,"key":"Pen Nib"},{"floor":10.0,"key":"Tingsha"},{"floor":12.0,"key":"Ninja Scroll"},{"floor":24,"key":"Bag of Preparation"},{"floor":26,"key":"Shuriken"},{"floor":27,"key":"Dodecahedron"}],"event_choices":[{"damage_healed":0.0,"max_hp_gain":0.0,"max_hp_loss":0.0,"gold_gain":0.0,"event_name":"Scrap Ooze","player_choice":"Success","floor":2.0,"gold_loss":0.0,"damage_taken":5.0,"relics_obtained":["Orichalcum"]},{"damage_healed":0.0,"max_hp_gain":0.0,"max_hp_loss":0.0,"gold_gain":0.0,"event_name":"Shining Light","player_choice":"Entered Light","floor":4.0,"gold_loss":0.0,"damage_taken":20.0,"cards_upgraded":["Strike_G","Strike_G"]},{"damage_healed":0.0,"max_hp_gain":0.0,"max_hp_loss":0.0,"gold_gain":0.0,"event_name":"Match and Keep!","player_choice":"2 cards matched","floor":5.0,"gold_loss":0.0,"damage_taken":0.0,"cards_obtained":["Neutralize","Acrobatics"]},{"cards_removed":["Strike_G"],"damage_healed":0.0,"max_hp_gain":0.0,"max_hp_loss":0.0,"gold_gain":0.0,"event_name":"Bonfire Elementals","player_choice":"Offered Basic","floor":20.0,"gold_loss":0.0,"damage_taken":0.0},{"damage_healed":0,"gold_gain":0,"player_choice":"Ignored","damage_taken":0,"max_hp_gain":0,"max_hp_loss":0,"event_name":"N\u0027loth","floor":29,"gold_loss":0}],"is_beta":false,"boss_relics":[{"not_picked":["Coffee Dripper","Cursed Key"],"picked":"Ectoplasm"}],"items_purged_floors":[14],"is_endless":false,"potions_floor_spawned":[3,7,16,18,31],"killed_by":"Champ","ascension_level":20}