{"gold_per_floor":[109,129,129,304,304,331,331,97,144,155,155,169,13,77,77,77],"floor_reached":16,"playtime":613,"items_purged":[],"score":130,"play_id":"322a2fe9-ff77-4287-a2f2-06a55669c07b","local_time":"20190518225526","is_ascension_mode":true,"campfire_choices":[{"floor":7,"key":"REST"},{"floor":15,"key":"REST"}],"neow_cost":"NONE","seed_source_timestamp":13633884503711,"circlet_count":0,"master_deck":["Strike_R","Strike_R","Strike_R","Strike_R","Defend_R","Defend_R","Defend_R","Defend_R","Bash","Shrug It Off","Doubt","Shrug It Off","Flame Barrier","Pommel Strike","Bash","Discovery"],"relics":["Burning Blood","Orichalcum","Red Skull","Ancient Tea Set","Oddly Smooth Stone","Potion Belt","Blood Vial","Tiny Chest"],"potions_floor_usage":[],"damage_taken":[{"damage":0,"enemies":"Cultist","floor":1,"turns":3},{"damage":8,"enemies":"Jaw Worm","floor":2,"turns":3},{"damage":41,"enemies":"Lagavulin","floor":6,"turns":7},{"damage":0,"enemies":"Small Slimes","floor":10,"turns":4},{"damage":17,"enemies":"Exordium Thugs","floor":12,"turns":6},{"damage":23,"enemies":"3 Sentries","floor":14,"turns":12},{"damage":59,"enemies":"Hexaghost","floor":16,"turns":11}],"seed_played":"-5818997150572900324","potions_obtained":[{"floor":10,"key":"GamblersBrew"}],"is_trial":false,"path_per_floor":["M","M","?","?","?","E","R","$","T","M","?","M","$","E","R","B"],"character_chosen":"IRONCLAD","items_purchased":["Oddly Smooth Stone","Flame Barrier","Blood Vial"],"campfire_rested":2,"item_purchase_floors":[8,8,13],"current_hp_per_floor":[80,78,60,60,60,25,49,49,49,55,55,44,44,29,53,0],"gold":77,"neow_bonus":"RANDOM_COMMON_RELIC","is_prod":false,"is_daily":false,"chose_seed":false,"campfire_upgraded":0,"win_rate":0,"timestamp":1558234526,"path_taken":["M","M","?","?","?","E","R","$","T","?","?","M","?","E","R","BOSS"],"build_version":"2019-01-23","purchased_purges":0,"victory":false,"max_hp_per_floor":[80,80,80,80,80,80,80,80,80,80,80,80,80,80,80,80],"card_choices":[{"not_picked":["Wild Strike","Heavy Blade","Dropkick"],"picked":"SKIP","floor":1},{"not_picked":["Seeing Red","Thunderclap"],"picked":"Shrug It Off","floor":2},{"not_picked":["Havoc","Clash"],"picked":"Shrug It Off","floor":6},{"not_picked":["Clash","Armaments"],"picked":"Pommel Strike","floor":10},{"not_picked":["Barricade","Twin Strike","Sentinel"],"picked":"SKIP","floor":12},{"not_picked":["Body Slam","Armaments","True Grit"],"picked":"SKIP","floor":14}],"player_experience":177872,"relics_obtained":[{"floor":6,"key":"Ancient Tea Set"},{"floor":9,"key":"Potion Belt"},{"floor":14,"key":"Tiny Chest"}],"event_choices":[{"damage_healed":0,"gold_gain":0,"player_choice":"Success","damage_taken":18,"relics_obtained":["Red Skull"],"max_hp_gain":0,"max_hp_loss":0,"event_name":"Scrap Ooze","floor":3,"gold_loss":0},{"damage_healed":0,"gold_gain":175,"player_choice":"AGREE","damage_taken":0,"max_hp_gain":0,"max_hp_loss":0,"event_name":"Liars Game","floor":4,"gold_loss":0,"cards_obtained":["Doubt"]},{"cards_removed":["Strike_R"],"damage_healed":0,"gold_gain":0,"player_choice":"Purged","damage_taken":0,"max_hp_gain":0,"max_hp_loss":0,"event_name":"Purifier","floor":5,"gold_loss":0},{"damage_healed":0,"gold_gain":0,"player_choice":"2 cards matched","damage_taken":0,"max_hp_gain":0,"max_hp_loss":0,"event_name":"Match and Keep!","floor":11,"gold_loss":0,"cards_obtained":["Bash","Discovery"]}],"is_beta":false,"boss_relics":[],"items_purged_floors":[],"is_endless":false,"potions_floor_spawned":[10],"killed_by":"Hexaghost","ascension_level":4}