{"gold_per_floor":[109,109,109,109,4,39,39,12,12,27,37,37,51,62,62,62],"floor_reached":16,"playtime":1258,"items_purged":[],"score":105,"play_id":"a72849f3-d8e5-4738-b47a-3a1f1eb54b43","local_time":"20181230212631","is_ascension_mode":true,"campfire_choices":[{"floor":7,"key":"REST"},{"floor":12,"key":"REST"},{"data":"Night Terror","floor":15,"key":"SMITH"}],"neow_cost":"NONE","seed_source_timestamp":13704856544019,"circlet_count":0,"master_deck":["Defend_G","Defend_G","Defend_G","Defend_G","Defend_G","Strike_G+1","Strike_G+1","Strike_G","Strike_G","Survivor","Neutralize","Night Terror+1","All Out Attack+1","Prepared","Underhanded Strike","Acrobatics","Dash","Blur","Prepared"],"relics":["Ring of the Snake","Blood Vial","Boot"],"potions_floor_usage":[],"damage_taken":[{"damage":5,"enemies":"Jaw Worm","floor":1,"turns":6},{"damage":30,"enemies":"Gremlin Nob","floor":6,"turns":5},{"damage":0,"enemies":"Small Slimes","floor":10,"turns":3},{"damage":0,"enemies":"2 Louse","floor":11,"turns":2},{"damage":0,"enemies":"Blue Slaver","floor":13,"turns":3},{"damage":11,"enemies":"Exordium Wildlife","floor":14,"turns":7},{"damage":60,"enemies":"Hexaghost","floor":16,"turns":18}],"seed_played":"1225371491620228133","potions_obtained":[{"floor":1,"key":"FearPotion"},{"floor":6,"key":"Swift Potion"},{"floor":13,"key":"Ancient Potion"}],"is_trial":false,"path_per_floor":["M","?","?","?","$","E","R","$","T","M","M","R","M","M","R","B"],"character_chosen":"THE_SILENT","items_purchased":["Prepared","Underhanded Strike","Acrobatics"],"campfire_rested":2,"item_purchase_floors":[5,5,8],"current_hp_per_floor":[65,58,58,44,44,14,35,35,35,37,39,60,62,53,53,0],"gold":62,"neow_bonus":"ONE_RANDOM_RARE_CARD","is_prod":false,"is_daily":false,"chose_seed":false,"campfire_upgraded":1,"win_rate":0,"timestamp":1546223191,"path_taken":["M","?","?","?","?","E","R","$","T","?","M","R","?","M","R","BOSS"],"build_version":"2018-12-20","purchased_purges":0,"victory":false,"max_hp_per_floor":[70,70,70,70,70,70,70,70,70,70,70,70,70,70,70,70],"card_choices":[{"not_picked":["Choke","Footwork"],"picked":"All Out Attack","floor":1},{"not_picked":["Infinite Blades","Heel Hook","Riddle With Holes"],"picked":"SKIP","floor":6},{"not_picked":["Underhanded Strike","Acrobatics"],"picked":"Dash","floor":10},{"not_picked":["Heel Hook","Dagger Spray","Bouncing Flask"],"picked":"SKIP","floor":11},{"not_picked":["Bane","Poisoned Stab"],"picked":"Blur","floor":13},{"not_picked":["Skewer","Acrobatics"],"picked":"Prepared","floor":14}],"player_experience":43173,"relics_obtained":[{"floor":6,"key":"Blood Vial"},{"floor":9,"key":"Boot"}],"event_choices":[{"cards_removed":["Strike_G"],"damage_healed":0,"gold_gain":0,"player_choice":"Card Removal","damage_taken":7,"max_hp_gain":0,"max_hp_loss":0,"event_name":"Golden Wing","floor":2,"gold_loss":0},{"damage_healed":0,"gold_gain":0,"player_choice":"Grow","damage_taken":0,"max_hp_gain":0,"max_hp_loss":0,"event_name":"Living Wall","floor":3,"gold_loss":0,"cards_upgraded":["All Out Attack"]},{"damage_healed":0,"gold_gain":0,"player_choice":"Entered Light","damage_taken":14,"max_hp_gain":0,"max_hp_loss":0,"event_name":"Shining Light","floor":4,"gold_loss":0,"cards_upgraded":["Strike_G","Strike_G"]}],"is_beta":false,"boss_relics":[],"items_purged_floors":[],"is_endless":false,"potions_floor_spawned":[1,6,13],"killed_by":"Hexaghost","ascension_level":1}