{"gold_per_floor":[99,99,99,99,99,99,99,99,99,99,99,99,99,99,99,99,99,99,99,24,24,24,24,24,24,24,24,24,24,24,24,24,24,24,24,24,24,24,24,24],"floor_reached":40,"playtime":1961,"items_purged":["Strike_R"],"score":593,"play_id":"e55e4e7c-032e-4b5c-9f08-7d0b2aa52a41","local_time":"20190518215959","is_ascension_mode":true,"campfire_choices":[{"floor":10.0,"key":"REST"},{"floor":15.0,"key":"REST"},{"data":"Rampage","floor":24.0,"key":"SMITH"},{"floor":28.0,"key":"REST"},{"floor":32.0,"key":"REST"}],"neow_cost":"NONE","seed_source_timestamp":8932923808009,"circlet_count":0,"master_deck":["Defend_R+1","Defend_R+1","Defend_R+1","Bash","Twin Strike","Twin Strike","Headbutt","Rampage+1","Pommel Strike","Shrug It Off+1","Immolate","Flame Barrier+1","Shrug It Off+1","Headbutt","Reaper","Armaments+1","Double Tap+1","Shockwave+1","Pommel Strike+1","Fiend Fire"],"special_seed":0,"relics":["Ectoplasm","Mummified Hand","Juzu Bracelet","War Paint","Meat on the Bone","Toxic Egg 2","Velvet Choker","Red Mask","Self Forming Clay","Darkstone Periapt","Letter Opener","Astrolabe","Torii"],"potions_floor_usage":[38,40],"damage_taken":[{"damage":2.0,"enemies":"Jaw Worm","floor":1.0,"turns":3.0},{"damage":0.0,"enemies":"Small Slimes","floor":4.0,"turns":3.0},{"damage":0.0,"enemies":"Cultist","floor":5.0,"turns":2.0},{"damage":17.0,"enemies":"Lagavulin","floor":6.0,"turns":5.0},{"damage":10.0,"enemies":"Large Slime","floor":8.0,"turns":4.0},{"damage":20.0,"enemies":"3 Sentries","floor":11.0,"turns":6.0},{"damage":19.0,"enemies":"Lagavulin","floor":13.0,"turns":4.0},{"damage":5.0,"enemies":"Gremlin Gang","floor":14.0,"turns":3.0},{"damage":12.0,"enemies":"Slime Boss","floor":16.0,"turns":7.0},{"damage":6.0,"enemies":"Shell Parasite","floor":18.0,"turns":3.0},{"damage":1.0,"enemies":"Masked Bandits","floor":19.0,"turns":3.0},{"damage":11.0,"enemies":"Spheric Guardian","floor":21.0,"turns":3.0},{"damage":0.0,"enemies":"Centurion and Healer","floor":22.0,"turns":4.0},{"damage":0.0,"enemies":"Slavers","floor":23.0,"turns":2.0},{"damage":12.0,"enemies":"Shelled Parasite and Fungi","floor":27.0,"turns":5.0},{"damage":0.0,"enemies":"Gremlin Leader","floor":30.0,"turns":5.0},{"damage":18.0,"enemies":"Snake Plant","floor":31.0,"turns":4.0},{"damage":75.0,"enemies":"Collector","floor":33.0,"turns":11.0},{"damage":33.0,"enemies":"3 Darklings","floor":35.0,"turns":5.0},{"damage":8.0,"enemies":"Mind Bloom Boss Battle","floor":36.0,"turns":7.0},{"damage":14,"enemies":"3 Shapes","floor":38,"turns":4},{"damage":84,"enemies":"Nemesis","floor":40,"turns":9}],"seed_played":"6800080592757737775","potions_obtained":[{"floor":5.0,"key":"Regen Potion"},{"floor":8.0,"key":"Fire Potion"},{"floor":14.0,"key":"Explosive Potion"},{"floor":21.0,"key":"SteroidPotion"},{"floor":23.0,"key":"SpeedPotion"},{"floor":30.0,"key":"EssenceOfSteel"},{"floor":36.0,"key":"Explosive Potion"},{"floor":38,"key":"BloodPotion"}],"is_trial":false,"path_per_floor":["M","?","?","M","M","E","?","M","T","R","E","?","E","M","R","B",null,"M","?","$","M","M","E","R","?","T","M","R","?","E","M","R","B",null,"M","?","?","M","$","E"],"character_chosen":"IRONCLAD","items_purchased":[],"campfire_rested":4,"item_purchase_floors":[],"current_hp_per_floor":[78,62,55,55,55,38,31,21,21,45,40,40,33,40,64,52,80,74,73,73,62,62,62,62,46,46,46,70,70,70,52,76,13,80,47,47,47,51,51,0],"gold":24,"neow_bonus":"BOSS_RELIC","is_prod":false,"is_daily":false,"chose_seed":false,"campfire_upgraded":1,"win_rate":0,"timestamp":1558231199,"path_taken":["M","?","?","M","M","E","?","M","T","R","E","?","E","M","R","BOSS","M","?","$","M","M","E","R","?","T","M","R","?","E","M","R","BOSS","M","?","?","M","$","E"],"build_version":"2019-01-23","purchased_purges":1,"victory":false,"max_hp_per_floor":[80,80,80,80,80,80,80,80,80,80,80,80,80,80,80,80,80,80,80,80,80,80,80,80,80,80,80,80,80,80,80,80,80,80,80,80,80,80,80,80],"card_choices":[{"not_picked":["Second Wind","Warcry"],"picked":"Twin Strike","floor":1.0},{"not_picked":["Warcry","Reckless Charge"],"picked":"Twin Strike","floor":4.0},{"not_picked":["Fire Breathing","Anger"],"picked":"Headbutt","floor":5.0},{"not_picked":["Seeing Red","Barricade"],"picked":"Rampage","floor":6.0},{"not_picked":["Armaments","Combust","Flex"],"picked":"SKIP","floor":8.0},{"not_picked":["Rupture","Corruption","Thunderclap"],"picked":"SKIP","floor":11.0},{"not_picked":["Heavy Blade","Clothesline"],"picked":"Pommel Strike","floor":13.0},{"not_picked":["Searing Blow","True Grit+1"],"picked":"Shrug It Off+1","floor":14.0},{"not_picked":["Offering+1","Demon Form"],"picked":"Immolate","floor":16.0},{"not_picked":["Inflame","Cleave","Clothesline"],"picked":"SKIP","floor":18.0},{"not_picked":["Spot Weakness+1","Sever Soul+1"],"picked":"Flame Barrier+1","floor":19.0},{"not_picked":["Combust","Wild Strike","Dropkick"],"picked":"SKIP","floor":21.0},{"not_picked":["Perfected Strike+1","Clothesline"],"picked":"Shrug It Off+1","floor":22.0},{"not_picked":["Cleave+1","Iron Wave","Twin Strike"],"picked":"SKIP","floor":23.0},{"not_picked":["Clothesline","Pommel Strike"],"picked":"Headbutt","floor":27.0},{"not_picked":["Rupture","Heavy Blade+1","Warcry+1"],"picked":"SKIP","floor":30.0},{"not_picked":["Armaments+1","Dropkick","Limit Break+1"],"picked":"SKIP","floor":31.0},{"not_picked":["Feed","Fiend Fire"],"picked":"Reaper","floor":33.0},{"not_picked":["Headbutt+1","Thunderclap"],"picked":"Pommel Strike+1","floor":35.0},{"not_picked":["Dropkick","Warcry+1","Sword Boomerang"],"picked":"SKIP","floor":38}],"player_experience":175911,"relics_obtained":[{"floor":6.0,"key":"Juzu Bracelet"},{"floor":9.0,"key":"War Paint"},{"floor":11.0,"key":"Meat on the Bone"},{"floor":13.0,"key":"Toxic Egg 2"},{"floor":19.0,"key":"Red Mask"},{"floor":23.0,"key":"Self Forming Clay"},{"floor":26.0,"key":"Darkstone Periapt"},{"floor":30.0,"key":"Letter Opener"},{"floor":36.0,"key":"Torii"}],"event_choices":[{"damage_healed":0.0,"max_hp_gain":0.0,"max_hp_loss":0.0,"gold_gain":0.0,"event_name":"Shining Light","player_choice":"Entered Light","floor":2.0,"gold_loss":0.0,"damage_taken":16.0,"cards_upgraded":["Defend_R","Strike_R"]},{"damage_healed":0.0,"max_hp_gain":0.0,"max_hp_loss":0.0,"gold_gain":0.0,"event_name":"Scrap Ooze","player_choice":"Success","floor":3.0,"gold_loss":0.0,"damage_taken":7.0,"relics_obtained":["Mummified Hand"]},{"cards_removed":["Strike_R"],"damage_healed":0.0,"max_hp_gain":0.0,"max_hp_loss":0.0,"gold_gain":0.0,"event_name":"Golden Wing","player_choice":"Card Removal","floor":7.0,"gold_loss":0.0,"damage_taken":7.0},{"damage_healed":0.0,"max_hp_gain":0.0,"max_hp_loss":0.0,"gold_gain":0.0,"event_name":"Dead Adventurer","player_choice":"Searched \u00270\u0027 times","floor":12.0,"gold_loss":0.0,"damage_taken":0.0},{"damage_healed":0.0,"max_hp_gain":0.0,"max_hp_loss":0.0,"gold_gain":0.0,"event_name":"Masked Bandits","player_choice":"Fought Bandits","floor":19.0,"gold_loss":0.0,"damage_taken":0.0},{"damage_healed":0.0,"max_hp_gain":0.0,"max_hp_loss":0.0,"gold_gain":0.0,"event_name":"Knowing Skull","player_choice":"POTION ","floor":25.0,"potions_obtained":["PowerPotion"],"gold_loss":0.0,"damage_taken":16.0,"cards_obtained":[]},{"cards_removed":["Strike_R"],"damage_healed":0.0,"max_hp_gain":0.0,"max_hp_loss":0.0,"gold_gain":0.0,"event_name":"Back to Basics","player_choice":"Elegance","floor":29.0,"gold_loss":0.0,"damage_taken":0.0},{"damage_healed":0.0,"max_hp_gain":0.0,"max_hp_loss":0.0,"gold_gain":0.0,"event_name":"MindBloom","player_choice":"Fight","floor":36.0,"gold_loss":0.0,"damage_taken":0.0},{"damage_healed":0.0,"max_hp_gain":0.0,"max_hp_loss":0.0,"gold_gain":0.0,"event_name":"Match and Keep!","player_choice":"1 cards matched","floor":37.0,"gold_loss":0.0,"damage_taken":0.0,"cards_obtained":["Fiend Fire"]}],"is_beta":false,"boss_relics":[{"not_picked":["Runic Dome","Pandora\u0027s Box"],"picked":"Velvet Choker"},{"not_picked":["Snecko Eye","Cursed Key"],"picked":"Astrolabe"}],"items_purged_floors":[20],"is_endless":false,"potions_floor_spawned":[5,8,14,21,23,27,30,36,38],"killed_by":"Nemesis","ascension_level":4}