{"gold_per_floor":[362,362,373,28,46,46,76,86,160,90,90,90,117,137,137,137],"floor_reached":16,"playtime":571,"items_purged":[],"score":100,"play_id":"ccba57af-0cfd-45fa-86b8-be484fb5d74a","local_time":"20190328105145","is_ascension_mode":false,"campfire_choices":[{"data":"Armaments","floor":6,"key":"SMITH"},{"data":"Pommel Strike","floor":12,"key":"SMITH"},{"data":"Armaments","floor":15,"key":"SMITH"}],"neow_cost":"TEN_PERCENT_HP_LOSS","seed_source_timestamp":1213482253706429,"circlet_count":0,"master_deck":["Strike_R","Strike_R","Strike_R","Strike_R","Strike_R","Defend_R+1","Defend_R","Defend_R","Defend_R","Wild Strike","Armaments+1","Pommel Strike+1","Armaments+1","Shrug It Off","Armaments+1"],"relics":["Burning Blood","Pen Nib","Chemical X","Ornamental Fan","Bag of Preparation"],"potions_floor_usage":[13],"damage_taken":[{"damage":12,"enemies":"Jaw Worm","floor":1,"turns":5},{"damage":5,"enemies":"Small Slimes","floor":3,"turns":5},{"damage":3,"enemies":"2 Louse","floor":5,"turns":2},{"damage":8,"enemies":"Lots of Slimes","floor":8,"turns":4},{"damage":9,"enemies":"Lagavulin","floor":13,"turns":7},{"damage":0,"enemies":"Blue Slaver","floor":14,"turns":4},{"damage":64,"enemies":"Hexaghost","floor":16,"turns":12}],"seed_played":"-5168958859524945028","potions_obtained":[{"floor":3,"key":"EssenceOfSteel"},{"floor":13,"key":"Poison Potion"},{"floor":14,"key":"Swift Potion"}],"is_trial":false,"path_per_floor":["M","?","M","$","M","R","?","M","T","$","?","R","E","M","R","B"],"character_chosen":"IRONCLAD","items_purchased":["Pen Nib","Chemical X","Shrug It Off","Armaments"],"campfire_rested":0,"item_purchase_floors":[4,4,10,10],"current_hp_per_floor":[66,66,67,67,70,70,70,68,68,68,54,54,51,57,57,0],"gold":137,"neow_bonus":"TWO_FIFTY_GOLD","is_prod":false,"is_daily":false,"chose_seed":false,"campfire_upgraded":3,"win_rate":0.0,"timestamp":1553784705,"path_taken":["M","?","M","$","M","R","?","M","T","$","?","R","E","M","R","BOSS"],"build_version":"2019-01-23","purchased_purges":0,"victory":false,"max_hp_per_floor":[72,72,72,72,72,72,72,72,72,72,72,72,72,72,72,72],"card_choices":[{"not_picked":["Clothesline","Warcry"],"picked":"Wild Strike","floor":1},{"not_picked":["Burning Pact","Carnage"],"picked":"Pommel Strike","floor":3},{"not_picked":["Pummel","Evolve"],"picked":"Armaments","floor":5},{"not_picked":["Bloodletting","Fire Breathing","Offering"],"picked":"SKIP","floor":8},{"not_picked":["Anger","Iron Wave","Dual Wield"],"picked":"SKIP","floor":13},{"not_picked":["Perfected Strike","Spot Weakness","Heavy Blade"],"picked":"SKIP","floor":14}],"player_experience":64334,"relics_obtained":[{"floor":9,"key":"Ornamental Fan"},{"floor":13,"key":"Bag of Preparation"}],"event_choices":[{"damage_healed":0,"gold_gain":0,"cards_transformed":["Bash"],"player_choice":"Change","damage_taken":0,"max_hp_gain":0,"max_hp_loss":0,"event_name":"Living Wall","floor":2,"gold_loss":0,"cards_obtained":["Armaments"]},{"damage_healed":0,"gold_gain":30,"player_choice":"Searched \u00271\u0027 times","damage_taken":0,"max_hp_gain":0,"max_hp_loss":0,"event_name":"Dead Adventurer","floor":7,"gold_loss":0},{"damage_healed":0,"gold_gain":0,"player_choice":"Entered Light","damage_taken":14,"max_hp_gain":0,"max_hp_loss":0,"event_name":"Shining Light","floor":11,"gold_loss":0,"cards_upgraded":["Armaments","Defend_R"]}],"is_beta":false,"boss_relics":[],"items_purged_floors":[],"is_endless":false,"potions_floor_spawned":[3,13,14],"killed_by":"Hexaghost","ascension_level":0}