{"gold_per_floor":[110,123,140,160,176,206,206,206,258,292,40,40,17,28,28,123,123,137,52,52,52,52,52,70,70],"floor_reached":25,"playtime":1662,"items_purged":["Defend_G"],"score":211,"play_id":"3a5a3428-59b3-4108-940a-e70535705e9e","local_time":"20190701013131","is_ascension_mode":false,"campfire_choices":[{"floor":7,"key":"REST"},{"floor":15,"key":"REST"},{"data":"Infinite Blades","floor":23,"key":"SMITH"}],"neow_cost":"NONE","seed_source_timestamp":1569408101301200,"circlet_count":0,"master_deck":["Defend_G","Defend_G","Defend_G","Defend_G","Strike_G+1","Strike_G","Strike_G","Strike_G+1","Survivor","Neutralize","Finisher+1","Blade Dance","Quick Slash","Dash","Quick Slash+1","Outmaneuver","Outmaneuver","Prepared","Envenom","Infinite Blades+1","Infinite Blades+1"],"relics":["Black Star","Mango","Pantograph","Whetstone","Bronze Scales","Paper Crane","Juzu Bracelet","Oddly Smooth Stone","Nloth\u0027s Gift"],"potions_floor_usage":[6,10,10,16],"damage_taken":[{"damage":1,"enemies":"Cultist","floor":1,"turns":4},{"damage":1,"enemies":"Jaw Worm","floor":2,"turns":3},{"damage":0,"enemies":"Small Slimes","floor":3,"turns":3},{"damage":9,"enemies":"Red Slaver","floor":4,"turns":5},{"damage":18,"enemies":"Lots of Slimes","floor":5,"turns":3},{"damage":18,"enemies":"3 Sentries","floor":6,"turns":10},{"damage":8,"enemies":"Lagavulin","floor":10,"turns":5},{"damage":6,"enemies":"2 Fungi Beasts","floor":14,"turns":3},{"damage":34,"enemies":"Hexaghost","floor":16,"turns":8},{"damage":15,"enemies":"3 Byrds","floor":18,"turns":3},{"damage":15,"enemies":"Shell Parasite","floor":24,"turns":4},{"damage":63,"enemies":"Slavers","floor":25,"turns":4}],"seed_played":"8960593958402305086","potions_obtained":[{"floor":1,"key":"SkillPotion"},{"floor":2,"key":"GhostInAJar"},{"floor":5,"key":"GhostInAJar"},{"floor":6,"key":"SkillPotion"},{"floor":14,"key":"FairyPotion"},{"floor":18,"key":"Dexterity Potion"}],"is_trial":false,"path_per_floor":["M","M","M","M","M","E","R","?","T","E","$","?","$","M","R","B",null,"M","?","?","?","?","R","M","E"],"character_chosen":"THE_SILENT","items_purchased":["Juzu Bracelet","Outmaneuver","Prepared"],"campfire_rested":2,"item_purchase_floors":[11,11,13],"current_hp_per_floor":[69,68,68,59,41,37,62,45,45,37,37,37,37,31,56,47,84,69,69,69,69,69,69,54,0],"gold":70,"neow_bonus":"BOSS_RELIC","is_prod":false,"is_daily":false,"chose_seed":false,"campfire_upgraded":1,"win_rate":0.0,"timestamp":1561959091,"path_taken":["M","M","M","M","?","E","R","?","T","E","$","?","$","M","R","BOSS","M","?","?","?","?","R","M","E"],"build_version":"2019-01-23","purchased_purges":1,"victory":false,"max_hp_per_floor":[70,70,70,70,70,84,84,84,84,84,84,84,84,84,84,84,84,84,84,84,84,84,84,84,84],"card_choices":[{"not_picked":["Deflect","Footwork"],"picked":"Finisher","floor":1},{"not_picked":["Well Laid Plans","Prepared"],"picked":"Blade Dance","floor":2},{"not_picked":["Bane","Deadly Poison"],"picked":"Quick Slash","floor":3},{"not_picked":["Bouncing Flask","Underhanded Strike","Dodge and Roll"],"picked":"SKIP","floor":4},{"not_picked":["Tactician","Deadly Poison"],"picked":"Dash","floor":5},{"not_picked":["Distraction","All Out Attack"],"picked":"Quick Slash","floor":6},{"not_picked":["Dagger Spray","PiercingWail"],"picked":"Outmaneuver","floor":10},{"not_picked":["Distraction","Slice"],"picked":"Envenom","floor":14},{"not_picked":["Backflip","Footwork"],"picked":"Infinite Blades+1","floor":18},{"not_picked":["PiercingWail","Prepared","Acrobatics+1"],"picked":"SKIP","floor":24}],"player_experience":109923,"relics_obtained":[{"floor":6,"key":"Mango"},{"floor":6,"key":"Pantograph"},{"floor":9,"key":"Whetstone"},{"floor":10,"key":"Bronze Scales"},{"floor":10,"key":"Paper Crane"}],"event_choices":[{"damage_healed":0,"gold_gain":0,"player_choice":"Entered Light","damage_taken":17,"max_hp_gain":0,"max_hp_loss":0,"event_name":"Shining Light","floor":8,"gold_loss":0,"cards_upgraded":["Quick Slash","Strike_G"]},{"cards_removed":["Strike_G"],"damage_healed":0,"gold_gain":0,"player_choice":"Offered Basic","damage_taken":0,"max_hp_gain":0,"max_hp_loss":0,"event_name":"Bonfire Elementals","floor":12,"gold_loss":0},{"damage_healed":0,"gold_gain":0,"player_choice":"Obtained Relic","damage_taken":0,"relics_obtained":["Oddly Smooth Stone"],"max_hp_gain":0,"max_hp_loss":0,"event_name":"Addict","floor":19,"gold_loss":85},{"damage_healed":0,"gold_gain":0,"player_choice":"Traded Relic","damage_taken":0,"relics_obtained":["Nloth\u0027s Gift"],"max_hp_gain":0,"max_hp_loss":0,"event_name":"N\u0027loth","floor":20,"relics_lost":["Eternal Feather"],"gold_loss":0},{"damage_healed":0,"gold_gain":0,"player_choice":"Leave","damage_taken":0,"max_hp_gain":0,"max_hp_loss":0,"event_name":"FaceTrader","floor":21,"gold_loss":0},{"damage_healed":0,"gold_gain":0,"player_choice":"Read","damage_taken":0,"max_hp_gain":0,"max_hp_loss":0,"event_name":"The Library","floor":22,"gold_loss":0,"cards_obtained":["Infinite Blades"]}],"is_beta":false,"boss_relics":[{"not_picked":["Ectoplasm","HoveringKite"],"picked":"Eternal Feather"}],"items_purged_floors":[11],"is_endless":false,"potions_floor_spawned":[1,2,5,6,14,18],"killed_by":"Slavers","ascension_level":0}