{"gold_per_floor":[112,62,75,75,75,75,109,123,123,123,223,241,241,252,252,252],"floor_reached":16,"playtime":773,"items_purged":[],"score":150,"play_id":"a49fbdc1-bc44-4459-86a9-b9b4096ce23c","local_time":"20190626034050","is_ascension_mode":true,"campfire_choices":[{"data":"Malaise","floor":6,"key":"SMITH"},{"data":"1","floor":13,"key":"LIFT"},{"data":"2","floor":15,"key":"LIFT"}],"neow_cost":"NONE","seed_source_timestamp":99882625960140,"circlet_count":0,"master_deck":["AscendersBane","Strike_G","Strike_G","Strike_G","Strike_G","Defend_G","Defend_G","Defend_G","Defend_G","Survivor","Neutralize","Backflip","Malaise+1","Blur"],"relics":["Ring of the Snake","Bag of Marbles","Girya","Sundial"],"potions_floor_usage":[16,16],"damage_taken":[{"damage":0,"enemies":"Small Slimes","floor":1,"turns":3},{"damage":0,"enemies":"Cultist","floor":3,"turns":3},{"damage":29,"enemies":"3 Sentries","floor":7,"turns":14},{"damage":0,"enemies":"2 Louse","floor":8,"turns":3},{"damage":4,"enemies":"2 Fungi Beasts","floor":12,"turns":7},{"damage":2,"enemies":"Looter","floor":14,"turns":4},{"damage":23,"enemies":"Slime Boss","floor":16,"turns":8}],"seed_played":"2828015216483155529","potions_obtained":[{"floor":12,"key":"LiquidBronze"},{"floor":14,"key":"Explosive Potion"}],"is_trial":false,"path_per_floor":["M","?","M","?","?","R","E","M","T","?","?","M","R","M","R","B"],"character_chosen":"THE_SILENT","items_purchased":[],"campfire_rested":0,"item_purchase_floors":[],"current_hp_per_floor":[63,63,63,56,56,56,27,27,27,27,27,23,23,21,21,0],"gold":252,"neow_bonus":"RANDOM_COMMON_RELIC","is_prod":false,"is_daily":false,"chose_seed":false,"campfire_upgraded":1,"win_rate":0,"timestamp":1561534850,"path_taken":["M","?","M","?","?","R","E","?","T","?","?","?","R","M","R","BOSS"],"build_version":"2019-06-24","purchased_purges":0,"victory":false,"max_hp_per_floor":[70,70,70,70,70,70,70,70,70,70,70,70,70,70,70,70],"card_choices":[{"not_picked":["Cloak And Dagger","Deflect"],"picked":"Backflip","floor":1},{"not_picked":["Poisoned Stab","Predator"],"picked":"Malaise","floor":3},{"not_picked":["Accuracy","Choke"],"picked":"Blur","floor":7},{"not_picked":["Eviscerate","Masterful Stab","Heel Hook"],"picked":"SKIP","floor":8},{"not_picked":["Outmaneuver","Catalyst","Leg Sweep"],"picked":"SKIP","floor":12},{"not_picked":["Flechettes","All Out Attack","Underhanded Strike"],"picked":"SKIP","floor":14}],"player_experience":657842,"relics_obtained":[{"floor":7,"key":"Girya"},{"floor":9,"key":"Sundial"}],"event_choices":[{"cards_removed":["Defend_G"],"damage_healed":0,"gold_gain":0,"player_choice":"Card Removal","damage_taken":0,"max_hp_gain":0,"max_hp_loss":0,"event_name":"The Cleric","floor":2,"gold_loss":50},{"cards_removed":["Strike_G"],"damage_healed":0,"gold_gain":0,"player_choice":"Card Removal","damage_taken":7,"max_hp_gain":0,"max_hp_loss":0,"event_name":"Golden Wing","floor":4,"gold_loss":0},{"damage_healed":0,"gold_gain":0,"player_choice":"Bought 0 Potions","damage_taken":0,"max_hp_gain":0,"max_hp_loss":0,"event_name":"The Woman in Blue","floor":5,"gold_loss":0},{"damage_healed":0,"gold_gain":0,"player_choice":"Ignored","damage_taken":0,"max_hp_gain":0,"max_hp_loss":0,"event_name":"Liars Game","floor":10,"gold_loss":0},{"damage_healed":0,"gold_gain":100,"player_choice":"Pray","damage_taken":0,"max_hp_gain":0,"max_hp_loss":0,"event_name":"Golden Shrine","floor":11,"gold_loss":0}],"is_beta":true,"boss_relics":[],"items_purged_floors":[],"is_endless":false,"potions_floor_spawned":[12,14],"killed_by":"Slime Boss","ascension_level":10}