{"gold_per_floor":[109,109,125,143,154,179,179,209,209,209,265,265,283,283,283,360,360,378,97,114,114,125,125,150,150,176,176,176,91,120,133,133,204,204,220,220,220,230,230,230],"floor_reached":40,"playtime":2234,"items_purged":[],"score":840,"play_id":"95ac0c47-2b26-416d-89a6-d0d5a08f895e","local_time":"20190702011751","is_ascension_mode":true,"campfire_choices":[{"data":"Streamline","floor":7,"key":"SMITH"},{"data":"Streamline","floor":10,"key":"SMITH"},{"data":"Hologram","floor":12,"key":"SMITH"},{"floor":15,"key":"REST"},{"data":"Dualcast","floor":23,"key":"SMITH"},{"floor":25,"key":"REST"},{"data":"Glacier","floor":27,"key":"SMITH"},{"floor":32,"key":"REST"}],"neow_cost":"NONE","seed_source_timestamp":21647600860183,"circlet_count":0,"master_deck":["AscendersBane","Strike_B","Strike_B","Defend_B+1","Defend_B","Zap+1","Dualcast+1","Hologram+1","Streamline+1","Ball Lightning","Streamline+1","FTL","Electrodynamics","Skim+1","Go for the Eyes+1","Glacier+1","Echo Form+1","Rebound","Reboot","Reinforced Body+1","Hello World+1","Reinforced Body+1","Static Discharge"],"relics":["Velvet Choker","Letter Opener","DataDisk","Meat on the Bone","Strawberry","Tiny Chest","Nuclear Battery","Ornamental Fan","Dream Catcher","War Paint","Pantograph","Bottled Flame","Astrolabe"],"potions_floor_usage":[6,8,24,33,38,40],"damage_taken":[{"damage":12,"enemies":"Jaw Worm","floor":1,"turns":3},{"damage":0,"enemies":"Cultist","floor":3,"turns":4},{"damage":0,"enemies":"2 Louse","floor":4,"turns":2},{"damage":8,"enemies":"Blue Slaver","floor":5,"turns":4},{"damage":12,"enemies":"Gremlin Nob","floor":6,"turns":3},{"damage":22,"enemies":"3 Sentries","floor":8,"turns":7},{"damage":8,"enemies":"Gremlin Nob","floor":11,"turns":3},{"damage":9,"enemies":"Red Slaver","floor":13,"turns":2},{"damage":40,"enemies":"Hexaghost","floor":16,"turns":7},{"damage":13,"enemies":"3 Byrds","floor":18,"turns":3},{"damage":11,"enemies":"2 Thieves","floor":20,"turns":2},{"damage":9,"enemies":"Snake Plant","floor":22,"turns":3},{"damage":23,"enemies":"Book of Stabbing","floor":24,"turns":4},{"damage":16,"enemies":"Slavers","floor":30,"turns":2},{"damage":13,"enemies":"Centurion and Healer","floor":31,"turns":5},{"damage":38,"enemies":"Automaton","floor":33,"turns":8},{"damage":0,"enemies":"Orb Walker","floor":35,"turns":5},{"damage":9,"enemies":"3 Darklings","floor":38,"turns":5},{"damage":84,"enemies":"Giant Head","floor":40,"turns":8}],"seed_played":"-8923590126365356084","potions_obtained":[{"floor":1,"key":"PowerPotion"},{"floor":4,"key":"Poison Potion"},{"floor":5,"key":"Regen Potion"},{"floor":11,"key":"Fire Potion"},{"floor":18,"key":"SteroidPotion"},{"floor":31,"key":"SpeedPotion"},{"floor":33,"key":"Poison Potion"},{"floor":38,"key":"Swift Potion"}],"is_trial":false,"path_per_floor":["M","?","M","M","M","E","R","E","T","R","E","R","M","?","R","B",null,"M","$","M","?","M","R","E","R","T","R","?","?","E","M","R","B",null,"M","?","?","M","?","E"],"character_chosen":"DEFECT","items_purchased":["Ornamental Fan"],"campfire_rested":3,"item_purchase_floors":[19],"current_hp_per_floor":[52,52,52,52,44,32,32,25,32,32,36,36,39,44,68,40,72,59,59,48,48,51,51,40,64,64,64,64,64,48,47,71,45,74,74,74,74,65,65,0],"gold":230,"neow_bonus":"BOSS_RELIC","is_prod":false,"is_daily":false,"chose_seed":false,"campfire_upgraded":5,"win_rate":0,"timestamp":1562044671,"path_taken":["M","?","M","M","?","E","R","E","T","R","E","R","M","?","R","BOSS","M","$","M","?","?","R","E","R","T","R","?","?","E","M","R","BOSS","M","?","?","?","?","E"],"build_version":"2019-06-30","purchased_purges":0,"victory":false,"max_hp_per_floor":[71,71,71,71,71,71,71,71,78,78,78,78,78,83,83,83,83,83,83,83,83,83,83,83,83,83,83,83,83,83,83,83,83,83,83,83,83,83,83,83],"card_choices":[{"not_picked":["Reprogram","Sweeping Beam"],"picked":"Hologram","floor":1},{"not_picked":["Fusion","Compile Driver"],"picked":"Streamline","floor":3},{"not_picked":["Scrape","Conserve Battery"],"picked":"Ball Lightning","floor":4},{"not_picked":["Redo","Undo"],"picked":"Streamline","floor":5},{"not_picked":["Aggregate","Doom and Gloom","Meteor Strike"],"picked":"SKIP","floor":6},{"not_picked":["Reprogram","Streamline"],"picked":"FTL","floor":8},{"not_picked":["Steam Power","Turbo","Barrage"],"picked":"SKIP","floor":11},{"not_picked":["Turbo","Streamline","Darkness"],"picked":"SKIP","floor":13},{"not_picked":["Biased Cognition","All For One"],"picked":"Electrodynamics","floor":16},{"not_picked":["Barrage","Scrape+1"],"picked":"Skim","floor":18},{"not_picked":["Tempest","Double Energy","Sweeping Beam"],"picked":"SKIP","floor":20},{"not_picked":["Defragment","Conserve Battery+1"],"picked":"Go for the Eyes+1","floor":22},{"not_picked":["Ball Lightning","Go for the Eyes","Compile Driver"],"picked":"SKIP","floor":24},{"not_picked":["Hello World","Skim"],"picked":"Glacier","floor":25},{"not_picked":["Beam Cell","Darkness"],"picked":"Echo Form","floor":30},{"not_picked":["Redo","Chill"],"picked":"Rebound","floor":31},{"not_picked":["All For One","Core Surge"],"picked":"Reboot","floor":33},{"not_picked":["Recycle","Turbo","Cold Snap"],"picked":"SKIP","floor":35},{"not_picked":["Self Repair","Leap"],"picked":"Static Discharge","floor":38}],"player_experience":674464,"relics_obtained":[{"floor":6,"key":"DataDisk"},{"floor":8,"key":"Meat on the Bone"},{"floor":9,"key":"Strawberry"},{"floor":11,"key":"Tiny Chest"},{"floor":24,"key":"Dream Catcher"},{"floor":26,"key":"War Paint"},{"floor":30,"key":"Bottled Flame"}],"event_choices":[{"damage_healed":0,"gold_gain":0,"player_choice":"Gave Potion","damage_taken":0,"relics_obtained":["Letter Opener"],"max_hp_gain":0,"max_hp_loss":0,"event_name":"WeMeetAgain","floor":2,"gold_loss":0},{"damage_healed":0,"gold_gain":0,"player_choice":"Donut","damage_taken":0,"max_hp_gain":5,"max_hp_loss":0,"event_name":"Big Fish","floor":14,"gold_loss":0},{"damage_healed":0,"gold_gain":0,"player_choice":"Upgraded","damage_taken":0,"max_hp_gain":0,"max_hp_loss":0,"event_name":"Upgrade Shrine","floor":21,"gold_loss":0,"cards_upgraded":["Skim"]},{"damage_healed":0,"gold_gain":0,"player_choice":"Ignored","damage_taken":0,"max_hp_gain":0,"max_hp_loss":0,"event_name":"Ghosts","floor":28,"gold_loss":0},{"damage_healed":0,"gold_gain":0,"player_choice":"Obtained Relic","damage_taken":0,"relics_obtained":["Pantograph"],"max_hp_gain":0,"max_hp_loss":0,"event_name":"Addict","floor":29,"gold_loss":85},{"cards_removed":["Defend_B"],"damage_healed":0,"gold_gain":0,"player_choice":"Removed Skill","damage_taken":0,"max_hp_gain":0,"max_hp_loss":0,"event_name":"Falling","floor":36,"gold_loss":0},{"damage_healed":0,"gold_gain":0,"player_choice":"Upgraded","damage_taken":0,"max_hp_gain":0,"max_hp_loss":0,"event_name":"Upgrade Shrine","floor":37,"gold_loss":0,"cards_upgraded":["Echo Form"]},{"damage_healed":0,"gold_gain":0,"player_choice":"Ignored","damage_taken":0,"max_hp_gain":0,"max_hp_loss":0,"event_name":"Tomb of Lord Red Mask","floor":39,"gold_loss":0}],"is_beta":true,"boss_relics":[{"not_picked":["Busted Crown","Runic Dome"],"picked":"Nuclear Battery"},{"not_picked":["Orrery","Tiny House"],"picked":"Astrolabe"}],"items_purged_floors":[],"is_endless":false,"potions_floor_spawned":[1,4,5,11,18,22,31,33,38],"killed_by":"Giant Head","ascension_level":18}