{"gold_per_floor":[11,24,24,45,10,53,76,76],"floor_reached":8,"playtime":517,"items_purged":[],"score":58,"play_id":"900556d9-abd8-4547-a2da-86d908871481","local_time":"20190703225303","is_ascension_mode":false,"campfire_choices":[],"neow_cost":"NO_GOLD","seed_source_timestamp":265668093823839,"circlet_count":0,"master_deck":["Strike_G","Strike_G","Strike_G","Strike_G","Strike_G","Defend_G","Defend_G","Defend_G","Defend_G","Defend_G","Survivor","Neutralize","Purity","Purity","Backflip","Dagger Spray","Injury","Flying Knee","Slice","Infinite Blades"],"relics":["Ring of the Snake","Golden Idol","Snake Skull"],"potions_floor_usage":[6,8],"damage_taken":[{"damage":2,"enemies":"Small Slimes","floor":1,"turns":4},{"damage":0,"enemies":"Cultist","floor":2,"turns":5},{"damage":1,"enemies":"2 Louse","floor":4,"turns":2},{"damage":18,"enemies":"3 Sentries","floor":6,"turns":11},{"damage":14,"enemies":"Blue Slaver","floor":7,"turns":6},{"damage":41,"enemies":"Gremlin Nob","floor":8,"turns":4}],"seed_played":"-1930670901385159135","potions_obtained":[{"floor":2,"key":"Swift Potion"},{"floor":6,"key":"PowerPotion"}],"is_trial":false,"path_per_floor":["M","M","?","M","?","E","M","E"],"character_chosen":"THE_SILENT","items_purchased":[],"campfire_rested":0,"item_purchase_floors":[],"current_hp_per_floor":[68,68,68,67,70,52,38,0],"gold":76,"neow_bonus":"RANDOM_COLORLESS_2","is_prod":false,"is_daily":false,"chose_seed":false,"campfire_upgraded":0,"win_rate":0.0,"timestamp":1562205183,"path_taken":["M","M","?","M","?","E","M","E"],"build_version":"2019-07-01","purchased_purges":0,"victory":false,"max_hp_per_floor":[70,70,70,70,70,70,70,70],"card_choices":[{"not_picked":["Dagger Spray","Poisoned Stab"],"picked":"Backflip","floor":1},{"not_picked":["Masterful Stab","Backflip"],"picked":"Dagger Spray","floor":2},{"not_picked":["Heel Hook","Riddle With Holes"],"picked":"Flying Knee","floor":4},{"not_picked":["Wraith Form v2","Distraction"],"picked":"Slice","floor":6},{"not_picked":["Sucker Punch","Dash"],"picked":"Infinite Blades","floor":7}],"player_experience":38094,"relics_obtained":[{"floor":6,"key":"Snake Skull"}],"event_choices":[{"damage_healed":0,"gold_gain":0,"player_choice":"Take Wound","damage_taken":0,"relics_obtained":["Golden Idol"],"max_hp_gain":0,"max_hp_loss":0,"event_name":"Golden Idol","floor":3,"gold_loss":0,"cards_obtained":["Injury"]},{"damage_healed":17,"gold_gain":0,"player_choice":"Healed","damage_taken":0,"max_hp_gain":0,"max_hp_loss":0,"event_name":"The Cleric","floor":5,"gold_loss":35}],"is_beta":false,"boss_relics":[],"items_purged_floors":[],"is_endless":false,"potions_floor_spawned":[2,6],"killed_by":"Gremlin Nob","ascension_level":0}