{"gold_per_floor":[116,37,37,56,67,102,102,128,128,147,147,147,161,179,179,308,308,328,428,447,462,387,387,428,428,451,491,21,21,56,70,70,70],"floor_reached":33,"playtime":1611,"items_purged":["Strike_R"],"score":362,"play_id":"e166a7eb-5d9f-4e9d-9b0a-b7e5653b35ce","local_time":"20190708120646","is_ascension_mode":true,"campfire_choices":[{"data":"Double Tap","floor":7,"key":"SMITH"},{"data":"Armaments","floor":12,"key":"SMITH"},{"data":"Power Through","floor":15,"key":"SMITH"},{"data":"Immolate","floor":23,"key":"SMITH"},{"floor":29,"key":"REST"},{"floor":32,"key":"REST"}],"neow_cost":"NONE","seed_source_timestamp":840774096300300,"circlet_count":0,"master_deck":["Strike_R","Strike_R","Strike_R","Defend_R","Defend_R","Defend_R","Defend_R","Bash","Trip","Armaments+1","Feel No Pain","Infernal Blade","Warcry","Double Tap+1","Disarm","Pommel Strike","Pommel Strike","Power Through+1","Immolate+1","Uppercut","Anger+1","Intimidate","Hemokinesis"],"relics":["Burning Blood","Turnip","Pantograph","Pear","Golden Idol","Busted Crown","Bottled Flame","Blood Vial","Letter Opener","Lantern","Mercury Hourglass","Oddly Smooth Stone"],"potions_floor_usage":[6,6,16,16,24,30],"damage_taken":[{"damage":1,"enemies":"Cultist","floor":1,"turns":3},{"damage":3,"enemies":"2 Louse","floor":4,"turns":2},{"damage":2,"enemies":"Jaw Worm","floor":5,"turns":3},{"damage":32,"enemies":"Lagavulin","floor":6,"turns":10},{"damage":35,"enemies":"Gremlin Nob","floor":8,"turns":4},{"damage":9,"enemies":"3 Louse","floor":10,"turns":4},{"damage":9,"enemies":"Red Slaver","floor":13,"turns":3},{"damage":0,"enemies":"Large Slime","floor":14,"turns":4},{"damage":40,"enemies":"The Guardian","floor":16,"turns":12},{"damage":7,"enemies":"Chosen","floor":18,"turns":6},{"damage":26,"enemies":"3 Byrds","floor":20,"turns":6},{"damage":20,"enemies":"Shelled Parasite and Fungi","floor":21,"turns":4},{"damage":45,"enemies":"Gremlin Leader","floor":24,"turns":6},{"damage":33,"enemies":"Slavers","floor":27,"turns":7},{"damage":16,"enemies":"Book of Stabbing","floor":30,"turns":4},{"damage":17,"enemies":"Centurion and Healer","floor":31,"turns":4},{"damage":69,"enemies":"Automaton","floor":33,"turns":10}],"seed_played":"7904415428181592346","potions_obtained":[{"floor":4,"key":"Ancient Potion"},{"floor":5,"key":"EssenceOfSteel"},{"floor":6,"key":"Ancient Potion"},{"floor":13,"key":"Block Potion"},{"floor":20,"key":"Fire Potion"},{"floor":27,"key":"SpeedPotion"}],"is_trial":false,"path_per_floor":["M","$","?","M","M","E","R","E","T","M","?","R","M","M","R","B",null,"M","?","M","M","?","R","E","?","T","E","$","R","E","M","R","B"],"character_chosen":"IRONCLAD","items_purchased":["Feel No Pain","Lantern","Mercury Hourglass"],"campfire_rested":2,"item_purchase_floors":[2,28,28],"current_hp_per_floor":[80,80,80,80,80,54,54,25,35,32,32,32,29,35,35,26,83,82,82,62,48,48,48,9,36,36,11,11,35,27,18,42,0],"gold":70,"neow_bonus":"RANDOM_COLORLESS","is_prod":false,"is_daily":false,"chose_seed":false,"campfire_upgraded":4,"win_rate":0,"timestamp":1562602006,"path_taken":["M","?","?","M","M","E","R","E","T","M","?","R","M","?","R","BOSS","M","?","M","?","?","R","E","?","T","E","$","R","E","M","R","BOSS"],"build_version":"2019-01-23","purchased_purges":1,"victory":false,"max_hp_per_floor":[80,80,80,80,80,80,80,80,90,90,83,83,83,83,83,83,83,83,83,83,83,83,83,83,83,83,83,83,83,83,83,83,83],"card_choices":[{"not_picked":["Flex","Sword Boomerang"],"picked":"Armaments","floor":1},{"not_picked":["Clash","Perfected Strike"],"picked":"Infernal Blade","floor":4},{"not_picked":["Iron Wave","Wild Strike"],"picked":"Warcry","floor":5},{"not_picked":["Hemokinesis","Armaments"],"picked":"Double Tap","floor":6},{"not_picked":["Pommel Strike","Reckless Charge"],"picked":"Disarm","floor":8},{"not_picked":["Warcry","Hemokinesis"],"picked":"Pommel Strike","floor":10},{"not_picked":["Twin Strike","Perfected Strike"],"picked":"Pommel Strike","floor":13},{"not_picked":["Intimidate","Shrug It Off"],"picked":"Power Through","floor":14},{"not_picked":["Impervious","Feed"],"picked":"Immolate","floor":16},{"not_picked":[],"picked":"Uppercut","floor":18},{"not_picked":[],"picked":"Anger+1","floor":20},{"not_picked":["Fire Breathing+1"],"picked":"SKIP","floor":21},{"not_picked":["Reckless Charge"],"picked":"SKIP","floor":24},{"not_picked":["Reckless Charge"],"picked":"SKIP","floor":27},{"not_picked":[],"picked":"Intimidate","floor":30},{"not_picked":[],"picked":"Hemokinesis","floor":31}],"player_experience":171032,"relics_obtained":[{"floor":6,"key":"Turnip"},{"floor":8,"key":"Pantograph"},{"floor":9,"key":"Pear"},{"floor":24,"key":"Bottled Flame"},{"floor":26,"key":"Blood Vial"},{"floor":27,"key":"Letter Opener"},{"floor":30,"key":"Oddly Smooth Stone"}],"event_choices":[{"damage_healed":0,"gold_gain":0,"player_choice":"Ignored","damage_taken":0,"max_hp_gain":0,"max_hp_loss":0,"event_name":"Liars Game","floor":3,"gold_loss":0},{"damage_healed":0,"gold_gain":0,"player_choice":"Lose Max HP","damage_taken":0,"relics_obtained":["Golden Idol"],"max_hp_gain":0,"max_hp_loss":7,"event_name":"Golden Idol","floor":11,"gold_loss":0},{"damage_healed":0,"gold_gain":100,"player_choice":"Pray","damage_taken":0,"max_hp_gain":0,"max_hp_loss":0,"event_name":"Golden Shrine","floor":19,"gold_loss":0},{"cards_removed":["Strike_R"],"damage_healed":0,"gold_gain":0,"player_choice":"Gave Gold","damage_taken":0,"max_hp_gain":0,"max_hp_loss":0,"event_name":"Beggar","floor":22,"gold_loss":75},{"damage_healed":27,"gold_gain":0,"player_choice":"Heal","damage_taken":0,"max_hp_gain":0,"max_hp_loss":0,"event_name":"The Library","floor":25,"gold_loss":0}],"is_beta":false,"boss_relics":[{"not_picked":["Calling Bell","Snecko Eye"],"picked":"Busted Crown"}],"items_purged_floors":[28],"is_endless":false,"potions_floor_spawned":[4,5,6,13,20,27],"killed_by":"Automaton","ascension_level":3}