{"gold_per_floor":[115,18,28,47,64,89,89,106,106,106,120,137,137,212,212,212],"floor_reached":16,"playtime":542,"items_purged":["Strike_R"],"score":120,"play_id":"567fed34-e106-445d-b2db-e50ebca4c145","local_time":"20190708135250","is_ascension_mode":true,"campfire_choices":[{"data":"Flame Barrier","floor":7,"key":"SMITH"},{"data":"Power Through","floor":13,"key":"SMITH"},{"floor":15,"key":"REST"}],"neow_cost":"NONE","seed_source_timestamp":848213885082800,"circlet_count":0,"master_deck":["Strike_R","Strike_R","Strike_R+1","Strike_R+1","Defend_R","Defend_R","Defend_R","Defend_R","Bash","Cleave","Armaments","Shrug It Off","Flame Barrier+1","Flame Barrier","Seeing Red","Pummel","Pommel Strike","Power Through+1"],"relics":["Burning Blood","NeowsBlessing","Potion Belt","Lantern","Whetstone"],"potions_floor_usage":[6,6,16],"damage_taken":[{"damage":0,"enemies":"Cultist","floor":1,"turns":1},{"damage":0,"enemies":"Small Slimes","floor":3,"turns":1},{"damage":0,"enemies":"2 Louse","floor":4,"turns":1},{"damage":4,"enemies":"Blue Slaver","floor":5,"turns":6},{"damage":71,"enemies":"Lagavulin","floor":6,"turns":17},{"damage":11,"enemies":"Large Slime","floor":8,"turns":9},{"damage":0,"enemies":"3 Louse","floor":11,"turns":4},{"damage":0,"enemies":"Looter","floor":12,"turns":3},{"damage":35,"enemies":"Slime Boss","floor":16,"turns":13}],"seed_played":"1268736436159439626","potions_obtained":[{"floor":1,"key":"Block Potion"},{"floor":3,"key":"Swift Potion"},{"floor":8,"key":"Strength Potion"}],"is_trial":false,"path_per_floor":["M","$","M","M","M","E","R","M","T","T","M","M","R","?","R","B"],"character_chosen":"IRONCLAD","items_purchased":["Armaments"],"campfire_rested":1,"item_purchase_floors":[2],"current_hp_per_floor":[80,80,80,80,80,15,15,10,10,10,16,22,22,11,35,0],"gold":212,"neow_bonus":"THREE_ENEMY_KILL","is_prod":false,"is_daily":false,"chose_seed":false,"campfire_upgraded":2,"win_rate":0,"timestamp":1562608370,"path_taken":["M","?","?","M","M","E","R","?","T","?","M","M","R","?","R","BOSS"],"build_version":"2019-01-23","purchased_purges":1,"victory":false,"max_hp_per_floor":[80,80,80,80,80,80,80,80,80,80,80,80,80,80,80,80],"card_choices":[{"not_picked":["Dropkick","Pommel Strike"],"picked":"Cleave","floor":1},{"not_picked":["Pommel Strike","Anger"],"picked":"Shrug It Off","floor":3},{"not_picked":["Whirlwind","Perfected Strike"],"picked":"Flame Barrier","floor":4},{"not_picked":["Shrug It Off","Armaments"],"picked":"Flame Barrier","floor":5},{"not_picked":["Burning Pact","Flex"],"picked":"Seeing Red","floor":6},{"not_picked":["Heavy Blade","Rampage"],"picked":"Pummel","floor":8},{"not_picked":["Juggernaut","Clothesline"],"picked":"Pommel Strike","floor":11},{"not_picked":["Warcry","Twin Strike"],"picked":"Power Through","floor":12}],"player_experience":177431,"relics_obtained":[{"floor":6,"key":"Potion Belt"},{"floor":9,"key":"Lantern"},{"floor":10,"key":"Whetstone"}],"event_choices":[{"damage_healed":0,"gold_gain":75,"player_choice":"Gather Gold","damage_taken":11,"max_hp_gain":0,"max_hp_loss":0,"event_name":"World of Goop","floor":14,"gold_loss":0}],"is_beta":false,"boss_relics":[],"items_purged_floors":[2],"is_endless":false,"potions_floor_spawned":[1,3,8],"killed_by":"Slime Boss","ascension_level":3}