{"gold_per_floor":[115,40,215,165,191,223,123,157,230,230,230,247,279,293,293,293],"floor_reached":16,"playtime":638,"items_purged":["Defend_G","Strike_G"],"score":257,"play_id":"1d59d55a-ef5a-4278-a085-31697bae02e9","local_time":"20190709003900","is_ascension_mode":true,"campfire_choices":[{"data":"Backflip","floor":10,"key":"SMITH"},{"floor":15,"key":"REST"}],"neow_cost":"NONE","seed_source_timestamp":324763463738674,"circlet_count":0,"master_deck":["AscendersBane","Strike_G","Strike_G","Strike_G","Strike_G","Defend_G","Defend_G","Defend_G","Survivor","Neutralize","Backflip+1","Bullet Time","Finisher","Well Laid Plans"],"relics":["Ring of the Snake","NeowsBlessing","Centennial Puzzle","Mercury Hourglass","Incense Burner","Darkstone Periapt","PreservedInsect"],"potions_floor_usage":[],"damage_taken":[{"damage":0,"enemies":"Small Slimes","floor":1,"turns":1},{"damage":0,"enemies":"Lagavulin","floor":6,"turns":1},{"damage":0,"enemies":"3 Sentries","floor":8,"turns":1},{"damage":0,"enemies":"Jaw Worm","floor":12,"turns":3},{"damage":24,"enemies":"Lagavulin","floor":13,"turns":6},{"damage":0,"enemies":"2 Louse","floor":14,"turns":2},{"damage":52,"enemies":"The Guardian","floor":16,"turns":16}],"seed_played":"1493022289010954155","potions_obtained":[{"floor":6,"key":"Explosive Potion"}],"is_trial":false,"path_per_floor":["M","$","?","?","T","E","$","E","T","R","?","M","E","M","R","B"],"character_chosen":"THE_SILENT","items_purchased":[],"campfire_rested":1,"item_purchase_floors":[],"current_hp_per_floor":[63,63,63,63,63,63,63,63,63,63,63,63,39,39,60,8],"gold":293,"neow_bonus":"THREE_ENEMY_KILL","is_prod":false,"is_daily":false,"chose_seed":false,"campfire_upgraded":1,"win_rate":0,"timestamp":1562647140,"path_taken":["M","$","?","?","?","E","$","E","T","R","?","?","E","M","R","BOSS"],"build_version":"2019-07-03","purchased_purges":2,"victory":false,"max_hp_per_floor":[70,70,70,70,70,70,70,70,70,70,70,70,70,70,70,70],"card_choices":[{"not_picked":["Blade Dance","Cloak And Dagger"],"picked":"Backflip","floor":1},{"not_picked":["Accuracy","Caltrops"],"picked":"Bullet Time","floor":6},{"not_picked":["Dagger Spray","Quick Slash","Expertise"],"picked":"SKIP","floor":8},{"not_picked":["Heel Hook","Deflect"],"picked":"Finisher","floor":12},{"not_picked":["Sucker Punch","Cloak And Dagger"],"picked":"Well Laid Plans","floor":13},{"not_picked":["PiercingWail","Deadly Poison","Acrobatics"],"picked":"SKIP","floor":14}],"player_experience":718790,"relics_obtained":[{"floor":5,"key":"Centennial Puzzle"},{"floor":6,"key":"Mercury Hourglass"},{"floor":8,"key":"Incense Burner"},{"floor":9,"key":"Darkstone Periapt"},{"floor":13,"key":"PreservedInsect"}],"event_choices":[{"damage_healed":0,"gold_gain":175,"player_choice":"AGREE","damage_taken":0,"max_hp_gain":0,"max_hp_loss":0,"event_name":"Liars Game","floor":3,"gold_loss":0,"cards_obtained":["Doubt"]},{"cards_removed":["Doubt"],"damage_healed":0,"gold_gain":0,"player_choice":"Card Removal","damage_taken":0,"max_hp_gain":0,"max_hp_loss":0,"event_name":"The Cleric","floor":4,"gold_loss":50},{"cards_removed":["Defend_G"],"damage_healed":0,"gold_gain":0,"player_choice":"Offered Basic","damage_taken":0,"max_hp_gain":0,"max_hp_loss":0,"event_name":"Bonfire Elementals","floor":11,"gold_loss":0}],"is_beta":true,"boss_relics":[],"items_purged_floors":[2,7],"is_endless":false,"potions_floor_spawned":[6],"killed_by":"The Guardian","ascension_level":11}