{"gold_per_floor":[211,231,53,228,88,106,131,131,131,157,157,171,171,189,189,310,310,310,310,101,101,101,101,101,101,101,101,101,101,101,23,23,23,23,23,23,23,23,23,23,23,23,23,23,23,23,23,23,23,23],"floor_reached":50,"playtime":1805,"items_purged":["Strike_R","Doubt"],"score":759,"play_id":"0672c0a8-3447-4d6a-bfc4-9fb1afdbab6a","local_time":"20190709152609","is_ascension_mode":true,"campfire_choices":[{"data":"Shrug It Off","floor":8,"key":"SMITH"},{"data":"Flex","floor":13,"key":"SMITH"},{"data":"Rage","floor":15,"key":"SMITH"},{"data":"Juggernaut","floor":23,"key":"SMITH"},{"data":"True Grit","floor":25,"key":"SMITH"},{"floor":32,"key":"REST"},{"data":"Double Tap","floor":40,"key":"SMITH"},{"floor":42,"key":"REST"},{"data":"Flex","floor":45,"key":"SMITH"},{"floor":49,"key":"REST"}],"neow_cost":"NONE","seed_source_timestamp":938947763634000,"circlet_count":0,"master_deck":["Strike_R+1","Strike_R+1","Strike_R+1","Strike_R+1","Defend_R+1","Defend_R+1","Defend_R+1","Defend_R+1","Bash","Flex+1","Rage+1","Clash","Shrug It Off+1","Spot Weakness","Clash+1","Battle Trance","Body Slam","Headbutt+1","Headbutt","Juggernaut+1","Clash","Metallicize","Shrug It Off","True Grit+1","Corruption+1","Rage+1","Flex+1","Headbutt","Double Tap+1","Headbutt","Rage+1","Seeing Red+1","Clash+1","Entrench+1"],"relics":["Burning Blood","Kunai","Self Forming Clay","Potion Belt","Golden Idol","Ectoplasm","Happy Flower","Blue Candle","Whetstone","PreservedInsect","Unceasing Top","Runic Pyramid","Girya","Mummified Hand","Oddly Smooth Stone","Sundial"],"potions_floor_usage":[7,18,18,24,24,30,39,46,48,50],"damage_taken":[{"damage":4,"enemies":"2 Louse","floor":1,"turns":5},{"damage":0,"enemies":"Small Slimes","floor":2,"turns":3},{"damage":6,"enemies":"Jaw Worm","floor":6,"turns":3},{"damage":47,"enemies":"Lagavulin","floor":7,"turns":8},{"damage":16,"enemies":"Gremlin Nob","floor":10,"turns":4},{"damage":7,"enemies":"Blue Slaver","floor":12,"turns":2},{"damage":8,"enemies":"Large Slime","floor":14,"turns":3},{"damage":14,"enemies":"The Guardian","floor":16,"turns":8},{"damage":7,"enemies":"3 Byrds","floor":18,"turns":4},{"damage":0,"enemies":"Spheric Guardian","floor":19,"turns":1},{"damage":12,"enemies":"Slavers","floor":24,"turns":4},{"damage":29,"enemies":"Gremlin Leader","floor":28,"turns":7},{"damage":17,"enemies":"Book of Stabbing","floor":30,"turns":4},{"damage":37,"enemies":"Collector","floor":33,"turns":10},{"damage":41,"enemies":"3 Darklings","floor":35,"turns":5},{"damage":12,"enemies":"3 Shapes","floor":36,"turns":4},{"damage":0,"enemies":"Sphere and 2 Shapes","floor":38,"turns":3},{"damage":10,"enemies":"3 Darklings","floor":39,"turns":2},{"damage":22,"enemies":"Nemesis","floor":41,"turns":5},{"damage":0,"enemies":"Reptomancer","floor":44,"turns":2},{"damage":7,"enemies":"Writhing Mass","floor":46,"turns":2},{"damage":11,"enemies":"4 Shapes","floor":48,"turns":3},{"damage":105,"enemies":"Awakened One","floor":50,"turns":5}],"seed_played":"-5706005856045107023","potions_obtained":[{"floor":6,"key":"BloodPotion"},{"floor":12,"key":"Energy Potion"},{"floor":16,"key":"EssenceOfSteel"},{"floor":18,"key":"Weak Potion"},{"floor":19,"key":"SteroidPotion"},{"floor":28,"key":"AttackPotion"},{"floor":36,"key":"SkillPotion"},{"floor":39,"key":"Explosive Potion"},{"floor":44,"key":"LiquidBronze"},{"floor":46,"key":"Poison Potion"},{"floor":48,"key":"Fruit Juice"}],"is_trial":false,"path_per_floor":["M","M","$","?","$","M","E","R","T","E","?","M","R","M","R","B",null,"M","M","$","?","?","R","E","R","T","$","E","?","E","$","R","B",null,"M","M","$","M","M","R","E","R","T","E","R","M","?","M","R","B"],"character_chosen":"IRONCLAD","items_purchased":["Clash","Shrug It Off","Spot Weakness","Happy Flower","Shrug It Off","Flex","Headbutt"],"campfire_rested":3,"item_purchase_floors":[3,3,5,20,20,31,31],"current_hp_per_floor":[80,80,80,80,80,80,47,47,47,37,37,36,36,34,34,26,74,73,74,74,74,74,74,68,68,68,68,45,45,34,34,56,25,74,39,33,33,39,35,35,19,41,41,47,47,46,46,41,63,0],"gold":23,"neow_bonus":"HUNDRED_GOLD","is_prod":false,"is_daily":false,"chose_seed":false,"campfire_upgraded":7,"win_rate":0,"timestamp":1562700369,"path_taken":["M","M","$","?","$","M","E","R","T","E","?","M","R","?","R","BOSS","M","M","$","?","?","R","E","R","T","$","E","?","E","$","R","BOSS","M","M","$","M","M","R","E","R","T","E","R","?","?","?","R","BOSS"],"build_version":"2019-01-23","purchased_purges":2,"victory":false,"max_hp_per_floor":[80,80,80,80,80,80,80,80,80,80,74,74,74,74,74,74,74,74,74,74,74,74,74,74,74,74,74,74,74,74,74,74,74,74,74,74,74,74,74,74,74,74,74,74,74,74,74,74,74,79],"card_choices":[{"not_picked":["Havoc","Twin Strike"],"picked":"Flex","floor":1},{"not_picked":["Body Slam","Rupture"],"picked":"Rage","floor":2},{"not_picked":["Intimidate","Sword Boomerang"],"picked":"Clash","floor":6},{"not_picked":["Offering","Heavy Blade"],"picked":"Battle Trance","floor":7},{"not_picked":["Perfected Strike","Reckless Charge"],"picked":"Body Slam","floor":10},{"not_picked":["Uppercut","Pommel Strike"],"picked":"Headbutt","floor":12},{"not_picked":["Pommel Strike","Body Slam"],"picked":"Headbutt","floor":14},{"not_picked":["Berserk","Exhume"],"picked":"Juggernaut","floor":16},{"not_picked":["Sever Soul","Metallicize+1"],"picked":"Clash","floor":18},{"not_picked":["Wild Strike","Warcry"],"picked":"Metallicize","floor":19},{"not_picked":["Heavy Blade","Twin Strike"],"picked":"True Grit","floor":24},{"not_picked":["Rupture","Intimidate"],"picked":"Corruption+1","floor":28},{"not_picked":["Blood for Blood","Dropkick","Heavy Blade"],"picked":"SKIP","floor":30},{"not_picked":["Exhume","Reaper"],"picked":"Double Tap","floor":33},{"not_picked":["Warcry+1","Twin Strike"],"picked":"Headbutt","floor":35},{"not_picked":["Iron Wave+1","Hemokinesis+1"],"picked":"Rage+1","floor":36},{"not_picked":["Havoc+1","Flex"],"picked":"Seeing Red+1","floor":38},{"not_picked":["Shockwave","Pommel Strike","Iron Wave+1"],"picked":"SKIP","floor":39},{"not_picked":["Uppercut","Burning Pact"],"picked":"Clash+1","floor":41},{"not_picked":["Evolve","Shockwave","Spot Weakness"],"picked":"SKIP","floor":44},{"not_picked":["Heavy Blade","Flex"],"picked":"Entrench+1","floor":46},{"not_picked":["Carnage+1","Iron Wave","Uppercut+1"],"picked":"SKIP","floor":48}],"player_experience":194189,"relics_obtained":[{"floor":7,"key":"Kunai"},{"floor":9,"key":"Self Forming Clay"},{"floor":10,"key":"Potion Belt"},{"floor":24,"key":"Blue Candle"},{"floor":26,"key":"Whetstone"},{"floor":28,"key":"PreservedInsect"},{"floor":30,"key":"Unceasing Top"},{"floor":41,"key":"Girya"},{"floor":43,"key":"Mummified Hand"},{"floor":44,"key":"Oddly Smooth Stone"}],"event_choices":[{"damage_healed":0,"gold_gain":175,"player_choice":"AGREE","damage_taken":0,"max_hp_gain":0,"max_hp_loss":0,"event_name":"Liars Game","floor":4,"gold_loss":0,"cards_obtained":["Doubt"]},{"damage_healed":0,"gold_gain":0,"player_choice":"Lose Max HP","damage_taken":0,"relics_obtained":["Golden Idol"],"max_hp_gain":0,"max_hp_loss":6,"event_name":"Golden Idol","floor":11,"gold_loss":0},{"damage_healed":0,"gold_gain":0,"player_choice":"Ignored","damage_taken":0,"max_hp_gain":0,"max_hp_loss":0,"event_name":"Ghosts","floor":21,"gold_loss":0},{"damage_healed":0,"gold_gain":0,"player_choice":"Simplicity","damage_taken":0,"max_hp_gain":0,"max_hp_loss":0,"event_name":"Back to Basics","floor":22,"gold_loss":0,"cards_upgraded":["Strike_R","Strike_R","Strike_R","Strike_R","Defend_R","Defend_R","Defend_R","Defend_R"]},{"damage_healed":0,"gold_gain":0,"player_choice":"Copied","damage_taken":0,"max_hp_gain":0,"max_hp_loss":0,"event_name":"Duplicator","floor":29,"gold_loss":0,"cards_obtained":["Rage"]},{"damage_healed":0,"gold_gain":0,"player_choice":"Gave Potion","damage_taken":0,"relics_obtained":["Sundial"],"max_hp_gain":0,"max_hp_loss":0,"event_name":"WeMeetAgain","floor":47,"gold_loss":0}],"is_beta":false,"boss_relics":[{"not_picked":["White Beast Statue","Runic Cube"],"picked":"Ectoplasm"},{"not_picked":["Runic Dome","Black Star"],"picked":"Runic Pyramid"}],"items_purged_floors":[3,5],"is_endless":false,"potions_floor_spawned":[6,12,16,18,19,28,36,39,44,46,48],"killed_by":"Awakened One","ascension_level":4}