{"gold_per_floor":[109,109,109,109,7,48,72,72,72,72,72],"floor_reached":11,"playtime":292,"items_purged":["Clumsy"],"score":99,"play_id":"dd42bf71-f694-48ed-ba63-57f314f046ff","local_time":"20190709164935","is_ascension_mode":true,"campfire_choices":[{"data":"Entrench","floor":10,"key":"SMITH"}],"neow_cost":"CURSE","seed_source_timestamp":945469317858700,"circlet_count":0,"master_deck":["Strike_R","Strike_R","Strike_R","Strike_R","Strike_R","Defend_R","Defend_R","Defend_R","Defend_R","Bash","Clash","Body Slam","Second Wind","Entrench+1"],"relics":["Burning Blood","Girya","Golden Idol","Magic Flower","Omamori","Mummified Hand"],"potions_floor_usage":[8,8],"damage_taken":[{"damage":12,"enemies":"Small Slimes","floor":1,"turns":4},{"damage":53,"enemies":"Lagavulin","floor":6,"turns":9},{"damage":1,"enemies":"2 Louse","floor":7,"turns":2},{"damage":10,"enemies":"3 Sentries","floor":8,"turns":3},{"damage":38,"enemies":"Gremlin Nob","floor":11,"turns":4}],"seed_played":"947237916278967366","potions_obtained":[{"floor":1,"key":"SmokeBomb"},{"floor":7,"key":"LiquidBronze"}],"is_trial":false,"path_per_floor":["M","?","?","?","$","E","M","E","T","R","E"],"character_chosen":"IRONCLAD","items_purchased":["Body Slam"],"campfire_rested":0,"item_purchase_floors":[5],"current_hp_per_floor":[74,74,74,74,74,30,38,37,37,37,0],"gold":72,"neow_bonus":"ONE_RARE_RELIC","is_prod":false,"is_daily":false,"chose_seed":false,"campfire_upgraded":1,"win_rate":0,"timestamp":1562705375,"path_taken":["M","?","?","?","$","E","?","E","T","R","E"],"build_version":"2019-01-23","purchased_purges":1,"victory":false,"max_hp_per_floor":[80,80,74,74,74,74,74,74,74,74,74],"card_choices":[{"not_picked":["Pommel Strike","Spot Weakness"],"picked":"Clash","floor":1},{"not_picked":["Thunderclap","Intimidate"],"picked":"Second Wind","floor":6},{"not_picked":["Inflame","Bloodletting"],"picked":"Entrench","floor":7}],"player_experience":198056,"relics_obtained":[{"floor":4,"key":"Magic Flower"},{"floor":6,"key":"Omamori"},{"floor":9,"key":"Mummified Hand"}],"event_choices":[{"damage_healed":0,"gold_gain":0,"player_choice":"Ignored","damage_taken":0,"max_hp_gain":0,"max_hp_loss":0,"event_name":"Liars Game","floor":2,"gold_loss":0},{"damage_healed":0,"gold_gain":0,"player_choice":"Lose Max HP","damage_taken":0,"relics_obtained":["Golden Idol"],"max_hp_gain":0,"max_hp_loss":6,"event_name":"Golden Idol","floor":3,"gold_loss":0},{"damage_healed":0,"gold_gain":0,"player_choice":"Relic","damage_taken":0,"max_hp_gain":0,"max_hp_loss":0,"event_name":"Wheel of Change","floor":4,"gold_loss":0}],"is_beta":false,"boss_relics":[],"items_purged_floors":[5],"is_endless":false,"potions_floor_spawned":[1,7],"killed_by":"Gremlin Nob","ascension_level":5}