{"gold_per_floor":[361,361,372,276,286,286,321,321,392,408,11,11],"floor_reached":12,"playtime":513,"items_purged":["Strike_G"],"score":121,"play_id":"802c87ea-c742-44e2-89fe-bafce16b5b02","local_time":"20190709085731","is_ascension_mode":true,"campfire_choices":[{"data":"Backflip","floor":6,"key":"SMITH"},{"floor":8,"key":"REST"}],"neow_cost":"TEN_PERCENT_HP_LOSS","seed_source_timestamp":354798739129848,"circlet_count":0,"master_deck":["AscendersBane","Strike_G","Strike_G","Strike_G","Strike_G","Defend_G","Defend_G","Defend_G","Defend_G","Defend_G","Survivor","Neutralize","Acrobatics","Backflip+1","Well Laid Plans","Blade Dance","Noxious Fumes"],"relics":["Ring of the Snake","Strawberry","Mercury Hourglass","Mummified Hand","Meat on the Bone"],"potions_floor_usage":[],"damage_taken":[{"damage":10,"enemies":"Jaw Worm","floor":1,"turns":6},{"damage":2,"enemies":"Cultist","floor":3,"turns":4},{"damage":1,"enemies":"Small Slimes","floor":5,"turns":4},{"damage":44,"enemies":"3 Sentries","floor":7,"turns":16},{"damage":4,"enemies":"Red Slaver","floor":10,"turns":3},{"damage":27,"enemies":"Gremlin Nob","floor":12,"turns":4}],"seed_played":"7924531791430549916","potions_obtained":[{"floor":7,"key":"LiquidBronze"}],"is_trial":false,"path_per_floor":["M","?","M","?","M","R","E","R","T","M","$","E"],"character_chosen":"THE_SILENT","items_purchased":["Noxious Fumes","Meat on the Bone"],"campfire_rested":1,"item_purchase_floors":[11,11],"current_hp_per_floor":[53,53,51,58,57,57,13,34,34,30,30,3],"gold":11,"neow_bonus":"TWO_FIFTY_GOLD","is_prod":false,"is_daily":false,"chose_seed":false,"campfire_upgraded":1,"win_rate":0,"timestamp":1562677051,"path_taken":["M","?","?","?","?","R","E","R","T","M","$","E"],"build_version":"2019-07-03","purchased_purges":1,"victory":false,"max_hp_per_floor":[63,63,63,70,70,70,70,70,70,70,70,70],"card_choices":[{"not_picked":["Blade Dance","Prepared","Dagger Spray"],"picked":"SKIP","floor":1},{"not_picked":["Acrobatics","Heel Hook"],"picked":"Backflip","floor":3},{"not_picked":["Heel Hook","Dagger Spray","Deadly Poison"],"picked":"SKIP","floor":5},{"not_picked":["Prepared","Blade Dance"],"picked":"Well Laid Plans","floor":7},{"not_picked":["Deflect","Accuracy"],"picked":"Blade Dance","floor":10}],"player_experience":732514,"relics_obtained":[{"floor":7,"key":"Mercury Hourglass"},{"floor":9,"key":"Mummified Hand"}],"event_choices":[{"damage_healed":0,"gold_gain":0,"player_choice":"1 cards matched","damage_taken":0,"max_hp_gain":0,"max_hp_loss":0,"event_name":"Match and Keep!","floor":2,"gold_loss":0,"cards_obtained":["Acrobatics"]},{"damage_healed":0,"gold_gain":0,"player_choice":"Paid Gold","damage_taken":0,"relics_obtained":["Strawberry"],"max_hp_gain":0,"max_hp_loss":0,"event_name":"WeMeetAgain","floor":4,"gold_loss":96}],"is_beta":true,"boss_relics":[],"items_purged_floors":[11],"is_endless":false,"potions_floor_spawned":[7],"killed_by":"Gremlin Nob","ascension_level":11}