{"gold_per_floor":[109,109,124,124,143,143,162,227,227,227,227,239,239,259,259,259],"floor_reached":16,"playtime":821,"items_purged":[],"score":179,"play_id":"155d099f-6dda-485f-85a7-cef33fedef4c","local_time":"20190708030238","is_ascension_mode":true,"campfire_choices":[{"data":"Shrug It Off","floor":6,"key":"SMITH"},{"floor":10,"key":"REST"},{"floor":15,"key":"REST"}],"neow_cost":"NONE","seed_source_timestamp":266689583509014,"circlet_count":0,"master_deck":["AscendersBane","Strike_R","Strike_R","Strike_R","Strike_R","Defend_R","Defend_R","Defend_R","Defend_R","Bash","Headbutt","Shrug It Off+1","Dropkick","Havoc","Fire Breathing"],"relics":["Burning Blood","Omamori","Ornamental Fan","The Courier","Gremlin Horn","Golden Idol"],"potions_floor_usage":[8],"damage_taken":[{"damage":12,"enemies":"2 Louse","floor":1,"turns":4},{"damage":8,"enemies":"Cultist","floor":3,"turns":4},{"damage":5,"enemies":"Small Slimes","floor":5,"turns":3},{"damage":28,"enemies":"Gremlin Gang","floor":7,"turns":6},{"damage":20,"enemies":"3 Sentries","floor":8,"turns":10},{"damage":6,"enemies":"Blue Slaver","floor":12,"turns":6},{"damage":10,"enemies":"Large Slime","floor":14,"turns":7},{"damage":79,"enemies":"The Guardian","floor":16,"turns":14}],"seed_played":"-8565160550556262321","potions_obtained":[{"floor":3,"key":"PowerPotion"},{"floor":14,"key":"Ancient Potion"}],"is_trial":false,"path_per_floor":["M","?","M","?","M","R","M","?","T","R","?","M","?","M","R","B"],"character_chosen":"IRONCLAD","items_purchased":[],"campfire_rested":2,"item_purchase_floors":[],"current_hp_per_floor":[62,62,60,60,61,61,39,25,25,47,47,47,47,43,65,0],"gold":259,"neow_bonus":"RANDOM_COMMON_RELIC","is_prod":false,"is_daily":false,"chose_seed":false,"campfire_upgraded":1,"win_rate":0,"timestamp":1562569358,"path_taken":["M","?","?","?","?","R","M","?","T","R","?","M","?","M","R","BOSS"],"build_version":"2019-07-03","purchased_purges":0,"victory":false,"max_hp_per_floor":[75,75,75,75,75,75,75,75,75,75,75,75,75,75,75,75],"card_choices":[{"not_picked":["Twin Strike","Second Wind"],"picked":"Clothesline","floor":1},{"not_picked":["Bloodletting","Wild Strike"],"picked":"Headbutt","floor":3},{"not_picked":["Clash","Sword Boomerang"],"picked":"Shrug It Off","floor":5},{"not_picked":["Heavy Blade","Thunderclap"],"picked":"Dropkick","floor":7},{"not_picked":["Iron Wave","Cleave"],"picked":"Havoc","floor":8},{"not_picked":["Blood for Blood","Twin Strike"],"picked":"Fire Breathing","floor":12},{"not_picked":["Wild Strike","Twin Strike","Rupture"],"picked":"SKIP","floor":14}],"player_experience":685869,"relics_obtained":[{"floor":8,"key":"The Courier"},{"floor":9,"key":"Gremlin Horn"}],"event_choices":[{"cards_removed":["Clothesline"],"damage_healed":0,"gold_gain":0,"player_choice":"Gave Card","damage_taken":0,"relics_obtained":["Ornamental Fan"],"max_hp_gain":0,"max_hp_loss":0,"event_name":"WeMeetAgain","floor":2,"gold_loss":0},{"cards_removed":["Strike_R"],"damage_healed":0,"gold_gain":0,"player_choice":"Purged","damage_taken":0,"max_hp_gain":0,"max_hp_loss":0,"event_name":"Purifier","floor":4,"gold_loss":0},{"damage_healed":0,"gold_gain":0,"player_choice":"Searched \u00271\u0027 times","damage_taken":0,"max_hp_gain":0,"max_hp_loss":0,"event_name":"Dead Adventurer","floor":8,"gold_loss":0},{"damage_healed":0,"gold_gain":0,"player_choice":"Fled","damage_taken":0,"max_hp_gain":0,"max_hp_loss":0,"event_name":"Scrap Ooze","floor":11,"gold_loss":0},{"damage_healed":0,"gold_gain":0,"player_choice":"Take Wound","damage_taken":0,"relics_obtained":["Golden Idol"],"max_hp_gain":0,"max_hp_loss":0,"event_name":"Golden Idol","floor":13,"gold_loss":0,"cards_obtained":["Injury"]}],"is_beta":true,"boss_relics":[],"items_purged_floors":[],"is_endless":false,"potions_floor_spawned":[3,14],"killed_by":"The Guardian","ascension_level":19}