{"gold_per_floor":[116,66,66,66,90,90,131,131,155,155,178,196,196,215,215,341,341,366,366,414,425,36,36,36,36,59,92,92,102,130,430,430,531,531,543,543,543,557,568,568,230,259,259,269,71,171,187,219,219,219],"floor_reached":51,"playtime":2363,"items_purged":["Strike_R","Strike_R","Strike_R"],"score":923,"play_id":"5af7e9cf-07f4-426b-a2ef-abddba6dc8f0","local_time":"20190709105017","is_ascension_mode":true,"campfire_choices":[{"data":"Shrug It Off","floor":6,"key":"SMITH"},{"data":"Body Slam","floor":8,"key":"SMITH"},{"data":"Limit Break","floor":10,"key":"SMITH"},{"data":"Flame Barrier","floor":15,"key":"SMITH"},{"data":"Barricade","floor":23,"key":"SMITH"},{"data":"Shrug It Off","floor":25,"key":"SMITH"},{"data":"Shrug It Off","floor":32,"key":"SMITH"},{"data":"Shrug It Off","floor":40,"key":"SMITH"},{"floor":49,"key":"REST"}],"neow_cost":"NONE","seed_source_timestamp":921814548948500,"circlet_count":0,"master_deck":["Strike_R","Defend_R","Defend_R","Defend_R","Defend_R","Bash","Body Slam+1","Shrug It Off+1","Limit Break+1","Flame Barrier+1","Barricade+1","Shrug It Off+1","Combust","Shrug It Off+1","Shrug It Off+1","Heavy Blade","Rupture","Juggernaut+1","Infernal Blade+1","Thunderclap+1","Rupture","Warcry+1","Parasite","True Grit+1","Disarm+1","Infernal Blade+1"],"relics":["Burning Blood","Vajra","Bloody Idol","Matryoshka","Centennial Puzzle","Smiling Mask","Boot","Bag of Preparation","Velvet Choker","Strawberry","Gremlin Horn","Juzu Bracelet","Orichalcum","Toxic Egg 2","Old Coin","Philosopher\u0027s Stone","Sling","Molten Egg 2","Mercury Hourglass","Happy Flower","Bottled Tornado"],"potions_floor_usage":[7,12,14,18,18,18,21,27,30,38,42,42,44],"damage_taken":[{"damage":7,"enemies":"Small Slimes","floor":1,"turns":4},{"damage":0,"enemies":"2 Louse","floor":5,"turns":3},{"damage":34,"enemies":"3 Sentries","floor":7,"turns":11},{"damage":0,"enemies":"Jaw Worm","floor":11,"turns":3},{"damage":9,"enemies":"Lots of Slimes","floor":12,"turns":4},{"damage":0,"enemies":"Exordium Thugs","floor":14,"turns":6},{"damage":45,"enemies":"Slime Boss","floor":16,"turns":10},{"damage":4,"enemies":"2 Thieves","floor":18,"turns":4},{"damage":0,"enemies":"Spheric Guardian","floor":21,"turns":5},{"damage":12,"enemies":"Slavers","floor":27,"turns":6},{"damage":6,"enemies":"Snake Plant","floor":29,"turns":4},{"damage":12,"enemies":"Book of Stabbing","floor":30,"turns":6},{"damage":15,"enemies":"Collector","floor":33,"turns":9},{"damage":20,"enemies":"Orb Walker","floor":35,"turns":5},{"damage":9,"enemies":"3 Darklings","floor":38,"turns":5},{"damage":6,"enemies":"Maw","floor":39,"turns":7},{"damage":44,"enemies":"Nemesis","floor":42,"turns":7},{"damage":11,"enemies":"Writhing Mass","floor":44,"turns":5},{"damage":18,"enemies":"3 Darklings","floor":47,"turns":4},{"damage":14,"enemies":"Giant Head","floor":48,"turns":8},{"damage":29,"enemies":"Time Eater","floor":50,"turns":11}],"seed_played":"4543175473711632729","potions_obtained":[{"floor":1,"key":"Weak Potion"},{"floor":5,"key":"Strength Potion"},{"floor":11,"key":"Fire Potion"},{"floor":16,"key":"EntropicBrew"},{"floor":18,"key":"Energy Potion"},{"floor":29,"key":"SpeedPotion"},{"floor":33,"key":"Poison Potion"},{"floor":35,"key":"PowerPotion"},{"floor":38,"key":"Strength Potion"},{"floor":42,"key":"LiquidBronze"}],"is_trial":false,"path_per_floor":["M","?","?","?","M","R","E","R","T","R","M","M","T","M","R","B",null,"M","?","T","M","$","R","$","R","T","E","?","M","E","?","R","B",null,"M","?","?","M","M","R","$","E","T","M","$","?","M","E","R","B",null],"character_chosen":"IRONCLAD","items_purchased":["Gremlin Horn","Combust","Shrug It Off","Rupture","Sling","Happy Flower"],"campfire_rested":1,"item_purchase_floors":[22,22,22,41,41,45],"current_hp_per_floor":[79,79,74,74,74,74,46,46,46,46,52,49,49,55,55,16,74,74,74,81,81,81,81,81,81,81,80,80,81,80,81,81,77,81,72,72,72,74,79,79,79,46,46,46,46,51,44,41,65,42],"gold":219,"neow_bonus":"RANDOM_COMMON_RELIC","is_prod":false,"is_daily":false,"chose_seed":false,"campfire_upgraded":8,"win_rate":0,"timestamp":1562683817,"path_taken":["M","?","?","?","M","R","E","R","T","R","M","M","?","M","R","BOSS","M","?","?","?","$","R","?","R","T","E","?","M","E","?","R","BOSS","M","?","?","M","M","R","$","E","T","M","$","?","M","E","R","BOSS"],"build_version":"2019-01-23","purchased_purges":3,"victory":true,"max_hp_per_floor":[80,80,74,74,74,74,74,74,74,74,74,74,74,74,74,74,74,74,74,81,81,81,81,81,81,81,81,81,81,81,81,81,81,81,81,81,81,81,81,81,81,81,81,81,81,81,81,81,81,81],"card_choices":[{"not_picked":["Spot Weakness","Corruption"],"picked":"Body Slam","floor":1},{"not_picked":["Headbutt","Rampage"],"picked":"Shrug It Off","floor":5},{"not_picked":["Spot Weakness","Bloodletting"],"picked":"Limit Break","floor":7},{"not_picked":["Power Through","Body Slam"],"picked":"Flame Barrier","floor":11},{"not_picked":["Havoc","Perfected Strike"],"picked":"Heavy Blade","floor":12},{"not_picked":["Cleave","Havoc","Wild Strike"],"picked":"SKIP","floor":14},{"not_picked":["Berserk","Juggernaut"],"picked":"Barricade","floor":16},{"not_picked":["Perfected Strike","Headbutt"],"picked":"Shrug It Off","floor":18},{"not_picked":["Thunderclap","Pommel Strike","Cleave"],"picked":"SKIP","floor":21},{"not_picked":["Infernal Blade","Sentinel"],"picked":"Shrug It Off","floor":27},{"not_picked":["Wild Strike","Clash"],"picked":"Heavy Blade","floor":29},{"not_picked":["Perfected Strike+1","Pommel Strike+1"],"picked":"Rupture","floor":30},{"not_picked":["Barricade","Exhume+1"],"picked":"Juggernaut","floor":33},{"not_picked":["Clash","Flex+1","Iron Wave+1"],"picked":"SKIP","floor":35},{"not_picked":["Armaments+1","Thunderclap+1"],"picked":"Infernal Blade+1","floor":38},{"not_picked":["Headbutt","Anger"],"picked":"Thunderclap+1","floor":39},{"not_picked":["Clothesline","Havoc+1"],"picked":"Warcry+1","floor":42},{"not_picked":["Sword Boomerang+1","Ghostly Armor+1"],"picked":"True Grit+1","floor":44},{"not_picked":["Anger+1","Blood for Blood+1"],"picked":"Disarm+1","floor":47},{"not_picked":["Rage+1","Havoc+1"],"picked":"Infernal Blade+1","floor":48}],"player_experience":186883,"relics_obtained":[{"floor":7,"key":"Matryoshka"},{"floor":9,"key":"Centennial Puzzle"},{"floor":9,"key":"Smiling Mask"},{"floor":13,"key":"Boot"},{"floor":13,"key":"Bag of Preparation"},{"floor":20,"key":"Strawberry"},{"floor":26,"key":"Juzu Bracelet"},{"floor":27,"key":"Orichalcum"},{"floor":30,"key":"Toxic Egg 2"},{"floor":42,"key":"Molten Egg 2"},{"floor":43,"key":"Mercury Hourglass"},{"floor":48,"key":"Bottled Tornado"}],"event_choices":[{"cards_removed":["Strike_R"],"damage_healed":0,"gold_gain":0,"player_choice":"Card Removal","damage_taken":0,"max_hp_gain":0,"max_hp_loss":0,"event_name":"The Cleric","floor":2,"gold_loss":50},{"damage_healed":0,"gold_gain":0,"player_choice":"Lose Max HP","damage_taken":0,"relics_obtained":["Golden Idol"],"max_hp_gain":0,"max_hp_loss":6,"event_name":"Golden Idol","floor":3,"gold_loss":0},{"damage_healed":0,"gold_gain":0,"player_choice":"Ignored","damage_taken":0,"max_hp_gain":0,"max_hp_loss":0,"event_name":"Liars Game","floor":4,"gold_loss":0},{"damage_healed":0,"gold_gain":0,"player_choice":"Gave Idol","damage_taken":0,"relics_obtained":["Bloody Idol"],"max_hp_gain":0,"max_hp_loss":0,"event_name":"Forgotten Altar","floor":19,"relics_lost":["Golden Idol"],"gold_loss":0},{"damage_healed":0,"gold_gain":0,"player_choice":"Ignored","damage_taken":0,"max_hp_gain":0,"max_hp_loss":0,"event_name":"Vampires","floor":28,"gold_loss":0},{"damage_healed":0,"gold_gain":0,"player_choice":"Opened","damage_taken":0,"relics_obtained":["Old Coin"],"max_hp_gain":0,"max_hp_loss":0,"event_name":"The Mausoleum","floor":31,"gold_loss":0},{"damage_healed":0,"gold_gain":0,"player_choice":"Upgraded","damage_taken":0,"max_hp_gain":0,"max_hp_loss":0,"event_name":"Upgrade Shrine","floor":36,"gold_loss":0,"cards_upgraded":["Juggernaut"]},{"cards_removed":["Heavy Blade"],"damage_healed":0,"gold_gain":0,"player_choice":"Removed Attack","damage_taken":0,"max_hp_gain":0,"max_hp_loss":0,"event_name":"Falling","floor":37,"gold_loss":0},{"damage_healed":0,"gold_gain":100,"player_choice":"Pray","damage_taken":0,"max_hp_gain":0,"max_hp_loss":0,"event_name":"Golden Shrine","floor":46,"gold_loss":0}],"is_beta":false,"boss_relics":[{"not_picked":["Black Star","Tiny House"],"picked":"Velvet Choker"},{"not_picked":["Lizard Tail","Astrolabe"],"picked":"Philosopher\u0027s Stone"}],"items_purged_floors":[22,41,45],"is_endless":false,"potions_floor_spawned":[1,5,11,16,18,29,33,35,38,42],"ascension_level":3}