{"gold_per_floor":[113,113,113,125,125,125,125,158,158,188,204,204,224,251,251,346,346,357,357,357,371,11,11,11,11,35,135,152,152,478,489,489,489],"floor_reached":33,"playtime":1284,"items_purged":[],"score":323,"play_id":"4498415d-e70c-430c-ab29-567e27f638fd","local_time":"20190708133629","is_ascension_mode":true,"campfire_choices":[{"data":"1","floor":7,"key":"LIFT"},{"floor":12,"key":"REST"},{"data":"2","floor":15,"key":"LIFT"},{"data":"3","floor":23,"key":"LIFT"},{"data":"Flame Barrier","floor":25,"key":"SMITH"},{"data":"Bloodletting","floor":29,"key":"SMITH"},{"data":"Bloodletting","floor":32,"key":"SMITH"}],"neow_cost":"PERCENT_DAMAGE","seed_source_timestamp":846490112171100,"circlet_count":0,"master_deck":["Strike_R+1","Strike_R+1","Strike_R+1","Strike_R+1","Strike_R+1","Defend_R+1","Defend_R+1","Defend_R+1","Defend_R+1","Bash","Dual Wield+1","Shrug It Off","Evolve","Infernal Blade","Pummel+1","Sword Boomerang+1","Offering","Flame Barrier+1","Bloodletting+1","Flex","Body Slam+1","Havoc+1","Havoc","Bloodletting+1"],"relics":["Burning Blood","Girya","Bag of Marbles","Lantern","Pantograph","Shuriken","Boot","Sozu","Gambling Chip","Whetstone","Peace Pipe","Meat on the Bone","Old Coin"],"potions_floor_usage":[8,14,14,21],"damage_taken":[{"damage":4,"enemies":"Jaw Worm","floor":1,"turns":4},{"damage":12,"enemies":"Small Slimes","floor":4,"turns":5},{"damage":32,"enemies":"Gremlin Nob","floor":8,"turns":4},{"damage":23,"enemies":"3 Sentries","floor":10,"turns":12},{"damage":0,"enemies":"2 Louse","floor":11,"turns":2},{"damage":0,"enemies":"Exordium Wildlife","floor":13,"turns":2},{"damage":21,"enemies":"Gremlin Nob","floor":14,"turns":4},{"damage":45,"enemies":"Slime Boss","floor":16,"turns":10},{"damage":0,"enemies":"Chosen","floor":18,"turns":1},{"damage":6,"enemies":"3 Byrds","floor":21,"turns":3},{"damage":10,"enemies":"Colosseum Slavers","floor":27,"turns":3},{"damage":0,"enemies":"Colosseum Nobs","floor":27,"turns":2},{"damage":10,"enemies":"Shelled Parasite and Fungi","floor":28,"turns":2},{"damage":8,"enemies":"Gremlin Leader","floor":30,"turns":3},{"damage":3,"enemies":"Snecko","floor":31,"turns":3},{"damage":92,"enemies":"Automaton","floor":33,"turns":8}],"seed_played":"-2106222171913269506","potions_obtained":[{"floor":1,"key":"SteroidPotion"},{"floor":10,"key":"EssenceOfSteel"},{"floor":13,"key":"SkillPotion"},{"floor":16,"key":"AttackPotion"}],"is_trial":false,"path_per_floor":["M","?","?","M","?","?","R","E","T","E","M","R","M","E","R","B",null,"M","?","?","M","$","R","$","R","T","?","M","R","E","M","R","B"],"character_chosen":"IRONCLAD","items_purchased":["Gambling Chip","Flex"],"campfire_rested":1,"item_purchase_floors":[22,22],"current_hp_per_floor":[58,42,42,36,24,50,50,24,24,7,13,37,43,28,28,14,80,80,80,80,80,80,80,80,80,80,80,76,76,74,77,77,0],"gold":489,"neow_bonus":"ONE_RARE_RELIC","is_prod":false,"is_daily":false,"chose_seed":false,"campfire_upgraded":3,"win_rate":0,"timestamp":1562607389,"path_taken":["M","?","?","M","?","?","R","E","T","E","M","R","M","E","R","BOSS","M","?","?","M","$","R","$","R","T","?","M","R","E","M","R","BOSS"],"build_version":"2019-01-23","purchased_purges":0,"victory":false,"max_hp_per_floor":[80,80,80,80,80,80,80,80,80,80,80,80,80,80,80,80,80,80,80,80,80,80,80,80,80,80,80,80,80,80,80,80,80],"card_choices":[{"not_picked":["Thunderclap","Pommel Strike"],"picked":"Dual Wield","floor":1},{"not_picked":["Clash","Sentinel"],"picked":"Shrug It Off","floor":4},{"not_picked":["Clothesline","Intimidate"],"picked":"Evolve","floor":8},{"not_picked":["Searing Blow","Feel No Pain"],"picked":"Infernal Blade","floor":10},{"not_picked":["Wild Strike","Blood for Blood","Anger"],"picked":"SKIP","floor":11},{"not_picked":["Havoc","Sword Boomerang"],"picked":"Pummel","floor":13},{"not_picked":["Juggernaut","Power Through"],"picked":"Sword Boomerang","floor":14},{"not_picked":["Reaper","Dark Embrace"],"picked":"Offering","floor":16},{"not_picked":["Iron Wave+1","Armaments"],"picked":"Flame Barrier","floor":18},{"not_picked":["Rage","Twin Strike"],"picked":"Bloodletting","floor":21},{"not_picked":["Clothesline+1","Heavy Blade"],"picked":"Body Slam+1","floor":27},{"not_picked":["Anger","Exhume"],"picked":"Havoc+1","floor":28},{"not_picked":["Intimidate+1","Pommel Strike"],"picked":"Havoc","floor":30},{"not_picked":["Sword Boomerang+1","Rupture"],"picked":"Bloodletting","floor":31}],"player_experience":176147,"relics_obtained":[{"floor":8,"key":"Lantern"},{"floor":9,"key":"Pantograph"},{"floor":10,"key":"Shuriken"},{"floor":14,"key":"Boot"},{"floor":26,"key":"Whetstone"},{"floor":27,"key":"Peace Pipe"},{"floor":27,"key":"Meat on the Bone"},{"floor":30,"key":"Old Coin"}],"event_choices":[{"damage_healed":0,"gold_gain":0,"player_choice":"Entered Light","damage_taken":16,"max_hp_gain":0,"max_hp_loss":0,"event_name":"Shining Light","floor":2,"gold_loss":0,"cards_upgraded":["Defend_R","Dual Wield"]},{"damage_healed":0,"gold_gain":0,"player_choice":"Ignored","damage_taken":0,"max_hp_gain":0,"max_hp_loss":0,"event_name":"Liars Game","floor":3,"gold_loss":0},{"damage_healed":0,"gold_gain":0,"player_choice":"Success","damage_taken":12,"relics_obtained":["Bag of Marbles"],"max_hp_gain":0,"max_hp_loss":0,"event_name":"Scrap Ooze","floor":5,"gold_loss":0},{"damage_healed":26,"gold_gain":0,"player_choice":"Banana","damage_taken":0,"max_hp_gain":0,"max_hp_loss":0,"event_name":"Big Fish","floor":6,"gold_loss":0},{"damage_healed":0,"gold_gain":0,"player_choice":"Simplicity","damage_taken":0,"max_hp_gain":0,"max_hp_loss":0,"event_name":"Back to Basics","floor":19,"gold_loss":0,"cards_upgraded":["Strike_R","Strike_R","Strike_R","Strike_R","Strike_R","Defend_R","Defend_R","Defend_R"]},{"damage_healed":0,"gold_gain":0,"player_choice":"Ignored","damage_taken":0,"max_hp_gain":0,"max_hp_loss":0,"event_name":"Ghosts","floor":20,"gold_loss":0},{"damage_healed":0,"gold_gain":0,"player_choice":"Fight","damage_taken":0,"max_hp_gain":0,"max_hp_loss":0,"event_name":"Colosseum","floor":27,"gold_loss":0},{"damage_healed":0,"gold_gain":0,"player_choice":"Fought Nobs","damage_taken":0,"max_hp_gain":0,"max_hp_loss":0,"event_name":"Colosseum","floor":27,"gold_loss":0}],"is_beta":false,"boss_relics":[{"not_picked":["Mark of Pain","Philosopher\u0027s Stone"],"picked":"Sozu"}],"items_purged_floors":[],"is_endless":false,"potions_floor_spawned":[1,10,13,16,21,30,31],"killed_by":"Automaton","ascension_level":3}