{"gold_per_floor":[118,118,144,164,14,14,189,202,202,202,55,72,106,32,32,129,129,139,139,39,138,13,13,25,25,25,25,38,38,38,50,50,50],"floor_reached":33,"playtime":1666,"items_purged":["Doubt","Strike_R","Strike_R"],"score":409,"play_id":"7f91aa86-9700-4cde-ab7f-1819947edee8","local_time":"20190416205642","is_ascension_mode":true,"campfire_choices":[{"data":"Fiend Fire","floor":6,"key":"SMITH"},{"data":"Sword Boomerang","floor":10,"key":"SMITH"},{"data":"Uppercut","floor":15,"key":"SMITH"},{"data":"Bloodletting","floor":23,"key":"SMITH"},{"data":"Flame Barrier","floor":25,"key":"SMITH"},{"data":"Flame Barrier","floor":27,"key":"SMITH"},{"data":"Heavy Blade","floor":32,"key":"SMITH"}],"neow_cost":"NONE","seed_source_timestamp":0,"circlet_count":0,"master_deck":["Strike_R","Strike_R","Defend_R","Defend_R","Defend_R","Defend_R","Bash","Fiend Fire+1","Cleave","Bloodletting+1","Carnage","Sword Boomerang+1","Flame Barrier+1","Demon Form","Uppercut+1","Flame Barrier+1","Feed","Inflame+1","Entrench+1","Heavy Blade+1","Headbutt"],"special_seed":0,"relics":["Burning Blood","Vajra","Matryoshka","Oddly Smooth Stone","Mark of Pain","MutagenicStrength","Red Skull","Toxic Egg 2","Sundial"],"potions_floor_usage":[13,16,31,31,33],"damage_taken":[{"damage":10,"enemies":"2 Louse","floor":1,"turns":3},{"damage":7,"enemies":"Jaw Worm","floor":4,"turns":2},{"damage":0,"enemies":"Cultist","floor":8,"turns":2},{"damage":10,"enemies":"3 Louse","floor":12,"turns":2},{"damage":20,"enemies":"Lagavulin","floor":13,"turns":4},{"damage":41,"enemies":"Hexaghost","floor":16,"turns":7},{"damage":3,"enemies":"Spheric Guardian","floor":18,"turns":3},{"damage":8,"enemies":"Shell Parasite","floor":24,"turns":3},{"damage":18,"enemies":"Snecko","floor":28,"turns":4},{"damage":3,"enemies":"Snake Plant","floor":31,"turns":3},{"damage":83,"enemies":"Automaton","floor":33,"turns":6}],"seed_played":"-7030189194320101615","potions_obtained":[{"floor":4,"key":"Dexterity Potion"},{"floor":12,"key":"SteroidPotion"},{"floor":24,"key":"EssenceOfSteel"},{"floor":28,"key":"AttackPotion"},{"floor":31,"key":"Fruit Juice"}],"is_trial":false,"path_per_floor":["M","?","T","M","$","R","?","M","T","R","$","M","E","$","R","B",null,"M","?","$","?","$","R","M","R","T","R","M","?","?","M","R","B"],"character_chosen":"IRONCLAD","items_purchased":["Bloodletting","Carnage","Flame Barrier","Flame Barrier"],"campfire_rested":0,"item_purchase_floors":[5,5,11,14],"current_hp_per_floor":[76,69,69,68,68,68,68,74,74,74,74,70,56,56,56,21,80,80,80,80,80,80,80,78,78,78,78,69,69,69,72,72,0],"gold":50,"neow_bonus":"ONE_RANDOM_RARE_CARD","is_prod":false,"is_daily":false,"chose_seed":false,"campfire_upgraded":7,"win_rate":0,"timestamp":1555462602,"path_taken":["M","?","?","?","$","R","?","M","T","R","$","M","E","$","R","BOSS","M","?","$","?","$","R","?","R","T","R","M","?","?","M","R","BOSS"],"build_version":"2019-01-23","purchased_purges":3,"victory":false,"max_hp_per_floor":[80,80,80,80,80,80,80,80,80,80,80,80,80,80,80,80,80,80,80,80,80,80,80,80,80,80,80,83,83,83,83,83,88],"card_choices":[{"not_picked":["Headbutt","Clothesline","Body Slam"],"picked":"SKIP","floor":1},{"not_picked":["Havoc","Twin Strike"],"picked":"Cleave","floor":4},{"not_picked":["Thunderclap","Pommel Strike"],"picked":"Sword Boomerang","floor":8},{"not_picked":["Intimidate","Burning Pact"],"picked":"Demon Form","floor":12},{"not_picked":["Havoc","Armaments"],"picked":"Uppercut","floor":13},{"not_picked":["Fiend Fire","Demon Form"],"picked":"Feed","floor":16},{"not_picked":["Armaments","Flex"],"picked":"Inflame+1","floor":18},{"not_picked":["Shockwave","Hemokinesis"],"picked":"Entrench+1","floor":24},{"not_picked":["Metallicize","Headbutt"],"picked":"Heavy Blade","floor":28},{"not_picked":["Carnage","Thunderclap","Flex+1"],"picked":"SKIP","floor":31}],"player_experience":166625,"relics_obtained":[{"floor":3,"key":"Vajra"},{"floor":9,"key":"Matryoshka"},{"floor":13,"key":"Oddly Smooth Stone"},{"floor":26,"key":"Red Skull"},{"floor":26,"key":"Toxic Egg 2"}],"event_choices":[{"cards_removed":["Strike_R"],"damage_healed":0,"gold_gain":0,"player_choice":"Card Removal","damage_taken":7,"max_hp_gain":0,"max_hp_loss":0,"event_name":"Golden Wing","floor":2,"gold_loss":0},{"damage_healed":0,"gold_gain":175,"player_choice":"AGREE","damage_taken":0,"max_hp_gain":0,"max_hp_loss":0,"event_name":"Liars Game","floor":7,"gold_loss":0,"cards_obtained":["Doubt"]},{"damage_healed":0,"gold_gain":0,"player_choice":"Inject Mutagens","damage_taken":0,"relics_obtained":["MutagenicStrength"],"max_hp_gain":0,"max_hp_loss":0,"event_name":"Drug Dealer","floor":19,"gold_loss":0},{"damage_healed":0,"gold_gain":99,"player_choice":"Stole From Cult","damage_taken":0,"max_hp_gain":0,"max_hp_loss":0,"event_name":"Nest","floor":21,"gold_loss":0},{"damage_healed":0,"gold_gain":0,"player_choice":"Opened","damage_taken":0,"relics_obtained":["Sundial"],"max_hp_gain":0,"max_hp_loss":0,"event_name":"The Mausoleum","floor":29,"gold_loss":0},{"damage_healed":0,"gold_gain":0,"player_choice":"1 cards matched","damage_taken":0,"max_hp_gain":0,"max_hp_loss":0,"event_name":"Match and Keep!","floor":30,"gold_loss":0,"cards_obtained":["Headbutt"]}],"is_beta":false,"boss_relics":[{"not_picked":["Runic Cube","Fusion Hammer"],"picked":"Mark of Pain"}],"items_purged_floors":[11,20,22],"is_endless":false,"potions_floor_spawned":[4,12,24,28,31],"killed_by":"Automaton","ascension_level":4}