{"gold_per_floor":[14,14,32,51,68,68,99,111,135,153,153,3,3,178,178,275,275,293,293,293,304,332,332,332],"floor_reached":24,"playtime":1050,"items_purged":[],"score":235,"play_id":"fea35171-e1d2-40c1-8b14-0c6f1b85f535","local_time":"20190416202441","is_ascension_mode":true,"campfire_choices":[{"data":"Zap","floor":6,"key":"SMITH"},{"floor":11,"key":"REST"},{"data":"Double Energy","floor":13,"key":"SMITH"},{"floor":15,"key":"REST"},{"floor":23,"key":"REST"}],"neow_cost":"NO_GOLD","seed_source_timestamp":25235744795279,"circlet_count":0,"master_deck":["Strike_B+1","Strike_B","Strike_B","Defend_B","Defend_B","Defend_B","Zap+1","Dualcast","Chaos","Streamline+1","FTL","Capacitor","Ball Lightning","Double Energy+1","Ball Lightning","Doubt","Core Surge","Genetic Algorithm+1","Defragment","RitualDagger"],"relics":["Cracked Core","Bag of Marbles","Whetstone","Bag of Preparation","Black Star","Red Mask"],"potions_floor_usage":[16,21,21],"damage_taken":[{"damage":0,"enemies":"2 Louse","floor":1,"turns":2},{"damage":0,"enemies":"Cultist","floor":3,"turns":2},{"damage":2,"enemies":"Jaw Worm","floor":4,"turns":3},{"damage":7,"enemies":"3 Louse","floor":5,"turns":2},{"damage":30,"enemies":"Lagavulin","floor":7,"turns":4},{"damage":9,"enemies":"2 Fungi Beasts","floor":8,"turns":2},{"damage":0,"enemies":"Exordium Wildlife","floor":10,"turns":2},{"damage":45,"enemies":"Hexaghost","floor":16,"turns":6},{"damage":2,"enemies":"Chosen","floor":18,"turns":4},{"damage":18,"enemies":"2 Thieves","floor":21,"turns":3},{"damage":24,"enemies":"Masked Bandits","floor":22,"turns":4},{"damage":50,"enemies":"Shelled Parasite and Fungi","floor":24,"turns":5}],"seed_played":"-6557943447378983573","potions_obtained":[{"floor":1,"key":"Energy Potion"},{"floor":2,"key":"Explosive Potion"},{"floor":2,"key":"LiquidBronze"},{"floor":22,"key":"FocusPotion"}],"is_trial":false,"path_per_floor":["M","?","M","M","M","R","E","M","T","M","R","$","R","?","R","B",null,"M","?","?","M","?","R","M"],"character_chosen":"DEFECT","items_purchased":["Bag of Preparation"],"campfire_rested":3,"item_purchase_floors":[12],"current_hp_per_floor":[75,75,75,73,66,66,36,27,27,27,49,49,49,49,71,26,75,73,73,67,49,25,47,0],"gold":332,"neow_bonus":"TRANSFORM_TWO_CARDS","is_prod":false,"is_daily":false,"chose_seed":false,"campfire_upgraded":2,"win_rate":0,"timestamp":1555460681,"path_taken":["M","?","?","M","M","R","E","M","T","M","R","$","R","?","R","BOSS","M","?","?","M","?","R","M"],"build_version":"2019-01-23","purchased_purges":0,"victory":false,"max_hp_per_floor":[75,75,75,75,75,75,75,75,75,75,75,75,75,75,75,75,75,75,75,75,75,75,75,75],"card_choices":[{"not_picked":["Cold Snap","Redo"],"picked":"FTL","floor":1},{"not_picked":["Force Field","Turbo"],"picked":"Capacitor","floor":3},{"not_picked":["Streamline","Fusion","Compile Driver"],"picked":"SKIP","floor":4},{"not_picked":["Beam Cell","Sweeping Beam"],"picked":"Ball Lightning","floor":5},{"not_picked":["Barrage","Fusion"],"picked":"Double Energy","floor":7},{"not_picked":["Turbo","Gash"],"picked":"Ball Lightning","floor":8},{"not_picked":["Streamline","Cold Snap","Sunder"],"picked":"SKIP","floor":10},{"not_picked":["Rainbow","Creative AI"],"picked":"Core Surge","floor":16},{"not_picked":["Rip and Tear+1","Chaos+1"],"picked":"Genetic Algorithm+1","floor":18},{"not_picked":["Cold Snap","Storm","Coolheaded"],"picked":"SKIP","floor":21}],"player_experience":165575,"relics_obtained":[{"floor":7,"key":"Bag of Marbles"},{"floor":9,"key":"Whetstone"},{"floor":22,"key":"Red Mask"}],"event_choices":[{"damage_healed":0,"gold_gain":0,"player_choice":"Got Potions","damage_taken":0,"max_hp_gain":0,"max_hp_loss":0,"event_name":"Lab","floor":2,"gold_loss":0},{"damage_healed":0,"gold_gain":175,"player_choice":"AGREE","damage_taken":0,"max_hp_gain":0,"max_hp_loss":0,"event_name":"Liars Game","floor":14,"gold_loss":0,"cards_obtained":["Doubt"]},{"damage_healed":0,"gold_gain":0,"player_choice":"Read","damage_taken":0,"max_hp_gain":0,"max_hp_loss":0,"event_name":"The Library","floor":19,"gold_loss":0,"cards_obtained":["Defragment"]},{"damage_healed":0,"gold_gain":0,"player_choice":"Joined the Cult","damage_taken":6,"max_hp_gain":0,"max_hp_loss":0,"event_name":"Nest","floor":20,"gold_loss":0,"cards_obtained":["RitualDagger"]},{"damage_healed":0,"gold_gain":0,"player_choice":"Fought Bandits","damage_taken":0,"max_hp_gain":0,"max_hp_loss":0,"event_name":"Masked Bandits","floor":22,"gold_loss":0}],"is_beta":false,"boss_relics":[{"not_picked":["Empty Cage","Runic Pyramid"],"picked":"Black Star"}],"items_purged_floors":[],"is_endless":false,"potions_floor_spawned":[1,4,5,8,10,22],"killed_by":"Shelled Parasite and Fungi","ascension_level":4}