{"gold_per_floor":[119,119,136,136,155,155,155,189,189,112,112,128,162,178,178,178],"floor_reached":16,"playtime":977,"items_purged":[],"score":110,"play_id":"ac86d774-2004-4eed-9053-9424fdee3adf","local_time":"20190703001347","is_ascension_mode":false,"campfire_choices":[{"floor":6,"key":"REST"},{"floor":15,"key":"REST"}],"neow_cost":"NONE","seed_source_timestamp":183643283322396,"circlet_count":0,"master_deck":["Strike_G","Strike_G","Strike_G","Strike_G","Strike_G","Defend_G","Defend_G","Defend_G","Defend_G","Defend_G","Survivor","Neutralize+1","Backflip","Well Laid Plans","Finisher","Dagger Throw","PiercingWail","Quick Slash","Parasite","Dodge and Roll","Caltrops","Choke","Choke"],"relics":["Ring of the Snake","NeowsBlessing","Gremlin Horn","Dream Catcher","Ornamental Fan"],"potions_floor_usage":[16,16],"damage_taken":[{"damage":0,"enemies":"Cultist","floor":1,"turns":1},{"damage":0,"enemies":"Jaw Worm","floor":3,"turns":1},{"damage":0,"enemies":"Small Slimes","floor":5,"turns":1},{"damage":35,"enemies":"Gremlin Nob","floor":8,"turns":6},{"damage":0,"enemies":"2 Fungi Beasts","floor":12,"turns":2},{"damage":27,"enemies":"3 Sentries","floor":13,"turns":12},{"damage":0,"enemies":"Exordium Wildlife","floor":14,"turns":5},{"damage":50,"enemies":"The Guardian","floor":16,"turns":9}],"seed_played":"6650775725689827064","potions_obtained":[{"floor":3,"key":"SpeedPotion"},{"floor":8,"key":"Energy Potion"}],"is_trial":false,"path_per_floor":["M","$","M","?","M","R","?","E","T","$","?","M","E","M","R","B"],"character_chosen":"THE_SILENT","items_purchased":["PiercingWail","Quick Slash"],"campfire_rested":2,"item_purchase_floors":[10,10],"current_hp_per_floor":[70,70,70,70,70,70,70,35,35,35,52,52,25,25,46,0],"gold":178,"neow_bonus":"THREE_ENEMY_KILL","is_prod":false,"is_daily":false,"chose_seed":false,"campfire_upgraded":0,"win_rate":0.0,"timestamp":1562123627,"path_taken":["M","$","?","?","M","R","?","E","T","$","?","?","E","M","R","BOSS"],"build_version":"2019-07-01","purchased_purges":0,"victory":false,"max_hp_per_floor":[70,70,70,70,70,70,70,70,70,70,70,70,70,70,70,70],"card_choices":[{"not_picked":["Crippling Poison","Dash"],"picked":"Backflip","floor":1},{"not_picked":["Deadly Poison","Flying Knee"],"picked":"Well Laid Plans","floor":3},{"not_picked":["Footwork","Dagger Throw"],"picked":"Finisher","floor":5},{"not_picked":["Masterful Stab","Prepared"],"picked":"Dagger Throw","floor":8},{"not_picked":["Blur","Riddle With Holes"],"picked":"Dodge and Roll","floor":12},{"not_picked":["Finisher","Sucker Punch"],"picked":"Caltrops","floor":13},{"not_picked":["Dagger Spray","Well Laid Plans"],"picked":"Choke","floor":14},{"not_picked":["Leg Sweep","Backflip"],"picked":"Choke","floor":15}],"player_experience":19599,"relics_obtained":[{"floor":8,"key":"Gremlin Horn"},{"floor":9,"key":"Dream Catcher"},{"floor":13,"key":"Ornamental Fan"}],"event_choices":[{"damage_healed":0,"gold_gain":0,"player_choice":"Ignored","damage_taken":0,"max_hp_gain":0,"max_hp_loss":0,"event_name":"Golden Wing","floor":4,"gold_loss":0},{"damage_healed":0,"gold_gain":0,"player_choice":"Grow","damage_taken":0,"max_hp_gain":0,"max_hp_loss":0,"event_name":"Living Wall","floor":7,"gold_loss":0,"cards_upgraded":["Neutralize"]},{"damage_healed":17,"gold_gain":0,"player_choice":"Healed and dodged fight","damage_taken":0,"max_hp_gain":0,"max_hp_loss":0,"event_name":"Mushrooms","floor":11,"gold_loss":0,"cards_obtained":["Parasite"]}],"is_beta":false,"boss_relics":[],"items_purged_floors":[],"is_endless":false,"potions_floor_spawned":[3,8],"killed_by":"The Guardian","ascension_level":0}