{"gold_per_floor":[119,139,52,52,72,72,134,134,186,186,198,198,211,226,226,297,297,317,332,332],"floor_reached":20,"playtime":666,"items_purged":[],"score":352,"play_id":"c6c9d700-7d24-498e-a137-1c9a24cb4996","local_time":"20190701034116","is_ascension_mode":true,"campfire_choices":[{"data":"Noxious Fumes","floor":6,"key":"SMITH"},{"data":"Bouncing Flask","floor":8,"key":"SMITH"},{"floor":10,"key":"REST"},{"floor":15,"key":"REST"}],"neow_cost":"NONE","seed_source_timestamp":519590672088000,"circlet_count":0,"master_deck":["AscendersBane","Defend_G","Defend_G","Defend_G","Defend_G","Defend_G","Strike_G","Strike_G","Strike_G","Survivor","Neutralize","Dagger Spray","Deadly Poison","Noxious Fumes+1","Cloak And Dagger","Bouncing Flask+1","Skewer","Cloak And Dagger","Calculated Gamble","Dodge and Roll","PiercingWail","Die Die Die","Dodge and Roll","Well Laid Plans","Acrobatics"],"relics":["Ring of the Snake","NeowsBlessing","Tiny Chest","Bag of Marbles","Prayer Wheel","Empty Cage"],"potions_floor_usage":[16,19],"damage_taken":[{"damage":0,"enemies":"2 Louse","floor":1,"turns":1},{"damage":0,"enemies":"Jaw Worm","floor":2,"turns":1},{"damage":0,"enemies":"Small Slimes","floor":5,"turns":1},{"damage":33,"enemies":"3 Sentries","floor":7,"turns":7},{"damage":2,"enemies":"3 Louse","floor":11,"turns":2},{"damage":20,"enemies":"Exordium Thugs","floor":13,"turns":4},{"damage":10,"enemies":"Large Slime","floor":14,"turns":5},{"damage":29,"enemies":"The Guardian","floor":16,"turns":10},{"damage":28,"enemies":"Shell Parasite","floor":18,"turns":9},{"damage":11,"enemies":"3 Byrds","floor":19,"turns":5},{"damage":18,"enemies":"Shelled Parasite and Fungi","floor":20,"turns":1}],"seed_played":"-4050505024296639966","potions_obtained":[{"floor":14,"key":"Dexterity Potion"},{"floor":16,"key":"Block Potion"},{"floor":18,"key":"Ancient Potion"}],"is_trial":false,"path_per_floor":["M","M","$","?","M","R","E","R","T","R","M","?","M","M","R","B",null,"M","M","M"],"character_chosen":"THE_SILENT","items_purchased":["Noxious Fumes"],"campfire_rested":2,"item_purchase_floors":[3],"current_hp_per_floor":[59,59,59,64,64,64,31,31,31,52,50,45,25,15,36,7,55,27,16,0],"gold":332,"neow_bonus":"THREE_ENEMY_KILL","is_prod":false,"is_daily":false,"chose_seed":false,"campfire_upgraded":2,"win_rate":0,"timestamp":1561923676,"path_taken":["M","M","$","?","M","R","E","R","T","R","M","?","M","M","R","BOSS","M","M","M"],"build_version":"2019-01-23","purchased_purges":0,"victory":false,"max_hp_per_floor":[66,66,66,71,71,71,71,71,71,71,71,71,71,71,71,71,71,71,71,71],"card_choices":[{"not_picked":["Quick Slash","Cloak And Dagger"],"picked":"Dagger Spray","floor":1},{"not_picked":["Acrobatics","Expertise"],"picked":"Deadly Poison","floor":2},{"not_picked":["Acrobatics","Slice"],"picked":"Cloak And Dagger","floor":5},{"not_picked":["Blur","Storm of Steel"],"picked":"Bouncing Flask","floor":7},{"not_picked":["Cloak And Dagger","Prepared"],"picked":"Skewer","floor":11},{"not_picked":["Endless Agony","Setup"],"picked":"Cloak And Dagger","floor":13},{"not_picked":["Deadly Poison","Dagger Spray"],"picked":"Calculated Gamble","floor":13},{"not_picked":["Deflect","Dash"],"picked":"Dodge and Roll","floor":14},{"not_picked":["Flying Knee","Quick Slash"],"picked":"PiercingWail","floor":14},{"not_picked":["Unload","Glass Knife"],"picked":"Die Die Die","floor":16},{"not_picked":["Quick Slash","Underhanded Strike"],"picked":"Dodge and Roll","floor":18},{"not_picked":["Dagger Spray","Underhanded Strike+1","Masterful Stab+1"],"picked":"SKIP","floor":18},{"not_picked":["Flechettes+1","Slice+1"],"picked":"Well Laid Plans","floor":19},{"not_picked":["Accuracy","Terror"],"picked":"Acrobatics","floor":19}],"player_experience":745163,"relics_obtained":[{"floor":7,"key":"Tiny Chest"},{"floor":9,"key":"Bag of Marbles"}],"event_choices":[{"damage_healed":0,"gold_gain":0,"player_choice":"Donut","damage_taken":0,"max_hp_gain":5,"max_hp_loss":0,"event_name":"Big Fish","floor":4,"gold_loss":0},{"damage_healed":0,"gold_gain":0,"player_choice":"Success","damage_taken":5,"relics_obtained":["Prayer Wheel"],"max_hp_gain":0,"max_hp_loss":0,"event_name":"Scrap Ooze","floor":12,"gold_loss":0}],"is_beta":false,"boss_relics":[{"not_picked":["Eternal Feather","WristBlade"],"picked":"Empty Cage"}],"items_purged_floors":[],"is_endless":false,"potions_floor_spawned":[14,16,18],"killed_by":"Shelled Parasite and Fungi","ascension_level":20}