{"gold_per_floor":[109,65,82,7,26,58,58,58,84,84],"floor_reached":10,"playtime":455,"items_purged":["Strike_B"],"score":122,"play_id":"3b29da5e-5b84-4ce9-ad3a-fd824d878895","local_time":"20190619004300","is_ascension_mode":true,"campfire_choices":[{"data":"Dualcast","floor":7,"key":"SMITH"}],"neow_cost":"NONE","seed_source_timestamp":603821304172945,"circlet_count":0,"master_deck":["AscendersBane","Strike_B","Strike_B","Strike_B","Defend_B","Defend_B","Defend_B","Defend_B","Zap","Dualcast+1","Capacitor","Heatsinks","Cold Snap","Compile Driver"],"relics":["Cracked Core","NeowsBlessing","Bag of Preparation","PreservedInsect"],"potions_floor_usage":[6],"damage_taken":[{"damage":0,"enemies":"Cultist","floor":1,"turns":1},{"damage":0,"enemies":"Jaw Worm","floor":3,"turns":1},{"damage":0,"enemies":"2 Louse","floor":5,"turns":1},{"damage":38,"enemies":"Lagavulin","floor":6,"turns":8},{"damage":30,"enemies":"The Mushroom Lair","floor":10,"turns":4}],"seed_played":"-9157586690152030947","potions_obtained":[{"floor":1,"key":"PowerPotion"},{"floor":5,"key":"Dexterity Potion"}],"is_trial":false,"path_per_floor":["M","$","M","$","M","E","R","?","T","?"],"character_chosen":"DEFECT","items_purchased":["Heatsinks"],"campfire_rested":0,"item_purchase_floors":[2],"current_hp_per_floor":[64,64,64,64,64,26,26,26,26,0],"gold":84,"neow_bonus":"THREE_ENEMY_KILL","is_prod":false,"is_daily":false,"chose_seed":false,"campfire_upgraded":1,"win_rate":0,"timestamp":1560919380,"path_taken":["M","$","M","$","M","E","R","?","T","?"],"build_version":"2019-06-17v2","purchased_purges":1,"victory":false,"max_hp_per_floor":[71,71,71,71,71,71,71,71,71,71],"card_choices":[{"not_picked":["Darkness","Go for the Eyes"],"picked":"Capacitor","floor":1},{"not_picked":["Beam Cell","Streamline","Doom and Gloom"],"picked":"SKIP","floor":3},{"not_picked":["Redo","Hello World"],"picked":"Cold Snap","floor":5},{"not_picked":["Conserve Battery","Rip and Tear"],"picked":"Compile Driver","floor":6}],"player_experience":620275,"relics_obtained":[{"floor":6,"key":"Bag of Preparation"},{"floor":9,"key":"PreservedInsect"}],"event_choices":[{"damage_healed":0,"gold_gain":0,"player_choice":"Fled","damage_taken":0,"max_hp_gain":0,"max_hp_loss":0,"event_name":"Scrap Ooze","floor":8,"gold_loss":0},{"damage_healed":0,"gold_gain":0,"player_choice":"Fought Mushrooms","damage_taken":0,"max_hp_gain":0,"max_hp_loss":0,"event_name":"Mushrooms","floor":10,"gold_loss":0}],"is_beta":true,"boss_relics":[],"items_purged_floors":[4],"is_endless":false,"potions_floor_spawned":[1,5],"killed_by":"The Mushroom Lair","ascension_level":17}