{"gold_per_floor":[218,218,218,38,54,100,127,127,127,154,154,173,190,209,209,313,313,326,37,37,37,56,91,109,109],"floor_reached":25,"playtime":1838,"items_purged":["Regret","Strike_G"],"score":266,"play_id":"91769a27-15de-4b12-a4dd-f4d20a4c2ba2","local_time":"20190318221932","is_ascension_mode":true,"campfire_choices":[{"floor":8.0,"key":"REST"},{"data":"Dash","floor":11.0,"key":"SMITH"},{"data":"Flechettes","floor":15.0,"key":"SMITH"}],"neow_cost":"NONE","seed_source_timestamp":111578238652271,"circlet_count":0,"master_deck":["Defend_G","Defend_G","Defend_G","Defend_G","Defend_G","Strike_G","Strike_G+1","Strike_G+1","Survivor","Neutralize","Cloak And Dagger","Deflect","Flechettes+1","Infinite Blades","Dash+1","Dagger Throw","Backflip","Prepared","Malaise","Cloak And Dagger","Infinite Blades","Flash of Steel","Finisher","After Image"],"special_seed":0,"relics":["Ring of the Snake","Tough Bandages","Whetstone","Potion Belt","Anchor","Gremlin Horn","WristBlade","Lantern","Tingsha"],"potions_floor_usage":[],"damage_taken":[{"damage":4.0,"enemies":"Small Slimes","floor":1.0,"turns":5.0},{"damage":0.0,"enemies":"Jaw Worm","floor":5.0,"turns":4.0},{"damage":50.0,"enemies":"Lagavulin","floor":7.0,"turns":7.0},{"damage":10.0,"enemies":"3 Sentries","floor":10.0,"turns":7.0},{"damage":0.0,"enemies":"Cultist","floor":12.0,"turns":3.0},{"damage":0.0,"enemies":"Blue Slaver","floor":13.0,"turns":2.0},{"damage":1.0,"enemies":"Red Slaver","floor":14.0,"turns":2.0},{"damage":10.0,"enemies":"Slime Boss","floor":16.0,"turns":9.0},{"damage":10.0,"enemies":"Spheric Guardian","floor":18.0,"turns":4.0},{"damage":0,"enemies":"2 Thieves","floor":22,"turns":3},{"damage":56,"enemies":"Book of Stabbing","floor":23,"turns":9},{"damage":0,"enemies":"Snake Plant","floor":24,"turns":4},{"damage":9,"enemies":"3 Cultists","floor":25,"turns":3}],"seed_played":"7353796048219129568","potions_obtained":[{"floor":5.0,"key":"SteroidPotion"},{"floor":12.0,"key":"Strength Potion"},{"floor":13.0,"key":"Regen Potion"},{"floor":23,"key":"Ancient Potion"}],"is_trial":false,"path_per_floor":["M","?","?","$","M","T","E","R","T","E","R","M","M","M","R","B",null,"M","$","?","$","M","E","M","M"],"character_chosen":"THE_SILENT","items_purchased":["Deflect","Flechettes","Infinite Blades","Lantern"],"campfire_rested":1,"item_purchase_floors":[4,4,19,19],"current_hp_per_floor":[66,59,59,59,59,59,9,30,30,20,20,20,20,19,19,24,70,60,60,60,60,60,4,4,0],"gold":109,"neow_bonus":"HUNDRED_GOLD","is_prod":false,"is_daily":false,"chose_seed":false,"campfire_upgraded":2,"win_rate":0,"timestamp":1552961972,"path_taken":["M","?","?","$","M","?","E","R","T","E","R","M","M","?","R","BOSS","M","?","?","$","?","E","M","?"],"build_version":"2019-01-23","purchased_purges":2,"victory":false,"max_hp_per_floor":[70,70,70,70,70,70,70,70,70,70,70,70,70,70,70,70,70,70,70,70,70,70,70,70,70],"card_choices":[{"not_picked":["Prepared","Bouncing Flask"],"picked":"Cloak And Dagger","floor":1.0},{"not_picked":["Poisoned Stab","Cloak And Dagger"],"picked":"Infinite Blades","floor":5.0},{"not_picked":["Crippling Poison","Riddle With Holes"],"picked":"Dash","floor":7.0},{"not_picked":["Flying Knee","Acrobatics"],"picked":"Dagger Throw","floor":10.0},{"not_picked":["Poisoned Stab","Flechettes","Outmaneuver"],"picked":"SKIP","floor":12.0},{"not_picked":["Skewer","Dodge and Roll"],"picked":"Backflip","floor":13.0},{"not_picked":["Blade Dance","Backstab"],"picked":"Prepared","floor":14.0},{"not_picked":["Corpse Explosion","Doppelganger"],"picked":"Malaise","floor":16.0},{"not_picked":["Bane+1","Dodge and Roll"],"picked":"Cloak And Dagger","floor":18.0},{"not_picked":["Backflip+1","Expertise"],"picked":"Finisher","floor":22},{"not_picked":["Distraction","Riddle With Holes","Outmaneuver+1"],"picked":"SKIP","floor":23},{"not_picked":["Leg Sweep","Heel Hook"],"picked":"After Image","floor":24}],"player_experience":130377,"relics_obtained":[{"floor":6.0,"key":"Whetstone"},{"floor":7.0,"key":"Potion Belt"},{"floor":9.0,"key":"Anchor"},{"floor":10.0,"key":"Gremlin Horn"},{"floor":23,"key":"Tingsha"}],"event_choices":[{"cards_removed":["Strike_G"],"damage_healed":0.0,"max_hp_gain":0.0,"max_hp_loss":0.0,"gold_gain":0.0,"event_name":"Golden Wing","player_choice":"Card Removal","floor":2.0,"gold_loss":0.0,"damage_taken":7.0},{"damage_healed":0.0,"max_hp_gain":0.0,"max_hp_loss":0.0,"gold_gain":0.0,"event_name":"Big Fish","player_choice":"Box","floor":3.0,"gold_loss":0.0,"damage_taken":0.0,"relics_obtained":["Tough Bandages"],"cards_obtained":["Regret"]},{"damage_healed":0,"gold_gain":0,"player_choice":"1 cards matched","damage_taken":0,"max_hp_gain":0,"max_hp_loss":0,"event_name":"Match and Keep!","floor":20,"gold_loss":0,"cards_obtained":["Flash of Steel"]}],"is_beta":false,"boss_relics":[{"not_picked":["Empty Cage","Eternal Feather"],"picked":"WristBlade"}],"items_purged_floors":[4,19],"is_endless":false,"potions_floor_spawned":[5,12,13,23],"killed_by":"3 Cultists","ascension_level":3}