{"gold_per_floor":[119,119,119,140,140,164,164,164,217,217,240,253,276,311,311,311],"floor_reached":16,"playtime":990,"items_purged":[],"score":100,"play_id":"e3284cd5-0f41-4ebc-900d-ffd4558c20ce","local_time":"20190627033353","is_ascension_mode":false,"campfire_choices":[{"data":"Tools of the Trade","floor":7,"key":"SMITH"},{"floor":10,"key":"REST"},{"floor":15,"key":"REST"}],"neow_cost":"CURSE","seed_source_timestamp":1231816079274900,"circlet_count":0,"master_deck":["Defend_G","Defend_G","Defend_G","Defend_G","Strike_G","Strike_G","Strike_G","Strike_G","Strike_G","Survivor","All Out Attack","Tools of the Trade+1","Predator","Quick Slash+1","Choke+1","Quick Slash","Slice","Backflip"],"relics":["Ring of the Snake","Letter Opener","Golden Idol","Centennial Puzzle","PreservedInsect","Potion Belt"],"potions_floor_usage":[16,16],"damage_taken":[{"damage":7,"enemies":"Small Slimes","floor":1,"turns":3},{"damage":0,"enemies":"2 Louse","floor":4,"turns":3},{"damage":0,"enemies":"Cultist","floor":6,"turns":3},{"damage":18,"enemies":"Large Slime","floor":12,"turns":6},{"damage":7,"enemies":"Gremlin Gang","floor":13,"turns":3},{"damage":27,"enemies":"3 Sentries","floor":14,"turns":4},{"damage":29,"enemies":"The Guardian","floor":16,"turns":5}],"seed_played":"3945941687947845460","potions_obtained":[{"floor":1,"key":"Weak Potion"},{"floor":6,"key":"Poison Potion"}],"is_trial":false,"path_per_floor":["M","?","?","M","?","M","R","?","T","R","T","M","M","E","R","B"],"character_chosen":"THE_SILENT","items_purchased":[],"campfire_rested":2,"item_purchase_floors":[],"current_hp_per_floor":[63,56,56,56,56,56,56,43,43,62,62,44,37,10,29,0],"gold":311,"neow_bonus":"TRANSFORM_TWO_CARDS","is_prod":false,"is_daily":false,"chose_seed":false,"campfire_upgraded":1,"win_rate":0.0,"timestamp":1561620833,"path_taken":["M","?","?","M","?","M","R","?","T","R","?","M","M","E","R","BOSS"],"build_version":"2019-01-23","purchased_purges":0,"victory":false,"max_hp_per_floor":[70,70,65,65,65,65,65,65,65,65,65,65,65,65,65,65],"card_choices":[{"not_picked":["Slice","Tactician"],"picked":"Predator","floor":1},{"not_picked":["Terror","Bane"],"picked":"Quick Slash","floor":4},{"not_picked":["Leg Sweep","Endless Agony"],"picked":"Choke","floor":6},{"not_picked":["Dodge and Roll","Backstab"],"picked":"Quick Slash","floor":12},{"not_picked":["Bane","Sucker Punch"],"picked":"Slice","floor":13},{"not_picked":["Bane","Dodge and Roll"],"picked":"Backflip","floor":14}],"player_experience":16453,"relics_obtained":[{"floor":9,"key":"Centennial Puzzle"},{"floor":11,"key":"PreservedInsect"},{"floor":14,"key":"Potion Belt"}],"event_choices":[{"damage_healed":0,"gold_gain":0,"player_choice":"Success","damage_taken":7,"relics_obtained":["Letter Opener"],"max_hp_gain":0,"max_hp_loss":0,"event_name":"Scrap Ooze","floor":2,"gold_loss":0},{"damage_healed":0,"gold_gain":0,"player_choice":"Lose Max HP","damage_taken":0,"relics_obtained":["Golden Idol"],"max_hp_gain":0,"max_hp_loss":5,"event_name":"Golden Idol","floor":3,"gold_loss":0},{"cards_removed":["Normality"],"damage_healed":0,"gold_gain":0,"player_choice":"Forget","damage_taken":0,"max_hp_gain":0,"max_hp_loss":0,"event_name":"Living Wall","floor":5,"gold_loss":0},{"damage_healed":0,"gold_gain":0,"player_choice":"Entered Light","damage_taken":13,"max_hp_gain":0,"max_hp_loss":0,"event_name":"Shining Light","floor":8,"gold_loss":0,"cards_upgraded":["Choke","Quick Slash"]}],"is_beta":false,"boss_relics":[],"items_purged_floors":[],"is_endless":false,"potions_floor_spawned":[1,6],"killed_by":"The Guardian","ascension_level":0}