{"gold_per_floor":[109,109,127,73,73,106,122,157,212,223,88,99,99,99,99,198,248,262,281,281,297,308,308,323,357,357,374,374],"floor_reached":28,"playtime":1852,"items_purged":[],"score":282,"play_id":"6869d946-6079-4750-bdec-2e1cbde614a5","local_time":"20190705211648","is_ascension_mode":false,"campfire_choices":[{"floor":13,"key":"RECALL"},{"floor":15,"key":"REST"},{"floor":23,"key":"REST"}],"neow_cost":"NONE","seed_source_timestamp":431395852310723,"circlet_count":0,"master_deck":["Strike_G","Strike_G","Strike_G","Strike_G","Defend_G","Defend_G","Defend_G","Defend_G+1","Survivor","Neutralize+1","Cloak And Dagger","Infinite Blades","Blade Dance","Bane","Dagger Spray","Endless Agony","Blade Dance+1","After Image","Dodge and Roll","Corpse Explosion","Cloak And Dagger","Calculated Gamble","Slice","Acrobatics","Burst","Prepared","Sucker Punch","Cloak And Dagger","Flying Knee","Cloak And Dagger"],"relics":["Ring of the Snake","NeowsBlessing","Sundial","Anchor","Tiny House","Red Mask","The Specimen"],"potions_floor_usage":[16,16,18,21,22,27],"damage_taken":[{"damage":0,"enemies":"2 Louse","floor":1,"turns":1},{"damage":0,"enemies":"Small Slimes","floor":3,"turns":1},{"damage":0,"enemies":"Gremlin Nob","floor":6,"turns":1},{"damage":0,"enemies":"Jaw Worm","floor":7,"turns":4},{"damage":21,"enemies":"3 Sentries","floor":8,"turns":8},{"damage":2,"enemies":"Blue Slaver","floor":10,"turns":4},{"damage":2,"enemies":"2 Fungi Beasts","floor":12,"turns":3},{"damage":37,"enemies":"Slime Boss","floor":16,"turns":9},{"damage":8,"enemies":"Spheric Guardian","floor":18,"turns":8},{"damage":5,"enemies":"Chosen","floor":19,"turns":7},{"damage":18,"enemies":"Shelled Parasite and Fungi","floor":21,"turns":8},{"damage":6,"enemies":"Centurion and Healer","floor":22,"turns":7},{"damage":17,"enemies":"Snake Plant","floor":24,"turns":8},{"damage":36,"enemies":"Masked Bandits","floor":25,"turns":9},{"damage":0,"enemies":"3 Cultists","floor":27,"turns":3},{"damage":15,"enemies":"Cultist and Chosen","floor":28,"turns":5}],"seed_played":"-3098314791698828805","potions_obtained":[{"floor":7,"key":"Strength Potion"},{"floor":10,"key":"Fire Potion"},{"floor":12,"key":"Weak Potion"},{"floor":17,"key":"Energy Potion"},{"floor":21,"key":"PowerPotion"},{"floor":25,"key":"SpeedPotion"}],"is_trial":false,"path_per_floor":["M","?","M","$","?","E","M","E","T","M","$","M","R","?","R","B",null,"M","M","?","M","M","R","M","?","T","M","M"],"character_chosen":"THE_SILENT","items_purchased":["Blade Dance","After Image"],"campfire_rested":2,"item_purchase_floors":[4,11],"current_hp_per_floor":[70,70,70,70,70,70,70,49,49,47,47,45,45,31,52,15,75,67,62,62,44,38,60,43,7,7,7,0],"gold":374,"neow_bonus":"THREE_ENEMY_KILL","is_prod":false,"is_daily":false,"chose_seed":false,"campfire_upgraded":0,"win_rate":0.0,"timestamp":1562372208,"path_taken":["M","?","M","$","?","E","M","E","T","M","$","M","R","?","R","BOSS","M","M","?","M","M","R","M","?","T","M","M"],"build_version":"2019-07-05","purchased_purges":0,"victory":false,"max_hp_per_floor":[70,70,70,70,70,70,70,70,70,70,70,70,70,70,70,70,75,75,75,75,75,75,75,75,75,75,75,75],"card_choices":[{"not_picked":["Poisoned Stab","Sucker Punch"],"picked":"Cloak And Dagger","floor":1},{"not_picked":["Expertise","Dodge and Roll"],"picked":"Infinite Blades","floor":3},{"not_picked":["Terror","Dash"],"picked":"Bane","floor":6},{"not_picked":["Outmaneuver","Reflex"],"picked":"Dagger Spray","floor":7},{"not_picked":["Well Laid Plans","Riddle With Holes"],"picked":"Endless Agony","floor":8},{"not_picked":["Choke","Backstab"],"picked":"Blade Dance","floor":10},{"not_picked":["Well Laid Plans","Dagger Throw"],"picked":"Dodge and Roll","floor":12},{"not_picked":["Adrenaline","Glass Knife"],"picked":"Corpse Explosion","floor":16},{"not_picked":["Terror","Dagger Throw"],"picked":"Cloak And Dagger","floor":17},{"not_picked":["Bane","Underhanded Strike"],"picked":"Calculated Gamble","floor":18},{"not_picked":["Dodge and Roll","Crippling Poison"],"picked":"Slice","floor":19},{"not_picked":["Catalyst","Bane"],"picked":"Prepared","floor":21},{"not_picked":["Outmaneuver+1","Acrobatics"],"picked":"Sucker Punch","floor":22},{"not_picked":["Leg Sweep","Flying Knee+1"],"picked":"Cloak And Dagger","floor":24},{"not_picked":["All Out Attack+1","Bouncing Flask"],"picked":"Flying Knee","floor":25},{"not_picked":["Dagger Throw","Outmaneuver+1"],"picked":"Cloak And Dagger","floor":27}],"player_experience":66449,"relics_obtained":[{"floor":6,"key":"Sundial"},{"floor":8,"key":"Anchor"},{"floor":25,"key":"Red Mask"},{"floor":26,"key":"The Specimen"}],"event_choices":[{"damage_healed":0,"gold_gain":0,"player_choice":"Ignored","damage_taken":0,"max_hp_gain":0,"max_hp_loss":0,"event_name":"Golden Wing","floor":2,"gold_loss":0},{"damage_healed":0,"gold_gain":0,"player_choice":"Leave","damage_taken":0,"max_hp_gain":0,"max_hp_loss":0,"event_name":"The Cleric","floor":5,"gold_loss":0},{"damage_healed":0,"gold_gain":0,"player_choice":"Entered Light","damage_taken":14,"max_hp_gain":0,"max_hp_loss":0,"event_name":"Shining Light","floor":14,"gold_loss":0,"cards_upgraded":["Neutralize","Defend_G"]},{"damage_healed":0,"gold_gain":0,"cards_transformed":["Strike_G","Defend_G"],"player_choice":"Became Test Subject","damage_taken":0,"max_hp_gain":0,"max_hp_loss":0,"event_name":"Drug Dealer","floor":20,"gold_loss":0,"cards_obtained":["Acrobatics","Burst"]},{"damage_healed":0,"gold_gain":0,"player_choice":"Fought Bandits","damage_taken":0,"max_hp_gain":0,"max_hp_loss":0,"event_name":"Masked Bandits","floor":25,"gold_loss":0}],"is_beta":false,"boss_relics":[{"not_picked":["Philosopher\u0027s Stone","Sozu"],"picked":"Tiny House"}],"items_purged_floors":[],"is_endless":false,"potions_floor_spawned":[7,10,12,21,25],"killed_by":"Cultist and Chosen","ascension_level":0}