{"gold_per_floor":[117,130,19,94,94,94,105,105,105,118,118,118,196,236,236,236],"floor_reached":16,"playtime":471,"items_purged":["Strike_R"],"score":98,"play_id":"d82f4bb8-1761-4231-b50f-d638aa32872d","local_time":"20190328111829","is_ascension_mode":false,"campfire_choices":[{"data":"True Grit","floor":6,"key":"SMITH"},{"data":"Body Slam","floor":8,"key":"SMITH"},{"data":"Seeing Red","floor":11,"key":"SMITH"},{"data":"Berserk","floor":15,"key":"SMITH"}],"neow_cost":"TEN_PERCENT_HP_LOSS","seed_source_timestamp":1215184963167107,"circlet_count":0,"master_deck":["Strike_R","Strike_R","Strike_R","Strike_R","Defend_R","Defend_R","Defend_R","Defend_R","Wild Strike","True Grit+1","Inflame","Body Slam+1","Seeing Red+1","Berserk+1"],"relics":["Burning Blood","Ginger","Bottled Tornado","Golden Idol","Calipers"],"potions_floor_usage":[16],"damage_taken":[{"damage":1,"enemies":"Cultist","floor":1,"turns":3},{"damage":1,"enemies":"Jaw Worm","floor":2,"turns":3},{"damage":0,"enemies":"2 Louse","floor":7,"turns":2},{"damage":3,"enemies":"Red Slaver","floor":10,"turns":3},{"damage":18,"enemies":"3 Sentries","floor":14,"turns":7},{"damage":58,"enemies":"Hexaghost","floor":16,"turns":11}],"seed_played":"-5103539839561163308","potions_obtained":[{"floor":7,"key":"GamblersBrew"}],"is_trial":false,"path_per_floor":["M","M","$","?","?","R","M","R","T","M","R","?","?","E","R","B"],"character_chosen":"IRONCLAD","items_purchased":["Inflame"],"campfire_rested":0,"item_purchase_floors":[3],"current_hp_per_floor":[72,72,72,61,61,61,67,67,67,70,70,67,67,55,55,0],"gold":236,"neow_bonus":"ONE_RARE_RELIC","is_prod":false,"is_daily":false,"chose_seed":false,"campfire_upgraded":4,"win_rate":0.0,"timestamp":1553786309,"path_taken":["M","?","$","?","?","R","?","R","T","M","R","?","?","E","R","BOSS"],"build_version":"2019-01-23","purchased_purges":1,"victory":false,"max_hp_per_floor":[72,72,72,72,72,72,72,72,72,72,72,67,67,67,67,67],"card_choices":[{"not_picked":["Armaments","Heavy Blade"],"picked":"Wild Strike","floor":1},{"not_picked":["Sentinel","Anger"],"picked":"True Grit","floor":2},{"not_picked":["Cleave","Hemokinesis"],"picked":"Body Slam","floor":7},{"not_picked":["Burning Pact","Anger"],"picked":"Seeing Red","floor":10},{"not_picked":["Cleave","Havoc"],"picked":"Berserk","floor":14}],"player_experience":64905,"relics_obtained":[{"floor":9,"key":"Bottled Tornado"},{"floor":14,"key":"Calipers"}],"event_choices":[{"damage_healed":0,"gold_gain":75,"player_choice":"Gather Gold","damage_taken":11,"max_hp_gain":0,"max_hp_loss":0,"event_name":"World of Goop","floor":4,"gold_loss":0},{"cards_removed":["Bash"],"damage_healed":0,"gold_gain":0,"player_choice":"Offered Basic","damage_taken":0,"max_hp_gain":0,"max_hp_loss":0,"event_name":"Bonfire Elementals","floor":5,"gold_loss":0},{"damage_healed":0,"gold_gain":0,"player_choice":"Lose Max HP","damage_taken":0,"relics_obtained":["Golden Idol"],"max_hp_gain":0,"max_hp_loss":5,"event_name":"Golden Idol","floor":12,"gold_loss":0},{"damage_healed":0,"gold_gain":78,"player_choice":"Gained Gold","damage_taken":0,"max_hp_gain":0,"max_hp_loss":0,"event_name":"Golden Wing","floor":13,"gold_loss":0}],"is_beta":false,"boss_relics":[],"items_purged_floors":[3],"is_endless":false,"potions_floor_spawned":[7],"killed_by":"Hexaghost","ascension_level":0}