{"gold_per_floor":[119,136,152,252,268,268,268,268,268,278,278,307,326,344,344,344],"floor_reached":16,"playtime":577,"items_purged":[],"score":120,"play_id":"8bda05e9-4b93-464e-b6a7-47da33cb3a7e","local_time":"20190708162605","is_ascension_mode":true,"campfire_choices":[{"data":"Combust","floor":6,"key":"SMITH"},{"data":"Shrug It Off","floor":8,"key":"SMITH"},{"data":"Entrench","floor":11,"key":"SMITH"},{"data":"Pommel Strike","floor":15,"key":"SMITH"}],"neow_cost":"NONE","seed_source_timestamp":857374044495800,"circlet_count":0,"master_deck":["Strike_R","Strike_R","Strike_R","Strike_R","Strike_R","Defend_R","Defend_R","Defend_R","Defend_R","Bash+1","Headbutt","Pommel Strike+1","Shrug It Off+1","Combust+1","Entrench+1","Cleave","Rupture","Cleave"],"relics":["Burning Blood","CultistMask","Juzu Bracelet","Shuriken"],"potions_floor_usage":[5,12,14],"damage_taken":[{"damage":1,"enemies":"Cultist","floor":1,"turns":3},{"damage":6,"enemies":"2 Louse","floor":2,"turns":3},{"damage":0,"enemies":"Small Slimes","floor":3,"turns":2},{"damage":32,"enemies":"Exordium Thugs","floor":5,"turns":5},{"damage":4,"enemies":"Exordium Wildlife","floor":10,"turns":5},{"damage":34,"enemies":"Gremlin Nob","floor":12,"turns":4},{"damage":3,"enemies":"3 Louse","floor":13,"turns":2},{"damage":13,"enemies":"Red Slaver","floor":14,"turns":6},{"damage":34,"enemies":"Hexaghost","floor":16,"turns":10}],"seed_played":"-1914885960584201457","potions_obtained":[{"floor":2,"key":"PowerPotion"},{"floor":10,"key":"BloodPotion"},{"floor":12,"key":"EssenceOfSteel"}],"is_trial":false,"path_per_floor":["M","M","M","?","M","R","?","R","T","M","R","E","M","M","R","B"],"character_chosen":"IRONCLAD","items_purchased":[],"campfire_rested":0,"item_purchase_floors":[],"current_hp_per_floor":[80,80,80,80,54,54,54,54,54,56,56,36,39,32,32,0],"gold":344,"neow_bonus":"UPGRADE_CARD","is_prod":false,"is_daily":false,"chose_seed":false,"campfire_upgraded":4,"win_rate":0,"timestamp":1562617565,"path_taken":["M","?","M","?","?","R","?","R","T","M","R","E","M","M","R","BOSS"],"build_version":"2019-01-23","purchased_purges":0,"victory":false,"max_hp_per_floor":[80,80,80,80,80,80,80,80,80,80,80,80,80,80,80,80],"card_choices":[{"not_picked":["Warcry","Shockwave"],"picked":"Headbutt","floor":1},{"not_picked":["Rupture","Twin Strike"],"picked":"Pommel Strike","floor":2},{"not_picked":["Havoc","Thunderclap"],"picked":"Shrug It Off","floor":3},{"not_picked":["Warcry","Sword Boomerang"],"picked":"Combust","floor":5},{"not_picked":["Anger","Pommel Strike"],"picked":"Entrench","floor":10},{"not_picked":["Dropkick","Immolate"],"picked":"Cleave","floor":12},{"not_picked":["Twin Strike","Clothesline"],"picked":"Rupture","floor":13},{"not_picked":["Thunderclap","Havoc"],"picked":"Cleave","floor":14}],"player_experience":181586,"relics_obtained":[{"floor":9,"key":"Juzu Bracelet"},{"floor":12,"key":"Shuriken"}],"event_choices":[{"damage_healed":0,"gold_gain":100,"player_choice":"Pray","damage_taken":0,"max_hp_gain":0,"max_hp_loss":0,"event_name":"Golden Shrine","floor":4,"gold_loss":0},{"damage_healed":0,"gold_gain":0,"player_choice":"Trade","damage_taken":0,"relics_obtained":["CultistMask"],"max_hp_gain":0,"max_hp_loss":0,"event_name":"FaceTrader","floor":7,"gold_loss":0}],"is_beta":false,"boss_relics":[],"items_purged_floors":[],"is_endless":false,"potions_floor_spawned":[2,10,12],"killed_by":"Hexaghost","ascension_level":3}