{"gold_per_floor":[368,368,368,328,347,347,376,376,376,388,408,147,147,164,164,266,266,280,380,135,234,253,253,282,282,282,302,316,316,333,333,333,333],"floor_reached":33,"playtime":2016,"items_purged":["Strike_B","Defend_B"],"score":305,"play_id":"c90cc44a-a77e-4e2e-bcd0-9b6c2ece34f2","local_time":"20190309161759","is_ascension_mode":true,"campfire_choices":[{"data":"Zap","floor":6,"key":"SMITH"},{"floor":8,"key":"REST"},{"data":"Coolheaded","floor":13,"key":"SMITH"},{"data":"1","floor":15,"key":"LIFT"},{"floor":23,"key":"DIG"},{"floor":25,"key":"REST"},{"floor":32,"key":"REST"}],"neow_cost":"PERCENT_DAMAGE","seed_source_timestamp":169264507748846,"circlet_count":0,"master_deck":["Defend_B+1","Zap+1","Dualcast+1","Coolheaded+1","Machine Learning","Glacier","Seek","Doom and Gloom+1","FTL","Gash","Electrodynamics","Lockon+1","Sweeping Beam+1","Turbo+1","Ball Lightning+1","Redo+1","Capacitor+1","BootSequence+1","Gash+1"],"relics":["Cracked Core","Pear","Girya","Omamori","Astrolabe","Shovel","Toxic Egg 2","War Paint","Oddly Smooth Stone","Cables","Whetstone","Anchor","Nilry\u0027s Codex"],"potions_floor_usage":[19,19,22,27,33,33],"damage_taken":[{"damage":8,"enemies":"Jaw Worm","floor":1,"turns":4},{"damage":2,"enemies":"2 Louse","floor":5,"turns":2},{"damage":21,"enemies":"Lagavulin","floor":7,"turns":9},{"damage":0,"enemies":"Cultist","floor":10,"turns":4},{"damage":3,"enemies":"Red Slaver","floor":11,"turns":3},{"damage":4,"enemies":"Looter","floor":14,"turns":3},{"damage":28,"enemies":"Hexaghost","floor":16,"turns":10},{"damage":0,"enemies":"Spheric Guardian","floor":18,"turns":3},{"damage":18,"enemies":"Colosseum Slavers","floor":19,"turns":3},{"damage":7,"enemies":"Colosseum Nobs","floor":19,"turns":2},{"damage":0,"enemies":"3 Byrds","floor":22,"turns":2},{"damage":42,"enemies":"Book of Stabbing","floor":24,"turns":6},{"damage":1,"enemies":"Snecko","floor":27,"turns":5},{"damage":0,"enemies":"3 Cultists","floor":28,"turns":3},{"damage":0,"enemies":"Snake Plant","floor":30,"turns":3},{"damage":55,"enemies":"Automaton","floor":33,"turns":6}],"seed_played":"7453432936534233959","potions_obtained":[{"floor":4,"key":"Ancient Potion"},{"floor":4,"key":"GamblersBrew"},{"floor":4,"key":"EntropicBrew"},{"floor":7,"key":"Dexterity Potion"},{"floor":10,"key":"FocusPotion"},{"floor":16,"key":"FocusPotion"},{"floor":22,"key":"GamblersBrew"},{"floor":24,"key":"SteroidPotion"},{"floor":28,"key":"FocusPotion"}],"is_trial":false,"path_per_floor":["M","?","?","?","M","R","E","R","T","M","M","$","R","M","R","B",null,"M","?","$","?","M","R","E","R","T","M","M","?","M","?","R","B"],"character_chosen":"DEFECT","items_purchased":["Omamori","FTL","War Paint"],"campfire_rested":3,"item_purchase_floors":[12,12,20],"current_hp_per_floor":[46,46,39,39,37,37,26,51,51,51,48,48,48,44,44,16,85,85,60,60,60,60,60,18,43,43,42,42,42,42,26,51,0],"gold":333,"neow_bonus":"TWO_FIFTY_GOLD","is_prod":false,"is_daily":false,"chose_seed":false,"campfire_upgraded":2,"win_rate":0,"timestamp":1552166279,"path_taken":["M","?","?","?","M","R","E","R","T","M","?","?","R","M","R","BOSS","M","?","$","?","M","R","E","R","T","M","M","?","M","?","R","BOSS"],"build_version":"2019-01-23","purchased_purges":2,"victory":false,"max_hp_per_floor":[75,75,75,75,75,75,85,85,85,85,85,85,85,85,85,85,85,85,85,85,85,85,85,85,85,85,85,85,85,85,85,85,85],"card_choices":[{"not_picked":["Hologram","Rebound"],"picked":"Coolheaded","floor":1},{"not_picked":["Coolheaded","Go for the Eyes"],"picked":"Glacier","floor":5},{"not_picked":["Steam","Rip and Tear"],"picked":"Seek","floor":7},{"not_picked":["Stack","Redo"],"picked":"Doom and Gloom","floor":10},{"not_picked":["Undo","Streamline","Leap"],"picked":"SKIP","floor":11},{"not_picked":["Coolheaded","Reinforced Body"],"picked":"Gash","floor":14},{"not_picked":["Rainbow","Hyperbeam"],"picked":"Electrodynamics","floor":16},{"not_picked":["Skim","Barrage"],"picked":"Ball Lightning","floor":18},{"not_picked":["Conserve Battery","Ball Lightning"],"picked":"Redo+1","floor":19},{"not_picked":["White Noise+1","Steam+1"],"picked":"Capacitor+1","floor":22},{"not_picked":["Creative AI","Double Energy+1","Recycle+1"],"picked":"SKIP","floor":24},{"not_picked":["Barrage","Sunder","FTL"],"picked":"SKIP","floor":27},{"not_picked":["Barrage","Turbo+1"],"picked":"BootSequence+1","floor":28},{"not_picked":["Recycle+1","Hologram+1"],"picked":"Gash+1","floor":30}],"player_experience":116557,"relics_obtained":[{"floor":7,"key":"Pear"},{"floor":9,"key":"Girya"},{"floor":19,"key":"Shovel"},{"floor":19,"key":"Toxic Egg 2"},{"floor":23,"key":"Oddly Smooth Stone"},{"floor":24,"key":"Cables"},{"floor":26,"key":"Whetstone"},{"floor":31,"key":"Nilry\u0027s Codex"}],"event_choices":[{"damage_healed":0,"gold_gain":0,"cards_transformed":["Strike_B"],"player_choice":"Change","damage_taken":0,"max_hp_gain":0,"max_hp_loss":0,"event_name":"Living Wall","floor":2,"gold_loss":0,"cards_obtained":["Machine Learning"]},{"cards_removed":["Defend_B"],"damage_healed":0,"gold_gain":0,"player_choice":"Card Removal","damage_taken":7,"max_hp_gain":0,"max_hp_loss":0,"event_name":"Golden Wing","floor":3,"gold_loss":0},{"damage_healed":0,"gold_gain":0,"player_choice":"Bought 3 Potions","damage_taken":0,"max_hp_gain":0,"max_hp_loss":0,"event_name":"The Woman in Blue","floor":4,"gold_loss":0},{"damage_healed":0,"gold_gain":0,"player_choice":"Fight","damage_taken":0,"max_hp_gain":0,"max_hp_loss":0,"event_name":"Colosseum","floor":19,"gold_loss":0},{"damage_healed":0,"gold_gain":0,"player_choice":"Fought Nobs","damage_taken":0,"max_hp_gain":0,"max_hp_loss":0,"event_name":"Colosseum","floor":19,"gold_loss":0},{"damage_healed":0,"gold_gain":99,"player_choice":"Stole From Cult","damage_taken":0,"max_hp_gain":0,"max_hp_loss":0,"event_name":"Nest","floor":21,"gold_loss":0},{"damage_healed":0,"gold_gain":0,"player_choice":"Opened","damage_taken":0,"relics_obtained":["Anchor"],"max_hp_gain":0,"max_hp_loss":0,"event_name":"The Mausoleum","floor":29,"gold_loss":0,"cards_obtained":["Writhe"]},{"damage_healed":0,"gold_gain":0,"player_choice":"Obtained Book","damage_taken":16,"max_hp_gain":0,"max_hp_loss":0,"event_name":"Cursed Tome","floor":31,"gold_loss":0}],"is_beta":false,"boss_relics":[{"not_picked":["Fusion Hammer","Eternal Feather"],"picked":"Astrolabe"}],"items_purged_floors":[12,20],"is_endless":false,"potions_floor_spawned":[7,10,11,16,18,22,24,28,30],"killed_by":"Automaton","ascension_level":3}