{"gold_per_floor":[113,113,129,129,146,146,165,180,180,196,16,47,47,58,58,153,153,165,165,165,165,180,180,190,190,190,222,222],"floor_reached":28,"playtime":2818,"items_purged":[],"score":278,"play_id":"669a26b0-dc57-4816-b4df-0d81f288b9e4","local_time":"20190629234951","is_ascension_mode":true,"campfire_choices":[{"data":"Limit Break","floor":6,"key":"SMITH"},{"data":"Heavy Blade","floor":13,"key":"SMITH"},{"floor":15,"key":"REST"},{"floor":23,"key":"REST"},{"floor":25,"key":"REST"}],"neow_cost":"NONE","seed_source_timestamp":29910855449257,"circlet_count":0,"master_deck":["Strike_R","Strike_R","Strike_R","Strike_R","Defend_R","Defend_R","Defend_R","Defend_R","Bash","Dark Embrace","Pommel Strike+1","Inflame","Limit Break+1","Heavy Blade+1","Clash","Inflame","Reckless Charge","Iron Wave","Pummel","Demon Form","Clumsy","Parasite","Thunderclap","Normality","Doubt","Pummel","Pommel Strike","Metallicize+1"],"relics":["Burning Blood","Vajra","Bag of Preparation","Calling Bell","Pen Nib","Sundial","Shovel","Orichalcum","Paper Frog"],"potions_floor_usage":[16,16,22,24,27],"damage_taken":[{"damage":0,"enemies":"Small Slimes","floor":1,"turns":3},{"damage":0,"enemies":"Cultist","floor":3,"turns":2},{"damage":7,"enemies":"2 Louse","floor":5,"turns":2},{"damage":10,"enemies":"Red Slaver","floor":7,"turns":5},{"damage":13,"enemies":"Blue Slaver","floor":8,"turns":4},{"damage":16,"enemies":"3 Louse","floor":10,"turns":3},{"damage":28,"enemies":"3 Sentries","floor":12,"turns":5},{"damage":9,"enemies":"2 Fungi Beasts","floor":14,"turns":2},{"damage":29,"enemies":"Hexaghost","floor":16,"turns":7},{"damage":43,"enemies":"3 Byrds","floor":18,"turns":5},{"damage":15,"enemies":"Shell Parasite","floor":22,"turns":4},{"damage":28,"enemies":"Centurion and Healer","floor":24,"turns":6},{"damage":47,"enemies":"Book of Stabbing","floor":27,"turns":5},{"damage":15,"enemies":"Shelled Parasite and Fungi","floor":28,"turns":3}],"seed_played":"-9062470034627085638","potions_obtained":[{"floor":3,"key":"Block Potion"},{"floor":5,"key":"Energy Potion"},{"floor":10,"key":"FairyPotion"},{"floor":16,"key":"SkillPotion"},{"floor":21,"key":"Block Potion"},{"floor":21,"key":"Strength Potion"},{"floor":22,"key":"Weak Potion"},{"floor":27,"key":"Dexterity Potion"}],"is_trial":false,"path_per_floor":["M","?","M","?","M","R","M","M","T","M","$","E","R","M","R","B",null,"M","?","?","?","M","R","M","R","T","E","M"],"character_chosen":"IRONCLAD","items_purchased":["Vajra","Reckless Charge"],"campfire_rested":3,"item_purchase_floors":[11,11],"current_hp_per_floor":[80,80,80,80,79,79,75,68,68,58,58,36,36,33,57,34,80,43,43,28,28,19,44,22,47,47,14,0],"gold":222,"neow_bonus":"TRANSFORM_CARD","is_prod":false,"is_daily":false,"chose_seed":false,"campfire_upgraded":2,"win_rate":0,"timestamp":1561866591,"path_taken":["M","?","?","?","?","R","M","M","T","M","$","E","R","M","R","BOSS","M","?","?","?","?","R","M","R","T","E","M"],"build_version":"2019-01-23","purchased_purges":0,"victory":false,"max_hp_per_floor":[80,80,80,80,80,80,80,80,80,80,80,80,80,80,80,80,80,80,80,85,85,85,85,85,85,85,85,85],"card_choices":[{"not_picked":["Headbutt","Carnage"],"picked":"Pommel Strike","floor":1},{"not_picked":["Cleave","Pummel"],"picked":"Inflame","floor":3},{"not_picked":["Pommel Strike","Shrug It Off"],"picked":"Limit Break","floor":5},{"not_picked":["Clash","Shockwave"],"picked":"Heavy Blade","floor":7},{"not_picked":["Wild Strike","Power Through"],"picked":"Clash","floor":8},{"not_picked":["Thunderclap","Perfected Strike"],"picked":"Inflame","floor":10},{"not_picked":["Entrench","Intimidate"],"picked":"Iron Wave","floor":12},{"not_picked":["Heavy Blade","Searing Blow"],"picked":"Pummel","floor":14},{"not_picked":["Brutality","Immolate"],"picked":"Demon Form","floor":16},{"not_picked":["Sword Boomerang","Dual Wield"],"picked":"Thunderclap","floor":18},{"not_picked":["Headbutt","Body Slam"],"picked":"Pummel","floor":22},{"not_picked":["Wild Strike+1","Corruption+1"],"picked":"Pommel Strike","floor":24},{"not_picked":["Hemokinesis","Shrug It Off"],"picked":"Metallicize+1","floor":27}],"player_experience":31215,"relics_obtained":[{"floor":12,"key":"Bag of Preparation"},{"floor":17,"key":"Pen Nib"},{"floor":17,"key":"Sundial"},{"floor":17,"key":"Shovel"},{"floor":26,"key":"Orichalcum"},{"floor":27,"key":"Paper Frog"}],"event_choices":[{"damage_healed":0,"gold_gain":0,"player_choice":"Forge","damage_taken":0,"max_hp_gain":0,"max_hp_loss":0,"event_name":"Accursed Blacksmith","floor":2,"gold_loss":0,"cards_upgraded":["Pommel Strike"]},{"damage_healed":0,"gold_gain":0,"player_choice":"Cursed","damage_taken":0,"max_hp_gain":0,"max_hp_loss":0,"event_name":"Wheel of Change","floor":4,"gold_loss":0,"cards_obtained":["Decay"]},{"damage_healed":0,"gold_gain":0,"cards_transformed":["Regret","Decay"],"player_choice":"Became Test Subject","damage_taken":0,"max_hp_gain":0,"max_hp_loss":0,"event_name":"Drug Dealer","floor":19,"gold_loss":0,"cards_obtained":["Normality","Doubt"]},{"damage_healed":0,"gold_gain":0,"player_choice":"Shed Blood","damage_taken":20,"max_hp_gain":5,"max_hp_loss":0,"event_name":"Forgotten Altar","floor":20,"gold_loss":0},{"damage_healed":0,"gold_gain":0,"player_choice":"Got Potions","damage_taken":0,"max_hp_gain":0,"max_hp_loss":0,"event_name":"Lab","floor":21,"gold_loss":0}],"is_beta":false,"boss_relics":[{"not_picked":["Busted Crown","Runic Pyramid"],"picked":"Calling Bell"}],"items_purged_floors":[],"is_endless":false,"potions_floor_spawned":[3,5,10,16,22,27],"killed_by":"Shelled Parasite and Fungi","ascension_level":1}