{"gold_per_floor":[111,61,136,30,43,68,68,96,96,114,140,140,151,214,214,312,312,327,297,74,174,188,219,219],"floor_reached":24,"playtime":1097,"items_purged":["Strike_R"],"score":269,"play_id":"467f6de1-045e-4518-8fa0-0070eb9e7920","local_time":"20190708154723","is_ascension_mode":true,"campfire_choices":[{"data":"Inflame","floor":12,"key":"SMITH"},{"data":"Dual Wield","floor":15,"key":"SMITH"}],"neow_cost":"TEN_PERCENT_HP_LOSS","seed_source_timestamp":854530794506900,"circlet_count":0,"master_deck":["Strike_R","Strike_R","Defend_R","Defend_R","Defend_R","Defend_R","Bash","Inflame","Shrug It Off","Armaments","Warcry","Body Slam","Inflame+1","Pommel Strike","Combust+1","Feel No Pain+1","Dual Wield+1","Brutality+1","Rupture+1","Feel No Pain+1","Battle Trance+1"],"relics":["Burning Blood","Bird Faced Urn","Mango","Potion Belt","Frozen Egg 2","Bottled Tornado","Singing Bowl","Velvet Choker","Vajra","Bag of Preparation"],"potions_floor_usage":[11,16,19,23,24],"damage_taken":[{"damage":2,"enemies":"Jaw Worm","floor":1,"turns":3},{"damage":0,"enemies":"2 Louse","floor":5,"turns":2},{"damage":40,"enemies":"3 Sentries","floor":6,"turns":14},{"damage":8,"enemies":"Lagavulin","floor":8,"turns":7},{"damage":1,"enemies":"Small Slimes","floor":10,"turns":5},{"damage":25,"enemies":"Gremlin Nob","floor":11,"turns":5},{"damage":8,"enemies":"2 Fungi Beasts","floor":13,"turns":4},{"damage":26,"enemies":"3 Sentries","floor":14,"turns":6},{"damage":42,"enemies":"Hexaghost","floor":16,"turns":11},{"damage":21,"enemies":"Chosen","floor":18,"turns":5},{"damage":10,"enemies":"2 Thieves","floor":19,"turns":2},{"damage":33,"enemies":"Snake Plant","floor":22,"turns":4},{"damage":74,"enemies":"Gremlin Leader","floor":23,"turns":7},{"damage":33,"enemies":"Snecko","floor":24,"turns":5}],"seed_played":"8115715150234677427","potions_obtained":[{"floor":8,"key":"EssenceOfSteel"},{"floor":10,"key":"SmokeBomb"},{"floor":13,"key":"FearPotion"},{"floor":16,"key":"Poison Potion"},{"floor":23,"key":"Poison Potion"}],"is_trial":false,"path_per_floor":["M","?","?","$","M","E","?","E","T","M","E","R","M","?","R","B",null,"M","M","$","?","M","E","M"],"character_chosen":"IRONCLAD","items_purchased":["Shrug It Off","Armaments","Vajra"],"campfire_rested":0,"item_purchase_floors":[4,4,20],"current_hp_per_floor":[72,72,61,61,67,49,42,42,42,51,36,36,40,28,28,8,86,75,77,77,77,62,8,0],"gold":219,"neow_bonus":"ONE_RARE_RELIC","is_prod":false,"is_daily":false,"chose_seed":false,"campfire_upgraded":2,"win_rate":0,"timestamp":1562615243,"path_taken":["M","?","?","$","M","E","?","E","T","M","E","R","M","?","R","BOSS","M","M","$","?","?","E","M"],"build_version":"2019-01-23","purchased_purges":1,"victory":false,"max_hp_per_floor":[72,72,72,72,72,86,86,86,86,86,86,86,86,86,86,86,86,86,86,86,86,86,86,86],"card_choices":[{"not_picked":["Havoc","Twin Strike"],"picked":"Inflame","floor":1},{"not_picked":["Wild Strike","Clothesline"],"picked":"Warcry","floor":5},{"not_picked":["Rampage","Clash"],"picked":"Body Slam","floor":6},{"not_picked":["Searing Blow","Disarm"],"picked":"Inflame","floor":8},{"not_picked":["Hemokinesis","Flex"],"picked":"Pommel Strike","floor":10},{"not_picked":["Reckless Charge","Carnage"],"picked":"Combust+1","floor":11},{"not_picked":["Heavy Blade","Twin Strike"],"picked":"Feel No Pain+1","floor":13},{"not_picked":["Flex","Havoc"],"picked":"Dual Wield","floor":14},{"not_picked":["Exhume","Feed"],"picked":"Brutality+1","floor":16},{"not_picked":["Perfected Strike+1","Shrug It Off"],"picked":"Rupture+1","floor":18},{"not_picked":["Clash","Flex"],"picked":"Feel No Pain+1","floor":22},{"not_picked":["Body Slam","Demon Form+1"],"picked":"Battle Trance+1","floor":23}],"player_experience":178894,"relics_obtained":[{"floor":6,"key":"Mango"},{"floor":8,"key":"Potion Belt"},{"floor":9,"key":"Frozen Egg 2"},{"floor":11,"key":"Bottled Tornado"},{"floor":14,"key":"Singing Bowl"},{"floor":23,"key":"Bag of Preparation"}],"event_choices":[{"cards_removed":["Strike_R"],"damage_healed":0,"gold_gain":0,"player_choice":"Card Removal","damage_taken":0,"max_hp_gain":0,"max_hp_loss":0,"event_name":"The Cleric","floor":2,"gold_loss":50},{"damage_healed":0,"gold_gain":75,"player_choice":"Gather Gold","damage_taken":11,"max_hp_gain":0,"max_hp_loss":0,"event_name":"World of Goop","floor":3,"gold_loss":0},{"cards_removed":["Strike_R"],"damage_healed":0,"gold_gain":0,"player_choice":"Card Removal","damage_taken":7,"max_hp_gain":0,"max_hp_loss":0,"event_name":"Golden Wing","floor":7,"gold_loss":0},{"damage_healed":0,"gold_gain":0,"player_choice":"Searched \u00272\u0027 times","damage_taken":0,"max_hp_gain":0,"max_hp_loss":0,"event_name":"Dead Adventurer","floor":14,"gold_loss":0},{"damage_healed":0,"gold_gain":100,"player_choice":"Pray","damage_taken":0,"max_hp_gain":0,"max_hp_loss":0,"event_name":"Golden Shrine","floor":21,"gold_loss":0}],"is_beta":false,"boss_relics":[{"not_picked":["Runic Dome","Cursed Key"],"picked":"Velvet Choker"}],"items_purged_floors":[20],"is_endless":false,"potions_floor_spawned":[8,10,13,16,23],"killed_by":"Snecko","ascension_level":3}