{"gold_per_floor":[109,109,109,55,66,99,111,123,135,172,184,196,242,279,291,303],"floor_reached":16,"playtime":844,"items_purged":[],"score":253,"play_id":"c99a0e10-a436-4921-98aa-a8a556d76f62","local_time":"20190709072951","is_ascension_mode":true,"campfire_choices":[{"data":"Glacier","floor":11,"key":"SMITH"},{"floor":15,"key":"REST"}],"neow_cost":"NONE","seed_source_timestamp":349207063252468,"circlet_count":0,"master_deck":["AscendersBane","Strike_B","Strike_B","Strike_B","Defend_B","Defend_B","Defend_B","Defend_B","Zap","Dualcast","Gash","Undo","Hologram","Hologram","Glacier+1"],"relics":["Cracked Core","NeowsBlessing","Blue Candle","MawBank","Golden Idol","Ancient Tea Set","Dodecahedron"],"potions_floor_usage":[13,16],"damage_taken":[{"damage":0,"enemies":"Small Slimes","floor":1,"turns":1},{"damage":0,"enemies":"Jaw Worm","floor":5,"turns":1},{"damage":0,"enemies":"Gremlin Nob","floor":6,"turns":1},{"damage":0,"enemies":"2 Louse","floor":10,"turns":3},{"damage":16,"enemies":"Lagavulin","floor":13,"turns":12},{"damage":30,"enemies":"Gremlin Gang","floor":14,"turns":8},{"damage":35,"enemies":"Slime Boss","floor":16,"turns":12}],"seed_played":"8658951514715832796","potions_obtained":[{"floor":1,"key":"GamblersBrew"},{"floor":14,"key":"Dexterity Potion"}],"is_trial":false,"path_per_floor":["M","?","T","$","M","E","$","?","T","M","R","?","E","M","R","B"],"character_chosen":"DEFECT","items_purchased":["Hologram"],"campfire_rested":1,"item_purchase_floors":[4],"current_hp_per_floor":[64,64,64,64,64,64,64,64,64,64,64,64,48,18,37,2],"gold":303,"neow_bonus":"THREE_ENEMY_KILL","is_prod":false,"is_daily":false,"chose_seed":false,"campfire_upgraded":1,"win_rate":0,"timestamp":1562671791,"path_taken":["M","?","?","$","M","E","$","?","T","M","R","?","E","?","R","BOSS"],"build_version":"2019-07-03","purchased_purges":0,"victory":false,"max_hp_per_floor":[71,71,71,71,71,71,71,64,64,64,64,64,64,64,64,64],"card_choices":[{"not_picked":["Reinforced Body","Go for the Eyes"],"picked":"Gash","floor":1},{"not_picked":["Streamline","Loop"],"picked":"Hologram","floor":5},{"not_picked":["Beam Cell","Streamline","Electrodynamics"],"picked":"SKIP","floor":6},{"not_picked":["Leap","FTL"],"picked":"Glacier","floor":10},{"not_picked":["Steam","Multi-Cast","BootSequence"],"picked":"SKIP","floor":13},{"not_picked":["Go for the Eyes","Leap","Conserve Battery"],"picked":"SKIP","floor":14}],"player_experience":726999,"relics_obtained":[{"floor":3,"key":"Blue Candle"},{"floor":6,"key":"MawBank"},{"floor":9,"key":"Ancient Tea Set"},{"floor":13,"key":"Dodecahedron"}],"event_choices":[{"damage_healed":0,"gold_gain":0,"cards_transformed":["Strike_B"],"player_choice":"Change","damage_taken":0,"max_hp_gain":0,"max_hp_loss":0,"event_name":"Living Wall","floor":2,"gold_loss":0,"cards_obtained":["Undo"]},{"damage_healed":0,"gold_gain":0,"player_choice":"Lose Max HP","damage_taken":0,"relics_obtained":["Golden Idol"],"max_hp_gain":0,"max_hp_loss":7,"event_name":"Golden Idol","floor":8,"gold_loss":0},{"damage_healed":0,"gold_gain":0,"player_choice":"0 cards matched","damage_taken":0,"max_hp_gain":0,"max_hp_loss":0,"event_name":"Match and Keep!","floor":12,"gold_loss":0,"cards_obtained":[]}],"is_beta":true,"boss_relics":[],"items_purged_floors":[],"is_endless":false,"potions_floor_spawned":[1,14],"killed_by":"Slime Boss","ascension_level":18}