{"gold_per_floor":[112,187,187,246,36,36,62,62,62,62,76,76,76,87,87,161,161,176,16,16,16],"floor_reached":21,"playtime":874,"items_purged":["Strike_R"],"score":386,"play_id":"2ba9b1e8-29ac-42f0-8bb8-a8533970c04b","local_time":"20190707211414","is_ascension_mode":true,"campfire_choices":[{"data":"True Grit","floor":6,"key":"SMITH"},{"data":"Clothesline","floor":10,"key":"SMITH"},{"data":"Clothesline","floor":12,"key":"SMITH"},{"floor":15,"key":"REST"}],"neow_cost":"NONE","seed_source_timestamp":260140662576711,"circlet_count":0,"master_deck":["AscendersBane","Strike_R","Strike_R","Strike_R","Strike_R","Defend_R","Defend_R","Defend_R","Defend_R","Bash","Clothesline+1","True Grit+1","Clothesline+1","Seeing Red","Spot Weakness","Demon Form","Havoc"],"relics":["Burning Blood","NeowsBlessing","StoneCalendar","Ginger","Unceasing Top","Velvet Choker","Vajra"],"potions_floor_usage":[16,21,21],"damage_taken":[{"damage":0,"enemies":"Jaw Worm","floor":1,"turns":1},{"damage":0,"enemies":"3 Sentries","floor":7,"turns":2},{"damage":0,"enemies":"Small Slimes","floor":11,"turns":2},{"damage":5,"enemies":"2 Louse","floor":14,"turns":2},{"damage":43,"enemies":"The Guardian","floor":16,"turns":13},{"damage":33,"enemies":"Spheric Guardian","floor":18,"turns":6},{"damage":42,"enemies":"3 Byrds","floor":21,"turns":5}],"seed_played":"-2400173065236221339","potions_obtained":[{"floor":7,"key":"Dexterity Potion"},{"floor":18,"key":"SneckoOil"}],"is_trial":false,"path_per_floor":["M","?","?","?","$","R","E","?","T","R","M","R","?","M","R","B",null,"M","$","?","M"],"character_chosen":"IRONCLAD","items_purchased":["BloodPotion","True Grit","Vajra"],"campfire_rested":1,"item_purchase_floors":[5,5,19],"current_hp_per_floor":[74,63,45,45,45,45,51,56,56,56,62,62,62,63,80,43,71,44,44,21,0],"gold":16,"neow_bonus":"THREE_ENEMY_KILL","is_prod":false,"is_daily":false,"chose_seed":false,"campfire_upgraded":3,"win_rate":0,"timestamp":1562548454,"path_taken":["M","?","?","?","$","R","E","?","T","R","M","R","?","M","R","BOSS","M","$","?","M"],"build_version":"2019-07-03","purchased_purges":1,"victory":false,"max_hp_per_floor":[75,75,75,75,75,75,75,80,80,80,80,80,80,80,80,80,80,80,80,85,85],"card_choices":[{"not_picked":["Heavy Blade","Perfected Strike"],"picked":"Clothesline","floor":1},{"not_picked":["Clash","Heavy Blade"],"picked":"Clothesline","floor":7},{"not_picked":["Reckless Charge","Sword Boomerang"],"picked":"Seeing Red","floor":11},{"not_picked":["Sword Boomerang","Pummel"],"picked":"Spot Weakness","floor":14},{"not_picked":["Offering","Immolate"],"picked":"Demon Form","floor":16},{"not_picked":["Twin Strike","Whirlwind"],"picked":"Havoc","floor":18}],"player_experience":682762,"relics_obtained":[{"floor":7,"key":"Ginger"},{"floor":9,"key":"Unceasing Top"}],"event_choices":[{"damage_healed":0,"gold_gain":75,"player_choice":"Gather Gold","damage_taken":11,"max_hp_gain":0,"max_hp_loss":0,"event_name":"World of Goop","floor":2,"gold_loss":0},{"damage_healed":0,"gold_gain":0,"player_choice":"Success","damage_taken":18,"relics_obtained":["StoneCalendar"],"max_hp_gain":0,"max_hp_loss":0,"event_name":"Scrap Ooze","floor":3,"gold_loss":0},{"damage_healed":0,"gold_gain":59,"player_choice":"Gained Gold","damage_taken":0,"max_hp_gain":0,"max_hp_loss":0,"event_name":"Golden Wing","floor":4,"gold_loss":0},{"damage_healed":0,"gold_gain":0,"player_choice":"Donut","damage_taken":0,"max_hp_gain":5,"max_hp_loss":0,"event_name":"Big Fish","floor":8,"gold_loss":0},{"damage_healed":0,"gold_gain":0,"player_choice":"Ignored","damage_taken":0,"max_hp_gain":0,"max_hp_loss":0,"event_name":"Liars Game","floor":13,"gold_loss":0},{"damage_healed":0,"gold_gain":0,"player_choice":"Shed Blood","damage_taken":28,"max_hp_gain":5,"max_hp_loss":0,"event_name":"Forgotten Altar","floor":20,"gold_loss":0}],"is_beta":true,"boss_relics":[{"not_picked":["Black Star","Coffee Dripper"],"picked":"Velvet Choker"}],"items_purged_floors":[5],"is_endless":false,"potions_floor_spawned":[7,18],"killed_by":"3 Byrds","ascension_level":19}