{"gold_per_floor":[117,117,11,86,100,127,146,171,222,222],"floor_reached":10,"playtime":257,"items_purged":[],"score":202,"play_id":"66ce6b4b-2b66-4256-bf12-61a2bc912352","local_time":"20190708072213","is_ascension_mode":true,"campfire_choices":[],"neow_cost":"NONE","seed_source_timestamp":282829564567319,"circlet_count":0,"master_deck":["AscendersBane","Strike_R","Strike_R","Strike_R","Strike_R","Defend_R","Defend_R","Defend_R","Defend_R","Bash","Pummel","Reaper","Demon Form"],"relics":["Burning Blood","NeowsBlessing","Letter Opener","Happy Flower","Juzu Bracelet"],"potions_floor_usage":[3,10,10],"damage_taken":[{"damage":0,"enemies":"Cultist","floor":1,"turns":1},{"damage":0,"enemies":"Small Slimes","floor":5,"turns":1},{"damage":0,"enemies":"Lagavulin","floor":6,"turns":1},{"damage":26,"enemies":"2 Louse","floor":7,"turns":3},{"damage":56,"enemies":"Gremlin Nob","floor":8,"turns":5},{"damage":23,"enemies":"3 Sentries","floor":10,"turns":4}],"seed_played":"2920875084873636552","potions_obtained":[{"floor":5,"key":"PowerPotion"},{"floor":6,"key":"Dexterity Potion"}],"is_trial":false,"path_per_floor":["M","?","$","?","M","E","M","E","T","E"],"character_chosen":"IRONCLAD","items_purchased":["Fruit Juice"],"campfire_rested":0,"item_purchase_floors":[3],"current_hp_per_floor":[74,74,79,68,74,80,67,29,29,18],"gold":222,"neow_bonus":"THREE_ENEMY_KILL","is_prod":false,"is_daily":false,"chose_seed":false,"campfire_upgraded":0,"win_rate":0,"timestamp":1562584933,"path_taken":["M","?","?","?","M","E","M","E","T","E"],"build_version":"2019-07-03","purchased_purges":0,"victory":false,"max_hp_per_floor":[75,75,80,80,80,80,80,80,80,80],"card_choices":[{"not_picked":["Headbutt","Burning Pact"],"picked":"Pummel","floor":1},{"not_picked":["Searing Blow","Sever Soul","Warcry"],"picked":"SKIP","floor":5},{"not_picked":["Searing Blow","Sever Soul","Warcry"],"picked":"SKIP","floor":5},{"not_picked":["Immolate","Cleave"],"picked":"Demon Form","floor":6},{"not_picked":["Body Slam","Heavy Blade","Sever Soul"],"picked":"SKIP","floor":7},{"not_picked":["Perfected Strike","Body Slam","Flex"],"picked":"SKIP","floor":8}],"player_experience":699912,"relics_obtained":[{"floor":6,"key":"Letter Opener"},{"floor":8,"key":"Happy Flower"},{"floor":9,"key":"Juzu Bracelet"}],"event_choices":[{"damage_healed":0,"gold_gain":0,"cards_transformed":["Strike_R"],"player_choice":"Transformed","damage_taken":0,"max_hp_gain":0,"max_hp_loss":0,"event_name":"Transmorgrifier","floor":2,"gold_loss":0,"cards_obtained":["Reaper"]},{"damage_healed":0,"gold_gain":75,"player_choice":"Gather Gold","damage_taken":11,"max_hp_gain":0,"max_hp_loss":0,"event_name":"World of Goop","floor":4,"gold_loss":0}],"is_beta":true,"boss_relics":[],"items_purged_floors":[],"is_endless":false,"potions_floor_spawned":[5,6,8],"killed_by":"3 Sentries","ascension_level":20}