{"gold_per_floor":[119,130,130,130,130,163,163,163,163,163,1,1,26,38,50,62],"floor_reached":16,"playtime":410,"items_purged":[],"score":252,"play_id":"52628cd7-00c7-4938-8319-b48018e574f0","local_time":"20190705230853","is_ascension_mode":true,"campfire_choices":[{"data":"Bash","floor":7,"key":"SMITH"},{"floor":10,"key":"REST"},{"data":"Reaper","floor":12,"key":"SMITH"},{"floor":15,"key":"REST"}],"neow_cost":"NONE","seed_source_timestamp":144424683019548,"circlet_count":0,"master_deck":["AscendersBane","Strike_R","Strike_R","Strike_R","Strike_R","Defend_R+1","Defend_R","Defend_R+1","Defend_R","Bash+1","True Grit","Armaments+1","Reaper+1","Reaper"],"relics":["Burning Blood","NeowsBlessing","Boot","Regal Pillow","Sundial","MawBank"],"potions_floor_usage":[],"damage_taken":[{"damage":0,"enemies":"2 Louse","floor":1,"turns":1},{"damage":0,"enemies":"Jaw Worm","floor":2,"turns":1},{"damage":0,"enemies":"Lagavulin","floor":6,"turns":1},{"damage":56,"enemies":"Gremlin Nob","floor":13,"turns":5},{"damage":84,"enemies":"The Guardian","floor":16,"turns":14}],"seed_played":"-5686266914845481346","potions_obtained":[{"floor":13,"key":"Ancient Potion"}],"is_trial":false,"path_per_floor":["M","M","?","?","?","E","R","?","T","R","$","R","E","?","R","B"],"character_chosen":"IRONCLAD","items_purchased":["Reaper"],"campfire_rested":2,"item_purchase_floors":[11],"current_hp_per_floor":[74,75,75,57,34,40,40,33,33,70,70,70,25,30,69,0],"gold":62,"neow_bonus":"THREE_ENEMY_KILL","is_prod":false,"is_daily":false,"chose_seed":false,"campfire_upgraded":2,"win_rate":0,"timestamp":1562382533,"path_taken":["M","M","?","?","?","E","R","?","T","R","?","R","E","?","R","BOSS"],"build_version":"2019-07-03","purchased_purges":0,"victory":false,"max_hp_per_floor":[75,75,75,75,75,75,75,75,75,75,75,75,75,80,80,80],"card_choices":[{"not_picked":["Warcry","Clash"],"picked":"True Grit","floor":1},{"not_picked":["Clothesline","Berserk"],"picked":"Armaments","floor":2},{"not_picked":["Battle Trance","Cleave"],"picked":"Reaper","floor":6},{"not_picked":["Warcry","Blood for Blood","Perfected Strike"],"picked":"SKIP","floor":13}],"player_experience":680021,"relics_obtained":[{"floor":6,"key":"Regal Pillow"},{"floor":9,"key":"Sundial"},{"floor":13,"key":"MawBank"}],"event_choices":[{"damage_healed":0,"gold_gain":0,"player_choice":"Grow","damage_taken":0,"max_hp_gain":0,"max_hp_loss":0,"event_name":"Living Wall","floor":3,"gold_loss":0,"cards_upgraded":["Armaments"]},{"damage_healed":0,"gold_gain":0,"player_choice":"Success","damage_taken":18,"relics_obtained":["Boot"],"max_hp_gain":0,"max_hp_loss":0,"event_name":"Scrap Ooze","floor":4,"gold_loss":0},{"damage_healed":0,"gold_gain":0,"player_choice":"Entered Light","damage_taken":23,"max_hp_gain":0,"max_hp_loss":0,"event_name":"Shining Light","floor":5,"gold_loss":0,"cards_upgraded":["Defend_R","Defend_R"]},{"cards_removed":["Strike_R"],"damage_healed":0,"gold_gain":0,"player_choice":"Card Removal","damage_taken":7,"max_hp_gain":0,"max_hp_loss":0,"event_name":"Golden Wing","floor":8,"gold_loss":0},{"damage_healed":0,"gold_gain":0,"player_choice":"Donut","damage_taken":0,"max_hp_gain":5,"max_hp_loss":0,"event_name":"Big Fish","floor":14,"gold_loss":0}],"is_beta":true,"boss_relics":[],"items_purged_floors":[],"is_endless":false,"potions_floor_spawned":[13],"killed_by":"The Guardian","ascension_level":19}