{"gold_per_floor":[109,122,140,215,10,10,27,27,27,61,26,56,6,31,31,134,134,148,13,23,23,36,36,36],"floor_reached":24,"playtime":687,"items_purged":["Strike_R","Strike_R"],"score":275,"play_id":"f35e47e0-e2f8-4bc8-8339-4e85350bcada","local_time":"20190708113319","is_ascension_mode":true,"campfire_choices":[{"data":"Entrench","floor":6,"key":"SMITH"},{"data":"Armaments","floor":8,"key":"SMITH"},{"floor":15,"key":"REST"},{"data":"Armaments","floor":23,"key":"SMITH"}],"neow_cost":"NONE","seed_source_timestamp":839697049303400,"circlet_count":0,"master_deck":["Strike_R","Strike_R","Strike_R","Defend_R","Defend_R","Defend_R","Defend_R","Bash","Armaments+1","Entrench+1","Body Slam","Juggernaut","Shrug It Off","Iron Wave","Rampage","Brutality","Juggernaut","Evolve","Metallicize","Armaments+1","Metallicize"],"relics":["Burning Blood","NeowsBlessing","Bottled Flame","Dodecahedron","Smiling Mask","Dream Catcher","Cursed Key"],"potions_floor_usage":[10,12,14,16,24],"damage_taken":[{"damage":0,"enemies":"Cultist","floor":1,"turns":1},{"damage":0,"enemies":"Small Slimes","floor":2,"turns":1},{"damage":0,"enemies":"Jaw Worm","floor":3,"turns":1},{"damage":12,"enemies":"2 Fungi Beasts","floor":7,"turns":4},{"damage":40,"enemies":"Gremlin Nob","floor":10,"turns":5},{"damage":44,"enemies":"3 Sentries","floor":12,"turns":9},{"damage":0,"enemies":"Lagavulin","floor":14,"turns":6},{"damage":39,"enemies":"Hexaghost","floor":16,"turns":12},{"damage":17,"enemies":"Chosen","floor":18,"turns":5},{"damage":19,"enemies":"Spheric Guardian","floor":20,"turns":4},{"damage":19,"enemies":"Snecko","floor":22,"turns":6},{"damage":45,"enemies":"Slavers","floor":24,"turns":3}],"seed_played":"3375731139928456675","potions_obtained":[{"floor":7,"key":"Explosive Potion"},{"floor":10,"key":"BloodPotion"},{"floor":12,"key":"AttackPotion"},{"floor":14,"key":"Regen Potion"},{"floor":22,"key":"SpeedPotion"}],"is_trial":false,"path_per_floor":["M","M","M","?","$","R","M","R","T","E","?","E","$","E","R","B",null,"M","$","M","?","M","R","E"],"character_chosen":"IRONCLAD","items_purchased":["Juggernaut","Shrug It Off","Metallicize","Armaments"],"campfire_rested":1,"item_purchase_floors":[5,5,19,19],"current_hp_per_floor":[80,80,80,69,69,69,63,63,63,29,49,19,19,25,49,31,80,69,69,56,56,43,43,0],"gold":36,"neow_bonus":"THREE_ENEMY_KILL","is_prod":false,"is_daily":false,"chose_seed":false,"campfire_upgraded":3,"win_rate":0,"timestamp":1562599999,"path_taken":["M","M","?","?","$","R","M","R","T","E","?","E","$","E","R","BOSS","M","$","M","?","M","R","E"],"build_version":"2019-01-23","purchased_purges":2,"victory":false,"max_hp_per_floor":[80,80,80,80,80,80,80,80,80,80,80,80,80,80,80,80,80,80,80,80,80,80,80,80],"card_choices":[{"not_picked":["Warcry","Cleave"],"picked":"Armaments","floor":1},{"not_picked":["Iron Wave","Seeing Red"],"picked":"Entrench","floor":2},{"not_picked":["Clash","Pommel Strike"],"picked":"Body Slam","floor":3},{"not_picked":["Heavy Blade","Thunderclap"],"picked":"Iron Wave","floor":7},{"not_picked":["Rupture","Warcry"],"picked":"Rampage","floor":10},{"not_picked":["Thunderclap","Fire Breathing","Pummel"],"picked":"SKIP","floor":12},{"not_picked":["Cleave","Armaments","Blood for Blood"],"picked":"SKIP","floor":14},{"not_picked":["Burning Pact","Flex"],"picked":"Brutality","floor":15},{"not_picked":["Berserk","Brutality"],"picked":"Juggernaut","floor":16},{"not_picked":["Whirlwind","Anger+1"],"picked":"Evolve","floor":18},{"not_picked":["Sword Boomerang","Wild Strike","Twin Strike+1"],"picked":"SKIP","floor":20},{"not_picked":["Dropkick","Evolve"],"picked":"Metallicize","floor":22}],"player_experience":170345,"relics_obtained":[{"floor":9,"key":"Bottled Flame"},{"floor":10,"key":"Dodecahedron"},{"floor":12,"key":"Smiling Mask"},{"floor":14,"key":"Dream Catcher"}],"event_choices":[{"damage_healed":0,"gold_gain":75,"player_choice":"Gather Gold","damage_taken":11,"max_hp_gain":0,"max_hp_loss":0,"event_name":"World of Goop","floor":4,"gold_loss":0},{"damage_healed":20,"gold_gain":0,"player_choice":"Healed","damage_taken":0,"max_hp_gain":0,"max_hp_loss":0,"event_name":"The Cleric","floor":11,"gold_loss":35},{"damage_healed":0,"gold_gain":0,"player_choice":"Ignored","damage_taken":0,"max_hp_gain":0,"max_hp_loss":0,"event_name":"Ghosts","floor":21,"gold_loss":0}],"is_beta":false,"boss_relics":[{"not_picked":["Empty Cage","Busted Crown"],"picked":"Cursed Key"}],"items_purged_floors":[13,19],"is_endless":false,"potions_floor_spawned":[7,10,12,14,22],"killed_by":"Slavers","ascension_level":3}