{"gold_per_floor":[111,81,6,19,33,33,33,64,64,83,96,96,124,124,124,225,225,240,165,165,42,42,42,60,80,103,115,115],"floor_reached":28,"playtime":1209,"items_purged":["Decay"],"score":253,"play_id":"919ca71c-5d58-4e9d-aa02-f959939f7452","local_time":"20190202190248","is_ascension_mode":true,"campfire_choices":[{"data":"Gash","floor":6,"key":"SMITH"},{"floor":12,"key":"REST"},{"floor":15,"key":"REST"},{"data":"Consume","floor":23,"key":"SMITH"}],"neow_cost":"CURSE","seed_source_timestamp":89469541158075,"circlet_count":0,"master_deck":["Strike_B","Strike_B","Defend_B","Defend_B+1","Defend_B","Defend_B","Zap","Dualcast+1","Machine Learning","Gash+1","Skim","Gash","Doom and Gloom","Sweeping Beam","Gash","Electrodynamics","Consume+1","Capacitor","Steam","Self Repair","Consume+1"],"relics":["Cracked Core","Meat on the Bone","Centennial Puzzle","Bottled Flame","Sozu","DataDisk"],"potions_floor_usage":[5,8,11,20,27],"damage_taken":[{"damage":3,"enemies":"Cultist","floor":1,"turns":4},{"damage":3,"enemies":"2 Louse","floor":4,"turns":2},{"damage":8,"enemies":"Small Slimes","floor":5,"turns":2},{"damage":18,"enemies":"Lagavulin","floor":8,"turns":5},{"damage":22,"enemies":"Exordium Wildlife","floor":10,"turns":5},{"damage":17,"enemies":"Large Slime","floor":11,"turns":5},{"damage":26,"enemies":"3 Sentries","floor":13,"turns":5},{"damage":17,"enemies":"Slime Boss","floor":16,"turns":7},{"damage":17,"enemies":"Shell Parasite","floor":18,"turns":4},{"damage":0,"enemies":"2 Thieves","floor":20,"turns":1},{"damage":36,"enemies":"Snake Plant","floor":24,"turns":4},{"damage":27,"enemies":"3 Cultists","floor":25,"turns":5},{"damage":22,"enemies":"Centurion and Healer","floor":27,"turns":6},{"damage":42,"enemies":"Cultist and Chosen","floor":28,"turns":4}],"seed_played":"-1455332486274872845","potions_obtained":[{"floor":2,"key":"SkillPotion"},{"floor":2,"key":"AttackPotion"},{"floor":4,"key":"PowerPotion"},{"floor":8,"key":"Strength Potion"},{"floor":13,"key":"SmokeBomb"}],"is_trial":false,"path_per_floor":["M","?","$","M","M","R","?","E","T","M","M","R","E","?","R","B",null,"M","?","M","$","?","R","M","M","T","M","M"],"character_chosen":"DEFECT","items_purchased":["Capacitor","Steam"],"campfire_rested":2,"item_purchase_floors":[21,21],"current_hp_per_floor":[72,72,72,69,61,61,46,28,28,18,13,35,21,21,43,38,75,58,58,58,58,58,58,34,26,26,23,0],"gold":115,"neow_bonus":"THREE_RARE_CARDS","is_prod":false,"is_daily":false,"chose_seed":false,"campfire_upgraded":2,"win_rate":0,"timestamp":1549152168,"path_taken":["M","?","$","?","?","R","?","E","T","M","M","R","E","?","R","BOSS","M","?","M","$","?","R","M","M","T","M","?"],"build_version":"2019-01-23","purchased_purges":1,"victory":false,"max_hp_per_floor":[75,75,75,75,75,75,75,75,75,75,75,75,75,75,75,75,75,75,75,75,75,75,75,75,75,75,75,75],"card_choices":[{"not_picked":["Amplify","Seek"],"picked":"Machine Learning","floor":0},{"not_picked":["Tempest","Barrage","Stack"],"picked":"SKIP","floor":1},{"not_picked":["Loop","Beam Cell"],"picked":"Gash","floor":4},{"not_picked":["Force Field","Chill"],"picked":"Skim","floor":5},{"not_picked":["Coolheaded","Go for the Eyes"],"picked":"Gash","floor":8},{"not_picked":["Chaos","Ball Lightning"],"picked":"Doom and Gloom","floor":10},{"not_picked":["Compile Driver","Sunder"],"picked":"Sweeping Beam","floor":11},{"not_picked":["Go for the Eyes","Ball Lightning"],"picked":"Gash","floor":13},{"not_picked":["Seek","Amplify"],"picked":"Electrodynamics","floor":16},{"not_picked":["Cold Snap","Auto Shields"],"picked":"Consume","floor":18},{"not_picked":["Conserve Battery","Steam"],"picked":"Self Repair","floor":24},{"not_picked":["Fusion","Blizzard","Chill"],"picked":"SKIP","floor":25},{"not_picked":["Compile Driver","Undo+1"],"picked":"Consume+1","floor":27}],"player_experience":88542,"relics_obtained":[{"floor":8,"key":"Meat on the Bone"},{"floor":9,"key":"Centennial Puzzle"},{"floor":13,"key":"Bottled Flame"},{"floor":26,"key":"DataDisk"}],"event_choices":[{"damage_healed":0,"gold_gain":0,"player_choice":"Bought 2 Potions","damage_taken":0,"max_hp_gain":0,"max_hp_loss":0,"event_name":"The Woman in Blue","floor":2,"gold_loss":0},{"damage_healed":0,"gold_gain":0,"player_choice":"Entered Light","damage_taken":15,"max_hp_gain":0,"max_hp_loss":0,"event_name":"Shining Light","floor":7,"gold_loss":0,"cards_upgraded":["Defend_B","Dualcast"]},{"damage_healed":0,"gold_gain":0,"player_choice":"Ignored","damage_taken":0,"max_hp_gain":0,"max_hp_loss":0,"event_name":"Liars Game","floor":14,"gold_loss":0},{"cards_removed":["Strike_B"],"damage_healed":0,"gold_gain":0,"player_choice":"Gave Gold","damage_taken":0,"max_hp_gain":0,"max_hp_loss":0,"event_name":"Beggar","floor":19,"gold_loss":75},{"cards_removed":["Strike_B"],"damage_healed":0,"gold_gain":0,"player_choice":"Offered Basic","damage_taken":0,"max_hp_gain":0,"max_hp_loss":0,"event_name":"Bonfire Elementals","floor":22,"gold_loss":0}],"is_beta":false,"boss_relics":[{"not_picked":["Lizard Tail","Fusion Hammer"],"picked":"Sozu"}],"items_purged_floors":[3],"is_endless":false,"potions_floor_spawned":[4,8,13,18,20,25],"killed_by":"Cultist and Chosen","ascension_level":2}