{"gold_per_floor":[114,127,181,17,27,55,55,73,97,97,114,114,133,147,147,245,245,265,277,277],"floor_reached":20,"playtime":1705,"items_purged":[],"score":178,"play_id":"70d606e6-ec8c-4c9b-874a-af7eccc8244b","local_time":"20190102214449","is_ascension_mode":false,"campfire_choices":[{"data":"Apotheosis","floor":12,"key":"SMITH"},{"data":"Zap","floor":15,"key":"SMITH"}],"neow_cost":"NONE","seed_source_timestamp":273574571725424,"circlet_count":0,"master_deck":["Strike_B","Strike_B","Strike_B","Defend_B","Defend_B","Defend_B","Defend_B","Zap+1","Dualcast","Melter","Self Repair","Auto Shields","Apotheosis+1","Coolheaded","Go for the Eyes","Compile Driver","Turbo","Reboot","Cold Snap","Creative AI","Turbo","Static Discharge"],"relics":["Cracked Core","Happy Flower","Centennial Puzzle","Runic Pyramid"],"potions_floor_usage":[16,18],"damage_taken":[{"damage":0,"enemies":"Cultist","floor":1,"turns":3},{"damage":1,"enemies":"Jaw Worm","floor":2,"turns":4},{"damage":4,"enemies":"Small Slimes","floor":5,"turns":3},{"damage":43,"enemies":"3 Sentries","floor":6,"turns":10},{"damage":8,"enemies":"Looter","floor":8,"turns":4},{"damage":1,"enemies":"2 Fungi Beasts","floor":11,"turns":4},{"damage":16,"enemies":"Exordium Thugs","floor":13,"turns":4},{"damage":0,"enemies":"Looter","floor":14,"turns":3},{"damage":12,"enemies":"Hexaghost","floor":16,"turns":10},{"damage":4,"enemies":"Chosen","floor":18,"turns":5},{"damage":10,"enemies":"3 Byrds","floor":19,"turns":7},{"damage":25,"enemies":"Colosseum Slavers","floor":20,"turns":6},{"damage":67,"enemies":"Colosseum Nobs","floor":20,"turns":3}],"seed_played":"6761817049878244687","potions_obtained":[{"floor":6,"key":"Poison Potion"},{"floor":8,"key":"Energy Potion"},{"floor":13,"key":"Dexterity Potion"},{"floor":14,"key":"SkillPotion"},{"floor":19,"key":"AttackPotion"}],"is_trial":false,"path_per_floor":["M","M","?","$","M","E","$","M","T","?","M","R","M","M","R","B",null,"M","M","?"],"character_chosen":"DEFECT","items_purchased":["Apotheosis"],"campfire_rested":0,"item_purchase_floors":[4],"current_hp_per_floor":[75,74,74,74,75,42,42,44,44,44,50,50,41,48,48,46,75,75,75,0],"gold":277,"neow_bonus":"THREE_CARDS","is_prod":false,"is_daily":false,"chose_seed":false,"campfire_upgraded":2,"win_rate":0.0,"timestamp":1546483489,"path_taken":["M","?","?","$","M","E","$","M","T","?","M","R","?","M","R","BOSS","M","M","?"],"build_version":"2018-12-20","purchased_purges":0,"victory":false,"max_hp_per_floor":[75,75,75,75,75,75,75,75,75,75,75,75,75,75,75,75,75,75,75,75],"card_choices":[{"not_picked":["Loop","Rebound"],"picked":"Melter","floor":0},{"not_picked":["Barrage","Static Discharge"],"picked":"Self Repair","floor":1},{"not_picked":["Rebound","Hello World"],"picked":"Auto Shields","floor":2},{"not_picked":["Hologram","Lockon"],"picked":"Coolheaded","floor":5},{"not_picked":["Redo","All For One"],"picked":"Go for the Eyes","floor":6},{"not_picked":["Reinforced Body","Aggregate"],"picked":"Compile Driver","floor":8},{"not_picked":["Barrage","Rebound"],"picked":"Turbo","floor":11},{"not_picked":["Beam Cell","Barrage"],"picked":"Reboot","floor":13},{"not_picked":["Chill","Static Discharge"],"picked":"Cold Snap","floor":14},{"not_picked":["All For One","Multi-Cast"],"picked":"Creative AI","floor":16},{"not_picked":["Coolheaded","Hello World"],"picked":"Turbo","floor":18},{"not_picked":["Self Repair+1","Steam+1"],"picked":"Static Discharge","floor":19}],"player_experience":59712,"relics_obtained":[{"floor":6,"key":"Happy Flower"},{"floor":9,"key":"Centennial Puzzle"}],"event_choices":[{"damage_healed":0,"gold_gain":54,"player_choice":"Gained Gold","damage_taken":0,"max_hp_gain":0,"max_hp_loss":0,"event_name":"Golden Wing","floor":3,"gold_loss":0},{"cards_removed":["Strike_B"],"damage_healed":0,"gold_gain":0,"player_choice":"Offered Basic","damage_taken":0,"max_hp_gain":0,"max_hp_loss":0,"event_name":"Bonfire Elementals","floor":10,"gold_loss":0},{"damage_healed":0,"gold_gain":0,"player_choice":"Fight","damage_taken":0,"max_hp_gain":0,"max_hp_loss":0,"event_name":"Colosseum","floor":20,"gold_loss":0},{"damage_healed":0,"gold_gain":0,"player_choice":"Fought Nobs","damage_taken":0,"max_hp_gain":0,"max_hp_loss":0,"event_name":"Colosseum","floor":20,"gold_loss":0}],"is_beta":false,"boss_relics":[{"not_picked":["Ectoplasm","Runic Dome"],"picked":"Runic Pyramid"}],"items_purged_floors":[],"is_endless":false,"potions_floor_spawned":[6,8,13,14,19],"killed_by":"Colosseum Nobs","ascension_level":0}