{"gold_per_floor":[113,130,142,142,142,142,160,160,160,193,193,228,246,265,265,343,343,355,366,366,366,239,249,70,80,80,109,109,109,143,143,143,220,220,240,1239,1250,1262,1262,1295,1295,476,476,476,501,95,111,128,128,128],"floor_reached":51,"playtime":3722,"items_purged":["Regret","Normality","Normality","Pain"],"score":1411,"play_id":"224a50b1-4ac3-4704-b9fe-7478a0f2df57","local_time":"20190702003747","is_ascension_mode":true,"campfire_choices":[{"data":"Feel No Pain","floor":6,"key":"SMITH"},{"floor":8,"key":"REST"},{"floor":11,"key":"REST"},{"data":"Shrug It Off","floor":15,"key":"SMITH"},{"floor":28,"key":"REST"},{"floor":32,"key":"REST"},{"floor":41,"key":"REST"},{"floor":44,"key":"REST"},{"data":"Bash","floor":49,"key":"SMITH"}],"neow_cost":"NONE","seed_source_timestamp":17746986179566,"circlet_count":0,"master_deck":["AscendersBane","Strike_R+1","Strike_R+1","Strike_R+1","Strike_R+1","Strike_R+1","Defend_R+1","Defend_R+1","Defend_R+1","Defend_R+1","Bash+1","Entrench","Feel No Pain+1","Reaper","Carnage","Clothesline","Heavy Blade","Shrug It Off+1","Impervious","Heavy Blade","True Grit+1","True Grit+1","Barricade","Corruption+1","Exhume+1","Flame Barrier+1","Reaper","Flame Barrier+1","Shrug It Off+1","Flame Barrier+1","Shrug It Off+1","Heavy Blade+1","Dual Wield+1","Inflame+1"],"relics":["Snecko Eye","Red Skull","Pantograph","Letter Opener","Calling Bell","PreservedInsect","Toxic Egg 2","Charon\u0027s Ashes","Art of War","Gremlin Horn","Anchor","NlothsMask","Cursed Key","Spirit Poop","Strawberry","Shuriken","Orichalcum","Membership Card","Question Card","Frozen Egg 2","Molten Egg 2"],"potions_floor_usage":[10,12,25,30,33,48,50,50],"damage_taken":[{"damage":7,"enemies":"Cultist","floor":1,"turns":4},{"damage":0,"enemies":"Jaw Worm","floor":2,"turns":3},{"damage":4,"enemies":"Small Slimes","floor":3,"turns":3},{"damage":5,"enemies":"Exordium Thugs","floor":7,"turns":5},{"damage":51,"enemies":"Gremlin Nob","floor":10,"turns":5},{"damage":15,"enemies":"3 Sentries","floor":12,"turns":4},{"damage":3,"enemies":"Looter","floor":13,"turns":2},{"damage":10,"enemies":"3 Louse","floor":14,"turns":3},{"damage":69,"enemies":"Slime Boss","floor":16,"turns":11},{"damage":35,"enemies":"Spheric Guardian","floor":18,"turns":5},{"damage":14,"enemies":"Chosen","floor":19,"turns":5},{"damage":8,"enemies":"Shelled Parasite and Fungi","floor":23,"turns":6},{"damage":5,"enemies":"Snecko","floor":25,"turns":4},{"damage":41,"enemies":"Book of Stabbing","floor":27,"turns":6},{"damage":32,"enemies":"Slavers","floor":30,"turns":3},{"damage":40,"enemies":"Automaton","floor":33,"turns":13},{"damage":33,"enemies":"3 Darklings","floor":35,"turns":5},{"damage":20,"enemies":"3 Shapes","floor":37,"turns":3},{"damage":5,"enemies":"Sphere and 2 Shapes","floor":38,"turns":4},{"damage":45,"enemies":"Reptomancer","floor":40,"turns":5},{"damage":1,"enemies":"Giant Head","floor":45,"turns":6},{"damage":0,"enemies":"Maw","floor":47,"turns":7},{"damage":9,"enemies":"Spire Growth","floor":48,"turns":5},{"damage":38,"enemies":"Time Eater","floor":50,"turns":13}],"seed_played":"-356505095563769840","potions_obtained":[{"floor":1,"key":"Strength Potion"},{"floor":5,"key":"FairyPotion"},{"floor":5,"key":"EssenceOfSteel"},{"floor":10,"key":"Ancient Potion"},{"floor":25,"key":"Swift Potion"},{"floor":30,"key":"PowerPotion"},{"floor":35,"key":"Energy Potion"},{"floor":38,"key":"FearPotion"},{"floor":48,"key":"PowerPotion"}],"is_trial":false,"path_per_floor":["M","M","M","?","?","R","M","R","T","E","R","E","M","M","R","B",null,"M","M","?","?","$","M","$","M","T","E","R","?","E","?","R","B",null,"M","?","M","M","?","E","R","$","T","R","E","$","M","M","R","B",null],"character_chosen":"IRONCLAD","items_purchased":["True Grit+1","Regen Potion","Shuriken","Orichalcum","Membership Card","Flame Barrier+1","Frozen Egg 2","Molten Egg 2","Shrug It Off+1","Heavy Blade+1"],"campfire_rested":6,"item_purchase_floors":[22,24,42,42,42,42,46,46,46,46],"current_hp_per_floor":[61,61,57,34,34,34,29,51,51,6,28,34,41,43,43,3,57,22,13,13,28,28,27,27,39,39,14,36,36,26,26,48,35,65,47,47,51,54,54,16,40,40,40,64,69,69,82,82,82,82],"gold":128,"neow_bonus":"BOSS_RELIC","is_prod":false,"is_daily":false,"chose_seed":false,"campfire_upgraded":3,"win_rate":0,"timestamp":1562042267,"path_taken":["M","M","?","?","?","R","M","R","T","E","R","E","M","M","R","BOSS","M","M","?","?","$","M","$","M","T","E","R","?","E","?","R","BOSS","M","?","M","M","?","E","R","$","T","R","E","$","M","M","R","BOSS"],"build_version":"2019-06-30","purchased_purges":4,"victory":true,"max_hp_per_floor":[75,75,75,75,75,75,75,75,75,75,75,75,75,75,75,75,75,75,75,75,75,75,75,75,75,75,75,75,75,75,75,75,75,75,75,75,75,75,75,82,82,82,82,82,82,82,82,82,82,82],"card_choices":[{"not_picked":["Clothesline","Heavy Blade"],"picked":"Entrench","floor":1},{"not_picked":["Flex","Warcry"],"picked":"Feel No Pain","floor":2},{"not_picked":["Sword Boomerang","Clash","Headbutt"],"picked":"SKIP","floor":3},{"not_picked":["Perfected Strike","Anger"],"picked":"Reaper","floor":7},{"not_picked":["Twin Strike","Cleave"],"picked":"Carnage","floor":10},{"not_picked":["Combust","Flex"],"picked":"Clothesline","floor":12},{"not_picked":["Ghostly Armor","Flex"],"picked":"Heavy Blade","floor":13},{"not_picked":["Perfected Strike","Clothesline"],"picked":"Shrug It Off","floor":14},{"not_picked":["Limit Break","Immolate"],"picked":"Impervious","floor":16},{"not_picked":["Flex+1","Cleave"],"picked":"Heavy Blade","floor":18},{"not_picked":["Dual Wield+1","Sentinel+1"],"picked":"True Grit+1","floor":19},{"not_picked":["Power Through+1","Heavy Blade"],"picked":"Barricade","floor":23},{"not_picked":["Carnage","Warcry+1"],"picked":"Corruption+1","floor":25},{"not_picked":["Inflame","Body Slam+1"],"picked":"Exhume+1","floor":27},{"not_picked":["Clothesline","Headbutt"],"picked":"Flame Barrier+1","floor":30},{"not_picked":["Berserk","Bludgeon"],"picked":"Reaper","floor":33},{"not_picked":["Flex+1","Power Through+1","Body Slam"],"picked":"SKIP","floor":35},{"not_picked":["Sentinel+1","Reckless Charge"],"picked":"Flame Barrier+1","floor":37},{"not_picked":["Twin Strike","Iron Wave+1","Warcry+1"],"picked":"SKIP","floor":38},{"not_picked":["Warcry+1","Metallicize"],"picked":"Shrug It Off+1","floor":40},{"not_picked":["Hemokinesis","Perfected Strike","Combust+1"],"picked":"SKIP","floor":45},{"not_picked":["Clothesline+1","Warcry+1","Cleave+1"],"picked":"Dual Wield+1","floor":47},{"not_picked":["Pummel+1","Burning Pact+1","Body Slam+1"],"picked":"Inflame+1","floor":48}],"player_experience":670742,"relics_obtained":[{"floor":9,"key":"Red Skull"},{"floor":10,"key":"Pantograph"},{"floor":12,"key":"Letter Opener"},{"floor":17,"key":"PreservedInsect"},{"floor":17,"key":"Toxic Egg 2"},{"floor":17,"key":"Charon\u0027s Ashes"},{"floor":26,"key":"Art of War"},{"floor":27,"key":"Gremlin Horn"},{"floor":30,"key":"Anchor"},{"floor":40,"key":"Strawberry"},{"floor":45,"key":"Question Card"}],"event_choices":[{"damage_healed":0,"gold_gain":0,"player_choice":"Entered Light","damage_taken":23,"max_hp_gain":0,"max_hp_loss":0,"event_name":"Shining Light","floor":4,"gold_loss":0,"cards_upgraded":["Strike_R","Defend_R"]},{"damage_healed":0,"gold_gain":0,"player_choice":"Got Potions","damage_taken":0,"max_hp_gain":0,"max_hp_loss":0,"event_name":"Lab","floor":5,"gold_loss":0},{"damage_healed":0,"gold_gain":0,"player_choice":"Simplicity","damage_taken":0,"max_hp_gain":0,"max_hp_loss":0,"event_name":"Back to Basics","floor":20,"gold_loss":0,"cards_upgraded":["Strike_R","Strike_R","Strike_R","Strike_R","Defend_R","Defend_R","Defend_R"]},{"damage_healed":15,"gold_gain":0,"player_choice":"Heal","damage_taken":0,"max_hp_gain":0,"max_hp_loss":0,"event_name":"The Library","floor":21,"gold_loss":0},{"damage_healed":0,"gold_gain":0,"player_choice":"Ignored","damage_taken":0,"max_hp_gain":0,"max_hp_loss":0,"event_name":"Vampires","floor":29,"gold_loss":0},{"damage_healed":0,"gold_gain":0,"player_choice":"Trade","damage_taken":0,"relics_obtained":["NlothsMask"],"max_hp_gain":0,"max_hp_loss":0,"event_name":"FaceTrader","floor":31,"gold_loss":0},{"damage_healed":0,"gold_gain":999,"player_choice":"Gold","damage_taken":0,"max_hp_gain":0,"max_hp_loss":0,"event_name":"MindBloom","floor":36,"gold_loss":0,"cards_obtained":["Normality","Normality"]},{"cards_removed":["Normality"],"damage_healed":0,"gold_gain":0,"player_choice":"Offered Curse","damage_taken":0,"relics_obtained":["Spirit Poop"],"max_hp_gain":0,"max_hp_loss":0,"event_name":"Bonfire Elementals","floor":39,"gold_loss":0}],"is_beta":true,"boss_relics":[{"not_picked":["Velvet Choker","Lizard Tail"],"picked":"Calling Bell"},{"not_picked":["Runic Pyramid","Mark of Pain"],"picked":"Cursed Key"}],"items_purged_floors":[22,24,42,46],"is_endless":false,"potions_floor_spawned":[1,7,10,25,30,35,38,48],"ascension_level":18}