{"gold_per_floor":[19,39,39,52,63,395,411,411],"floor_reached":8,"playtime":835,"items_purged":[],"score":90,"play_id":"dc5e95c0-366a-4cd3-8c38-224e54ca711e","local_time":"20190619185316","is_ascension_mode":true,"campfire_choices":[],"neow_cost":"NO_GOLD","seed_source_timestamp":648633076552240,"circlet_count":0,"master_deck":["AscendersBane","Strike_G","Strike_G","Strike_G","Strike_G","Defend_G","Defend_G","Defend_G","Defend_G","Defend_G","Survivor","Neutralize","Dagger Throw","Reflex","Sucker Punch","Escape Plan","Crippling Poison"],"relics":["Ring of the Snake","Old Coin"],"potions_floor_usage":[6],"damage_taken":[{"damage":4,"enemies":"Small Slimes","floor":1,"turns":4},{"damage":1,"enemies":"Cultist","floor":2,"turns":4},{"damage":1,"enemies":"2 Louse","floor":4,"turns":5},{"damage":5,"enemies":"2 Fungi Beasts","floor":5,"turns":6},{"damage":31,"enemies":"Gremlin Nob","floor":6,"turns":5},{"damage":24,"enemies":"Gremlin Gang","floor":7,"turns":7},{"damage":10,"enemies":"Exordium Wildlife","floor":8,"turns":4}],"seed_played":"-2256125570040089640","potions_obtained":[{"floor":5,"key":"Explosive Potion"}],"is_trial":false,"path_per_floor":["M","M","?","M","M","E","M","M"],"character_chosen":"THE_SILENT","items_purchased":[],"campfire_rested":0,"item_purchase_floors":[],"current_hp_per_floor":[73,72,72,71,66,35,11,1],"gold":411,"neow_bonus":"TWENTY_PERCENT_HP_BONUS","is_prod":false,"is_daily":false,"chose_seed":false,"campfire_upgraded":0,"win_rate":0,"timestamp":1560984796,"path_taken":["M","M","?","M","M","E","M","M"],"build_version":"2019-06-18","purchased_purges":0,"victory":false,"max_hp_per_floor":[84,84,84,84,84,84,84,84],"card_choices":[{"not_picked":["Quick Slash","Heel Hook"],"picked":"Dagger Throw","floor":1},{"not_picked":["Slice","Underhanded Strike"],"picked":"Reflex","floor":2},{"not_picked":["Slice","Flying Knee"],"picked":"Sucker Punch","floor":4},{"not_picked":["Skewer","Deflect"],"picked":"Escape Plan","floor":5},{"not_picked":["Quick Slash","Flying Knee","Dagger Spray"],"picked":"SKIP","floor":6},{"not_picked":["Poisoned Stab","Dagger Throw"],"picked":"Crippling Poison","floor":7}],"player_experience":623375,"relics_obtained":[{"floor":6,"key":"Old Coin"}],"event_choices":[{"cards_removed":["Strike_G"],"damage_healed":0,"gold_gain":0,"player_choice":"Purged","damage_taken":0,"max_hp_gain":0,"max_hp_loss":0,"event_name":"Purifier","floor":3,"gold_loss":0}],"is_beta":true,"boss_relics":[],"items_purged_floors":[],"is_endless":false,"potions_floor_spawned":[5],"killed_by":"Exordium Wildlife","ascension_level":10}