{"gold_per_floor":[110,120,120,45,10,10,44,44,97,116,116,174,95,170,170,266,266,284,300,300,316,89,100,100],"floor_reached":24,"playtime":1229,"items_purged":["Regret"],"score":194,"play_id":"7fa6b9cc-5904-4f24-89ee-288dc1ddfd06","local_time":"20190703133358","is_ascension_mode":false,"campfire_choices":[{"data":"Pommel Strike","floor":6,"key":"SMITH"},{"floor":8,"key":"REST"},{"floor":15,"key":"REST"}],"neow_cost":"PERCENT_DAMAGE","seed_source_timestamp":231411110078674,"circlet_count":0,"master_deck":["Strike_R","Strike_R","Strike_R","Strike_R","Strike_R","Defend_R","Defend_R","Defend_R","Defend_R","Bash","Warcry","Pommel Strike+1","Iron Wave","Twin Strike","Anger","Rampage","Barricade","Armaments","Armaments+1","Dropkick+1","Dual Wield","Dramatic Entrance","Armaments","Cleave+1"],"relics":["Black Blood","Torii","Bronze Scales","Juzu Bracelet","Potion Belt","Regal Pillow"],"potions_floor_usage":[21,23,23,24],"damage_taken":[{"damage":2,"enemies":"2 Louse","floor":1,"turns":3},{"damage":12,"enemies":"Jaw Worm","floor":2,"turns":3},{"damage":35,"enemies":"Gremlin Nob","floor":7,"turns":5},{"damage":0,"enemies":"Small Slimes","floor":10,"turns":3},{"damage":52,"enemies":"Lagavulin Event","floor":12,"turns":7},{"damage":24,"enemies":"Hexaghost","floor":16,"turns":10},{"damage":31,"enemies":"2 Thieves","floor":18,"turns":4},{"damage":29,"enemies":"Shell Parasite","floor":19,"turns":8},{"damage":23,"enemies":"Snake Plant","floor":21,"turns":6},{"damage":21,"enemies":"Snecko","floor":23,"turns":7},{"damage":20,"enemies":"Book of Stabbing","floor":24,"turns":4}],"seed_played":"6577771692293166016","potions_obtained":[{"floor":1,"key":"Energy Potion"},{"floor":16,"key":"GamblersBrew"},{"floor":21,"key":"SpeedPotion"},{"floor":23,"key":"SpeedPotion"}],"is_trial":false,"path_per_floor":["M","M","?","$","?","R","E","R","T","M","?","?","$","?","R","B",null,"M","M","?","M","$","M","E"],"character_chosen":"IRONCLAD","items_purchased":["Rampage","Dual Wield","Dramatic Entrance","Armaments"],"campfire_rested":2,"item_purchase_floors":[13,22,22,22],"current_hp_per_floor":[60,54,54,54,74,74,45,69,69,75,75,29,29,18,57,39,80,59,40,40,27,27,16,0],"gold":100,"neow_bonus":"ONE_RARE_RELIC","is_prod":false,"is_daily":false,"chose_seed":false,"campfire_upgraded":1,"win_rate":0.0,"timestamp":1562171638,"path_taken":["M","M","?","$","?","R","E","R","T","M","?","?","$","?","R","BOSS","M","M","?","M","$","M","E"],"build_version":"2019-07-01","purchased_purges":1,"victory":false,"max_hp_per_floor":[80,80,80,80,80,80,80,80,80,80,80,80,80,80,80,80,80,80,80,80,80,80,80,80],"card_choices":[{"not_picked":["Burning Pact","Ghostly Armor"],"picked":"Warcry","floor":1},{"not_picked":["Heavy Blade","Warcry"],"picked":"Pommel Strike","floor":2},{"not_picked":["Pommel Strike","Entrench"],"picked":"Iron Wave","floor":7},{"not_picked":["Sever Soul","Clothesline"],"picked":"Twin Strike","floor":10},{"not_picked":["Dropkick","Sever Soul"],"picked":"Anger","floor":12},{"not_picked":["Reaper","Brutality"],"picked":"Barricade","floor":16},{"not_picked":["Bloodletting","Perfected Strike"],"picked":"Armaments","floor":18},{"not_picked":["Warcry","True Grit"],"picked":"Armaments+1","floor":19},{"not_picked":["Flex+1","Rupture"],"picked":"Dropkick+1","floor":21},{"not_picked":["Heavy Blade","Demon Form"],"picked":"Cleave+1","floor":23}],"player_experience":27587,"relics_obtained":[{"floor":7,"key":"Juzu Bracelet"},{"floor":9,"key":"Potion Belt"},{"floor":12,"key":"Regal Pillow"}],"event_choices":[{"damage_healed":0,"gold_gain":0,"player_choice":"Box","damage_taken":0,"relics_obtained":["Bronze Scales"],"max_hp_gain":0,"max_hp_loss":0,"event_name":"Big Fish","floor":3,"gold_loss":0,"cards_obtained":["Regret"]},{"damage_healed":20,"gold_gain":0,"player_choice":"Healed","damage_taken":0,"max_hp_gain":0,"max_hp_loss":0,"event_name":"The Cleric","floor":5,"gold_loss":35},{"damage_healed":0,"gold_gain":0,"player_choice":"Ignored","damage_taken":0,"max_hp_gain":0,"max_hp_loss":0,"event_name":"Purifier","floor":11,"gold_loss":0},{"damage_healed":0,"gold_gain":0,"player_choice":"Searched \u00271\u0027 times","damage_taken":0,"max_hp_gain":0,"max_hp_loss":0,"event_name":"Dead Adventurer","floor":12,"gold_loss":0},{"damage_healed":0,"gold_gain":75,"player_choice":"Gather Gold","damage_taken":11,"max_hp_gain":0,"max_hp_loss":0,"event_name":"World of Goop","floor":14,"gold_loss":0},{"damage_healed":0,"gold_gain":0,"player_choice":"Ignored","damage_taken":0,"max_hp_gain":0,"max_hp_loss":0,"event_name":"Beggar","floor":20,"gold_loss":0}],"is_beta":false,"boss_relics":[{"not_picked":["Coffee Dripper","Snecko Eye"],"picked":"Black Blood"}],"items_purged_floors":[4],"is_endless":false,"potions_floor_spawned":[1,16,21,23],"killed_by":"Book of Stabbing","ascension_level":0}