{"gold_per_floor":[113,113,131,131,148,174,186,25,25,25,43,43,56,56],"floor_reached":14,"playtime":552,"items_purged":["Strike_B"],"score":170,"play_id":"2cf31194-f235-4d50-8f7f-062b998cca8a","local_time":"20190619183905","is_ascension_mode":true,"campfire_choices":[{"data":"Dualcast","floor":10,"key":"SMITH"}],"neow_cost":"NONE","seed_source_timestamp":0,"circlet_count":0,"master_deck":["AscendersBane","Strike_B","Strike_B","Defend_B","Defend_B","Defend_B","Defend_B","Zap+1","Dualcast+1","Cold Snap+1","Compile Driver","Gash","Reprogram","Defragment","Rainbow"],"special_seed":0,"relics":["Cracked Core","NeowsBlessing","Art of War","DataDisk"],"potions_floor_usage":[6,6],"damage_taken":[{"damage":0,"enemies":"2 Louse","floor":1,"turns":1},{"damage":0,"enemies":"Cultist","floor":3,"turns":1},{"damage":0,"enemies":"Small Slimes","floor":5,"turns":1},{"damage":5,"enemies":"3 Sentries","floor":6,"turns":6},{"damage":7,"enemies":"Exordium Wildlife","floor":7,"turns":6},{"damage":13,"enemies":"Large Slime","floor":11,"turns":4},{"damage":12,"enemies":"Exordium Thugs","floor":13,"turns":4},{"damage":0,"enemies":"Gremlin Gang","floor":14,"turns":1}],"seed_played":"-336918892093681945","potions_obtained":[{"floor":2,"key":"LiquidBronze"},{"floor":2,"key":"Fire Potion"},{"floor":5,"key":"Explosive Potion"},{"floor":6,"key":"SkillPotion"}],"is_trial":false,"path_per_floor":["M","?","M","?","M","E","M","$","T","R","M","?","M","M"],"character_chosen":"DEFECT","items_purchased":["Defragment"],"campfire_rested":0,"item_purchase_floors":[8],"current_hp_per_floor":[64,64,64,43,43,38,31,31,31,31,18,18,6,6],"gold":56,"neow_bonus":"THREE_ENEMY_KILL","is_prod":false,"is_daily":false,"chose_seed":false,"campfire_upgraded":1,"win_rate":0,"timestamp":1560983945,"path_taken":["M","?","?","?","M","E","M","?","T","R","M","?","M","M"],"build_version":"2019-06-18","purchased_purges":1,"victory":false,"max_hp_per_floor":[71,71,71,71,71,71,71,71,71,71,71,71,71,71],"card_choices":[{"not_picked":["Coolheaded","Beam Cell"],"picked":"Cold Snap","floor":1},{"not_picked":["Static Discharge","Darkness"],"picked":"Compile Driver","floor":3},{"not_picked":["Barrage","Scrape"],"picked":"Gash","floor":5},{"not_picked":["Go for the Eyes","Redo"],"picked":"Reprogram","floor":6},{"not_picked":["Barrage","Coolheaded","Compile Driver"],"picked":"SKIP","floor":7},{"not_picked":["Go for the Eyes","Redo","Beam Cell"],"picked":"SKIP","floor":11},{"not_picked":["Compile Driver","Go for the Eyes","Thunder Strike"],"picked":"SKIP","floor":13}],"player_experience":622823,"relics_obtained":[{"floor":6,"key":"Art of War"},{"floor":9,"key":"DataDisk"}],"event_choices":[{"damage_healed":0,"gold_gain":0,"player_choice":"Got Potions","damage_taken":0,"max_hp_gain":0,"max_hp_loss":0,"event_name":"Lab","floor":2,"gold_loss":0},{"damage_healed":0,"gold_gain":0,"player_choice":"Entered Light","damage_taken":21,"max_hp_gain":0,"max_hp_loss":0,"event_name":"Shining Light","floor":4,"gold_loss":0,"cards_upgraded":["Cold Snap","Zap"]},{"damage_healed":0,"gold_gain":0,"cards_transformed":["Strike_B"],"player_choice":"Transformed","damage_taken":0,"max_hp_gain":0,"max_hp_loss":0,"event_name":"Transmorgrifier","floor":12,"gold_loss":0,"cards_obtained":["Rainbow"]}],"is_beta":true,"boss_relics":[],"items_purged_floors":[8],"is_endless":false,"potions_floor_spawned":[5,6],"killed_by":"Gremlin Gang","ascension_level":17}