{"gold_per_floor":[117,67,86,86,11,11,39,39,96,116,128,128,154,154,154,255,255,274,286,286,286,297,297,327,327,327,361,372,297,297,314,314,314],"floor_reached":33,"playtime":2432,"items_purged":["Strike_G"],"score":337,"play_id":"a9f72335-00b4-4d22-b246-a5ff827cee08","local_time":"20190319183253","is_ascension_mode":true,"campfire_choices":[{"data":"Neutralize","floor":6,"key":"SMITH"},{"data":"Envenom","floor":8,"key":"SMITH"},{"data":"Sucker Punch","floor":12,"key":"SMITH"},{"floor":15,"key":"REST"},{"floor":23,"key":"REST"},{"floor":25,"key":"REST"},{"data":"A Thousand Cuts","floor":30,"key":"SMITH"},{"floor":32,"key":"REST"}],"neow_cost":"NONE","seed_source_timestamp":21363818292609,"circlet_count":0,"master_deck":["Defend_G+1","Defend_G","Strike_G+1","Strike_G+1","Strike_G+1","Survivor","Neutralize+1","Dramatic Entrance","Well Laid Plans","Calculated Gamble","Envenom+1","Backflip","Sucker Punch+1","A Thousand Cuts+1","Glass Knife","Footwork","Blade Dance","Adrenaline","All Out Attack","Deadly Poison","Leg Sweep","Dagger Spray+1","Sucker Punch+1","Terror+1","After Image"],"relics":["Ring of the Snake","Paper Crane","Tiny Chest","Whetstone","Orrery","Potion Belt","Singing Bowl","Pear"],"potions_floor_usage":[13,18,27,33],"damage_taken":[{"damage":2,"enemies":"Cultist","floor":1,"turns":4},{"damage":1,"enemies":"Jaw Worm","floor":3,"turns":3},{"damage":21,"enemies":"Gremlin Nob","floor":7,"turns":5},{"damage":0,"enemies":"Small Slimes","floor":10,"turns":3},{"damage":0,"enemies":"Blue Slaver","floor":11,"turns":4},{"damage":8,"enemies":"Lagavulin","floor":13,"turns":6},{"damage":11,"enemies":"The Guardian","floor":16,"turns":11},{"damage":12,"enemies":"2 Thieves","floor":18,"turns":4},{"damage":2,"enemies":"Chosen","floor":19,"turns":5},{"damage":42,"enemies":"Sentry and Sphere","floor":22,"turns":9},{"damage":9,"enemies":"Gremlin Leader","floor":24,"turns":6},{"damage":32,"enemies":"Slavers","floor":27,"turns":4},{"damage":7,"enemies":"Snake Plant","floor":28,"turns":4},{"damage":3,"enemies":"Chosen and Byrds","floor":31,"turns":4},{"damage":65,"enemies":"Collector","floor":33,"turns":7}],"seed_played":"-5791634164232819243","potions_obtained":[{"floor":10,"key":"Swift Potion"},{"floor":11,"key":"Ancient Potion"},{"floor":24,"key":"Ancient Potion"},{"floor":27,"key":"FairyPotion"},{"floor":28,"key":"GamblersBrew"}],"is_trial":false,"path_per_floor":["M","?","M","?","$","R","E","R","T","M","M","R","E","?","R","B",null,"M","M","?","?","M","R","E","R","T","E","M","?","R","M","R","B"],"character_chosen":"THE_SILENT","items_purchased":[],"campfire_rested":4,"item_purchase_floors":[],"current_hp_per_floor":[68,68,67,53,53,53,32,32,32,32,32,32,24,17,38,27,70,58,56,56,56,14,35,26,47,47,25,18,18,18,17,41,0],"gold":314,"neow_bonus":"RANDOM_COLORLESS","is_prod":false,"is_daily":false,"chose_seed":false,"campfire_upgraded":4,"win_rate":0,"timestamp":1553034773,"path_taken":["M","?","M","?","?","R","E","R","T","M","M","R","E","?","R","BOSS","M","M","?","?","M","R","E","R","T","E","M","?","R","M","R","BOSS"],"build_version":"2019-01-23","purchased_purges":1,"victory":false,"max_hp_per_floor":[70,70,70,70,70,70,70,70,70,70,70,70,70,70,70,70,70,70,70,70,70,70,70,70,70,70,80,80,80,80,82,82,82],"card_choices":[{"not_picked":["Flying Knee","Cloak And Dagger"],"picked":"Well Laid Plans","floor":1},{"not_picked":["Acrobatics","PiercingWail"],"picked":"Calculated Gamble","floor":3},{"not_picked":["Deadly Poison","Masterful Stab"],"picked":"Envenom","floor":7},{"not_picked":["Bane","Acrobatics"],"picked":"Backflip","floor":10},{"not_picked":["Dash","Heel Hook"],"picked":"Sucker Punch","floor":11},{"not_picked":["Deadly Poison","Blade Dance"],"picked":"A Thousand Cuts","floor":13},{"not_picked":["Adrenaline","Phantasmal Killer"],"picked":"Glass Knife","floor":16},{"not_picked":["Blade Dance","Sucker Punch"],"picked":"Footwork","floor":17},{"not_picked":["PiercingWail","Backflip"],"picked":"Blade Dance","floor":17},{"not_picked":["Underhanded Strike","Flechettes"],"picked":"Adrenaline","floor":17},{"not_picked":["Deadly Poison","PiercingWail"],"picked":"All Out Attack","floor":17},{"not_picked":["Dagger Throw","Prepared"],"picked":"Deadly Poison","floor":17},{"not_picked":["Eviscerate","Cloak And Dagger"],"picked":"Leg Sweep","floor":18},{"not_picked":["Burst","Flying Knee","Underhanded Strike"],"picked":"SKIP","floor":19},{"not_picked":["Eviscerate+1","Masterful Stab"],"picked":"Dagger Spray+1","floor":22},{"not_picked":["Escape Plan","Dodge and Roll"],"picked":"Sucker Punch+1","floor":24},{"not_picked":["Quick Slash+1","Poisoned Stab"],"picked":"Terror+1","floor":27},{"not_picked":["Cloak And Dagger+1","Deflect"],"picked":"After Image","floor":28},{"not_picked":["Dagger Throw","Quick Slash","Well Laid Plans+1"],"picked":"Singing Bowl","floor":31}],"player_experience":136796,"relics_obtained":[{"floor":7,"key":"Paper Crane"},{"floor":9,"key":"Tiny Chest"},{"floor":13,"key":"Whetstone"},{"floor":24,"key":"Potion Belt"},{"floor":26,"key":"Singing Bowl"},{"floor":27,"key":"Pear"}],"event_choices":[{"cards_removed":["Defend_G"],"damage_healed":0,"gold_gain":0,"player_choice":"Card Removal","damage_taken":0,"max_hp_gain":0,"max_hp_loss":0,"event_name":"The Cleric","floor":2,"gold_loss":50},{"damage_healed":0,"gold_gain":0,"player_choice":"Entered Light","damage_taken":14,"max_hp_gain":0,"max_hp_loss":0,"event_name":"Shining Light","floor":4,"gold_loss":0,"cards_upgraded":["Strike_G","Defend_G"]},{"cards_removed":["Strike_G"],"damage_healed":0,"gold_gain":0,"player_choice":"Card Removal","damage_taken":7,"max_hp_gain":0,"max_hp_loss":0,"event_name":"Golden Wing","floor":14,"gold_loss":0},{"damage_healed":0,"gold_gain":0,"player_choice":"Ignored","damage_taken":0,"max_hp_gain":0,"max_hp_loss":0,"event_name":"Ghosts","floor":20,"gold_loss":0},{"cards_removed":["Defend_G"],"damage_healed":0,"gold_gain":0,"player_choice":"Elegance","damage_taken":0,"max_hp_gain":0,"max_hp_loss":0,"event_name":"Back to Basics","floor":21,"gold_loss":0},{"cards_removed":["Defend_G"],"damage_healed":0,"gold_gain":0,"player_choice":"Gave Gold","damage_taken":0,"max_hp_gain":0,"max_hp_loss":0,"event_name":"Beggar","floor":29,"gold_loss":75}],"is_beta":false,"boss_relics":[{"not_picked":["Snecko Eye","Busted Crown"],"picked":"Orrery"}],"items_purged_floors":[5],"is_endless":false,"potions_floor_spawned":[10,11,24,27,28],"killed_by":"Collector","ascension_level":3}