{"gold_per_floor":[111,124,124,9,19,52,64,64,64,92,92,92,105,132,132,237,237,254,254,30,47,47,72,34,34,116,116,128,148,148,100,100,100],"floor_reached":33,"playtime":1921,"items_purged":[],"score":308,"play_id":"bce7699d-2e4b-4636-a717-758367194086","local_time":"20190704235136","is_ascension_mode":false,"campfire_choices":[{"floor":8,"key":"REST"},{"floor":11,"key":"REST"},{"floor":15,"key":"REST"},{"data":"Envenom","floor":25,"key":"SMITH"},{"floor":32,"key":"REST"}],"neow_cost":"NONE","seed_source_timestamp":354195093444676,"circlet_count":0,"master_deck":["Strike_G","Strike_G","Strike_G","Strike_G","Defend_G","Defend_G","Defend_G","Defend_G","Defend_G","Survivor","Neutralize","Dagger Throw","Dagger Spray","Venomology","Caltrops","Slice","Backflip","Corpse Explosion","Deflect","Dodge and Roll","Endless Agony","Sucker Punch","Envenom+1","Slice","Caltrops","Slice","Poisoned Stab","Sucker Punch","Well Laid Plans+1","Endless Agony","Flying Knee","Slice","Slice"],"relics":["Ring of the Snake","Pen Nib","Vajra","Omamori","Meat on the Bone","Dodecahedron","Cursed Key","Boot","StoneCalendar","Mummified Hand"],"potions_floor_usage":[5,6,10,10,14,16,23,33,33],"damage_taken":[{"damage":0,"enemies":"Jaw Worm","floor":1,"turns":6},{"damage":0,"enemies":"Cultist","floor":2,"turns":3},{"damage":5,"enemies":"Small Slimes","floor":5,"turns":4},{"damage":25,"enemies":"Lagavulin","floor":6,"turns":7},{"damage":7,"enemies":"Red Slaver","floor":7,"turns":5},{"damage":13,"enemies":"Gremlin Nob","floor":10,"turns":3},{"damage":18,"enemies":"Exordium Thugs","floor":13,"turns":4},{"damage":4,"enemies":"3 Sentries","floor":14,"turns":3},{"damage":74,"enemies":"The Guardian","floor":16,"turns":13},{"damage":0,"enemies":"3 Byrds","floor":18,"turns":2},{"damage":9,"enemies":"Spheric Guardian","floor":21,"turns":4},{"damage":14,"enemies":"Slavers","floor":23,"turns":3},{"damage":6,"enemies":"Snake Plant","floor":28,"turns":4},{"damage":15,"enemies":"Centurion and Healer","floor":29,"turns":6},{"damage":108,"enemies":"Champ","floor":33,"turns":12}],"seed_played":"-7519667555229505353","potions_obtained":[{"floor":5,"key":"Explosive Potion"},{"floor":6,"key":"Fire Potion"},{"floor":13,"key":"Strength Potion"},{"floor":16,"key":"Fire Potion"},{"floor":29,"key":"Ancient Potion"}],"is_trial":false,"path_per_floor":["M","M","?","$","M","E","M","R","T","E","R","?","M","E","R","B",null,"M","?","$","M","?","E","$","R","T","?","M","M","?","$","R","B"],"character_chosen":"THE_SILENT","items_purchased":["Caltrops","Slice","Caltrops","Boot","Slice","Endless Agony","Slice"],"campfire_rested":4,"item_purchase_floors":[4,4,20,20,20,24,31],"current_hp_per_floor":[70,70,70,70,65,40,33,54,54,41,62,62,44,40,61,14,70,70,70,70,61,61,47,47,47,47,47,41,38,38,38,59,0],"gold":100,"neow_bonus":"RANDOM_COMMON_RELIC","is_prod":false,"is_daily":false,"chose_seed":false,"campfire_upgraded":1,"win_rate":0.0,"timestamp":1562295096,"path_taken":["M","M","?","$","?","E","M","R","T","E","R","?","?","E","R","BOSS","M","?","$","M","?","E","$","R","T","?","M","?","?","$","R","BOSS"],"build_version":"2019-07-01","purchased_purges":0,"victory":false,"max_hp_per_floor":[70,70,70,70,70,70,70,70,70,70,70,70,70,70,70,70,70,70,70,70,70,70,70,70,70,70,70,70,70,70,70,70,70],"card_choices":[{"not_picked":["Deflect","Skewer"],"picked":"Dagger Throw","floor":1},{"not_picked":["Acrobatics","Quick Slash"],"picked":"Dagger Spray","floor":2},{"not_picked":["Heel Hook","Skewer"],"picked":"Backflip","floor":5},{"not_picked":["Skewer","Noxious Fumes"],"picked":"Corpse Explosion","floor":6},{"not_picked":["Sucker Punch","Outmaneuver"],"picked":"Deflect","floor":7},{"not_picked":["Sucker Punch","Deadly Poison"],"picked":"Dodge and Roll","floor":10},{"not_picked":["Heel Hook","Backflip"],"picked":"Endless Agony","floor":13},{"not_picked":["Skewer","Wraith Form v2"],"picked":"Sucker Punch","floor":14},{"not_picked":["Phantasmal Killer","Malaise"],"picked":"Envenom","floor":16},{"not_picked":["Footwork+1","Reflex"],"picked":"Slice","floor":18},{"not_picked":["Terror","Tactician"],"picked":"Poisoned Stab","floor":21},{"not_picked":["Underhanded Strike","Catalyst"],"picked":"Well Laid Plans+1","floor":23},{"not_picked":["Acrobatics","Underhanded Strike"],"picked":"Flying Knee","floor":28},{"not_picked":["PiercingWail","Footwork"],"picked":"Slice","floor":29}],"player_experience":52287,"relics_obtained":[{"floor":6,"key":"Vajra"},{"floor":9,"key":"Omamori"},{"floor":10,"key":"Meat on the Bone"},{"floor":14,"key":"Dodecahedron"},{"floor":23,"key":"StoneCalendar"},{"floor":26,"key":"Mummified Hand"}],"event_choices":[{"damage_healed":0,"gold_gain":0,"cards_transformed":["Strike_G"],"player_choice":"Transformed","damage_taken":0,"max_hp_gain":0,"max_hp_loss":0,"event_name":"Transmorgrifier","floor":3,"gold_loss":0,"cards_obtained":["Venomology"]},{"damage_healed":0,"gold_gain":0,"player_choice":"Bought 0 Potions","damage_taken":0,"max_hp_gain":0,"max_hp_loss":0,"event_name":"The Woman in Blue","floor":12,"gold_loss":0},{"damage_healed":0,"gold_gain":0,"player_choice":"Ignored","damage_taken":0,"max_hp_gain":0,"max_hp_loss":0,"event_name":"Vampires","floor":19,"gold_loss":0},{"damage_healed":0,"gold_gain":0,"player_choice":"Read","damage_taken":0,"max_hp_gain":0,"max_hp_loss":0,"event_name":"The Library","floor":22,"gold_loss":0,"cards_obtained":["Sucker Punch"]},{"damage_healed":0,"gold_gain":0,"player_choice":"Ignored","damage_taken":0,"max_hp_gain":0,"max_hp_loss":0,"event_name":"Purifier","floor":27,"gold_loss":0},{"damage_healed":0,"gold_gain":0,"player_choice":"Ignored","damage_taken":0,"max_hp_gain":0,"max_hp_loss":0,"event_name":"Ghosts","floor":30,"gold_loss":0}],"is_beta":false,"boss_relics":[{"not_picked":["Philosopher\u0027s Stone","Sozu"],"picked":"Cursed Key"}],"items_purged_floors":[],"is_endless":false,"potions_floor_spawned":[5,6,13,16,18,21,29],"killed_by":"Champ","ascension_level":0}