{"gold_per_floor":[359,372,55,20,39,39,53,72,99,111,129,160,160,188,188,265,265,279,279,297,297],"floor_reached":21,"playtime":1260,"items_purged":["Strike_R"],"score":386,"play_id":"66b2bc96-6ab1-4dba-abc5-755e389c69e8","local_time":"20190708071141","is_ascension_mode":true,"campfire_choices":[{"data":"Apotheosis","floor":6,"key":"SMITH"},{"floor":13,"key":"REST"},{"floor":15,"key":"REST"}],"neow_cost":"TEN_PERCENT_HP_LOSS","seed_source_timestamp":281193324709115,"circlet_count":0,"master_deck":["AscendersBane","Strike_R","Strike_R","Strike_R","Strike_R","Defend_R","Defend_R","Defend_R","Defend_R","Bash","Clothesline","Apotheosis+1","Ghostly Armor","Power Through","Second Wind","Shrug It Off","Battle Trance","Bludgeon","Bludgeon","Spot Weakness"],"relics":["Burning Blood","Omamori","Red Skull","Bag of Marbles","Runic Pyramid"],"potions_floor_usage":[12,16,20],"damage_taken":[{"damage":18,"enemies":"Small Slimes","floor":1,"turns":4},{"damage":24,"enemies":"Cultist","floor":2,"turns":6},{"damage":0,"enemies":"2 Louse","floor":5,"turns":2},{"damage":4,"enemies":"Large Slime","floor":7,"turns":6},{"damage":4,"enemies":"Exordium Wildlife","floor":8,"turns":4},{"damage":11,"enemies":"Looter","floor":10,"turns":4},{"damage":5,"enemies":"2 Fungi Beasts","floor":11,"turns":5},{"damage":17,"enemies":"Lagavulin","floor":12,"turns":10},{"damage":32,"enemies":"Gremlin Nob","floor":14,"turns":6},{"damage":57,"enemies":"Hexaghost","floor":16,"turns":9},{"damage":24,"enemies":"Spheric Guardian","floor":18,"turns":6},{"damage":14,"enemies":"3 Byrds","floor":20,"turns":3},{"damage":31,"enemies":"Centurion and Healer","floor":21,"turns":5}],"seed_played":"7284443507536062274","potions_obtained":[{"floor":7,"key":"LiquidBronze"},{"floor":8,"key":"GamblersBrew"},{"floor":10,"key":"AttackPotion"},{"floor":12,"key":"SneckoOil"},{"floor":14,"key":"GamblersBrew"}],"is_trial":false,"path_per_floor":["M","M","$","?","M","R","M","M","T","M","M","E","R","E","R","B",null,"M","?","M","M"],"character_chosen":"IRONCLAD","items_purchased":["Apotheosis","Ghostly Armor"],"campfire_rested":2,"item_purchase_floors":[3,3],"current_hp_per_floor":[56,38,38,55,61,61,63,65,65,60,61,50,68,42,62,11,54,36,36,28,0],"gold":297,"neow_bonus":"TWO_FIFTY_GOLD","is_prod":false,"is_daily":false,"chose_seed":false,"campfire_upgraded":1,"win_rate":0,"timestamp":1562584301,"path_taken":["M","M","$","?","M","R","M","M","T","M","M","E","R","E","R","BOSS","M","?","?","M"],"build_version":"2019-07-03","purchased_purges":1,"victory":false,"max_hp_per_floor":[68,68,68,68,68,68,68,68,68,68,68,68,68,68,68,68,68,68,68,68,68],"card_choices":[{"not_picked":["Rage","Heavy Blade"],"picked":"Clothesline","floor":1},{"not_picked":["Cleave","Body Slam","Thunderclap"],"picked":"SKIP","floor":2},{"not_picked":["Pommel Strike","Pummel"],"picked":"Power Through","floor":5},{"not_picked":["Armaments","Iron Wave","Headbutt"],"picked":"SKIP","floor":7},{"not_picked":["Twin Strike","Bloodletting"],"picked":"Second Wind","floor":8},{"not_picked":["Flex","Pommel Strike","Clash"],"picked":"SKIP","floor":10},{"not_picked":["Armaments","Sever Soul"],"picked":"Shrug It Off","floor":11},{"not_picked":["Shrug It Off","Havoc"],"picked":"Battle Trance","floor":12},{"not_picked":["Sword Boomerang","Clothesline"],"picked":"Bludgeon","floor":14},{"not_picked":["Brutality","Double Tap"],"picked":"Bludgeon","floor":16},{"not_picked":["Whirlwind","Cleave"],"picked":"Spot Weakness","floor":18},{"not_picked":["Second Wind+1","Clothesline","Clash"],"picked":"SKIP","floor":20}],"player_experience":698295,"relics_obtained":[{"floor":9,"key":"Omamori"},{"floor":12,"key":"Red Skull"},{"floor":14,"key":"Bag of Marbles"}],"event_choices":[{"damage_healed":17,"gold_gain":0,"player_choice":"Healed","damage_taken":0,"max_hp_gain":0,"max_hp_loss":0,"event_name":"The Cleric","floor":4,"gold_loss":35},{"damage_healed":0,"gold_gain":0,"player_choice":"0 cards matched","damage_taken":0,"max_hp_gain":0,"max_hp_loss":0,"event_name":"Match and Keep!","floor":19,"gold_loss":0,"cards_obtained":[]}],"is_beta":true,"boss_relics":[{"not_picked":["Orrery","Runic Cube"],"picked":"Runic Pyramid"}],"items_purged_floors":[3],"is_endless":false,"potions_floor_spawned":[7,8,10,11,12,14],"killed_by":"Centurion and Healer","ascension_level":20}