{"gold_per_floor":[109,109,384,399,411,444,85,95,145,163,174,174,185,185,185,283,283,302,314,324,175,175,175,232,232,232,59,73,163,163],"floor_reached":30,"playtime":1798,"items_purged":["Regret"],"score":277,"play_id":"b34bde65-2154-44a5-8966-911b34a9e019","local_time":"20190704194505","is_ascension_mode":false,"campfire_choices":[{"floor":12,"key":"REST"},{"data":"Dual Wield","floor":15,"key":"SMITH"},{"floor":23,"key":"REST"},{"data":"Fiend Fire","floor":25,"key":"SMITH"}],"neow_cost":"NONE","seed_source_timestamp":0,"circlet_count":0,"master_deck":["Strike_R","Strike_R","Strike_R","Strike_R","Defend_R","Defend_R","Defend_R","Bash","Headbutt","Shrug It Off","Flame Barrier","Pommel Strike","Double Tap+1","Finesse","Shrug It Off","Pommel Strike","Dual Wield+1","Anger","Clash","Fiend Fire+1","Rampage","Cleave","Shrug It Off","Impatience","Iron Wave","Entrench+1","Shrug It Off+1","Clothesline","Mind Blast","Discovery+1"],"special_seed":0,"relics":["Burning Blood","NeowsBlessing","Mercury Hourglass","Anchor","Regal Pillow","Empty Cage","Tiny Chest","Toxic Egg 2","Omamori"],"potions_floor_usage":[24,24],"damage_taken":[{"damage":0,"enemies":"Cultist","floor":1,"turns":1},{"damage":0,"enemies":"2 Louse","floor":4,"turns":1},{"damage":0,"enemies":"Small Slimes","floor":5,"turns":1},{"damage":27,"enemies":"3 Sentries","floor":6,"turns":7},{"damage":0,"enemies":"2 Fungi Beasts","floor":8,"turns":2},{"damage":3,"enemies":"Lots of Slimes","floor":10,"turns":3},{"damage":2,"enemies":"Blue Slaver","floor":11,"turns":3},{"damage":7,"enemies":"Exordium Wildlife","floor":13,"turns":6},{"damage":34,"enemies":"Hexaghost","floor":16,"turns":9},{"damage":8,"enemies":"Spheric Guardian","floor":18,"turns":3},{"damage":0,"enemies":"Chosen","floor":19,"turns":3},{"damage":34,"enemies":"Centurion and Healer","floor":20,"turns":6},{"damage":20,"enemies":"Book of Stabbing","floor":24,"turns":4},{"damage":0,"enemies":"Snake Plant","floor":28,"turns":3},{"damage":37,"enemies":"Cultist and Chosen","floor":30,"turns":6}],"seed_played":"-6397821187240833583","potions_obtained":[{"floor":5,"key":"Block Potion"},{"floor":8,"key":"SkillPotion"},{"floor":10,"key":"Weak Potion"},{"floor":20,"key":"Strength Potion"}],"is_trial":false,"path_per_floor":["M","?","?","M","M","E","$","M","T","M","M","R","M","?","R","B",null,"M","M","M","$","?","R","E","R","T","$","M","?","M"],"character_chosen":"IRONCLAD","items_purchased":["Double Tap","Finesse","Shrug It Off","Impatience","Iron Wave","Shrug It Off+1","Omamori"],"campfire_rested":2,"item_purchase_floors":[7,7,7,21,21,27,27],"current_hp_per_floor":[80,62,62,68,74,53,53,59,59,62,66,80,79,79,79,51,80,78,80,52,52,37,77,63,63,63,63,69,37,0],"gold":163,"neow_bonus":"THREE_ENEMY_KILL","is_prod":false,"is_daily":false,"chose_seed":false,"campfire_upgraded":2,"win_rate":0.0,"timestamp":1562280305,"path_taken":["M","?","?","M","M","E","$","M","T","M","M","R","?","?","R","BOSS","M","M","M","$","?","R","E","R","T","$","M","?","M"],"build_version":"2019-07-01","purchased_purges":1,"victory":false,"max_hp_per_floor":[80,80,80,80,80,80,80,80,80,80,80,80,80,80,80,80,80,80,80,80,80,85,85,85,85,85,85,85,85,85],"card_choices":[{"not_picked":["True Grit","Flame Barrier"],"picked":"Headbutt","floor":1},{"not_picked":["Twin Strike","Spot Weakness"],"picked":"Shrug It Off","floor":4},{"not_picked":["Flex","Twin Strike"],"picked":"Flame Barrier","floor":5},{"not_picked":["Shockwave","Perfected Strike"],"picked":"Pommel Strike","floor":6},{"not_picked":["Perfected Strike","Heavy Blade"],"picked":"Pommel Strike","floor":8},{"not_picked":["Thunderclap","Body Slam"],"picked":"Dual Wield","floor":10},{"not_picked":["Dual Wield","Hemokinesis"],"picked":"Anger","floor":11},{"not_picked":["Intimidate","Clothesline"],"picked":"Clash","floor":13},{"not_picked":["Berserk","Juggernaut"],"picked":"Fiend Fire","floor":16},{"not_picked":["Body Slam","Perfected Strike"],"picked":"Rampage","floor":18},{"not_picked":["Sword Boomerang","True Grit"],"picked":"Cleave","floor":19},{"not_picked":["Perfected Strike","Reaper"],"picked":"Shrug It Off","floor":20},{"not_picked":["Perfected Strike","Searing Blow"],"picked":"Entrench+1","floor":24},{"not_picked":["Hemokinesis","Heavy Blade"],"picked":"Clothesline","floor":28}],"player_experience":46298,"relics_obtained":[{"floor":6,"key":"Anchor"},{"floor":9,"key":"Regal Pillow"},{"floor":24,"key":"Tiny Chest"},{"floor":26,"key":"Toxic Egg 2"}],"event_choices":[{"damage_healed":0,"gold_gain":0,"player_choice":"Success","damage_taken":18,"relics_obtained":["Mercury Hourglass"],"max_hp_gain":0,"max_hp_loss":0,"event_name":"Scrap Ooze","floor":2,"gold_loss":0},{"damage_healed":0,"gold_gain":275,"player_choice":"Desecrate","damage_taken":0,"max_hp_gain":0,"max_hp_loss":0,"event_name":"Golden Shrine","floor":3,"gold_loss":0,"cards_obtained":["Regret"]},{"damage_healed":0,"gold_gain":0,"player_choice":"Grow","damage_taken":0,"max_hp_gain":0,"max_hp_loss":0,"event_name":"Living Wall","floor":14,"gold_loss":0,"cards_upgraded":["Double Tap"]},{"damage_healed":0,"gold_gain":0,"player_choice":"Shed Blood","damage_taken":20,"max_hp_gain":5,"max_hp_loss":0,"event_name":"Forgotten Altar","floor":22,"gold_loss":0},{"damage_healed":0,"gold_gain":90,"player_choice":"CARD CARD GOLD ","damage_taken":32,"max_hp_gain":0,"max_hp_loss":0,"event_name":"Knowing Skull","floor":29,"potions_obtained":[],"gold_loss":0,"cards_obtained":["Mind Blast","Discovery"]}],"is_beta":false,"boss_relics":[{"not_picked":["Busted Crown","Philosopher\u0027s Stone"],"picked":"Empty Cage"}],"items_purged_floors":[7],"is_endless":false,"potions_floor_spawned":[5,8,10,13,20],"killed_by":"Cultist and Chosen","ascension_level":0}