{"gold_per_floor":[15,15,15,25,39,39,65,65,92,92,119,138,168,184,184,289,289,289,19,19,19,19,19,19,19,19,19,19,19,19,19,19,19],"floor_reached":33,"playtime":1528,"items_purged":[],"score":398,"play_id":"5ec935fb-ca21-4d4d-9db0-bbd6e75e7f94","local_time":"20190709145431","is_ascension_mode":true,"campfire_choices":[{"data":"Rampage","floor":6,"key":"SMITH"},{"data":"Heavy Blade","floor":10,"key":"SMITH"},{"data":"Limit Break","floor":15,"key":"SMITH"},{"data":"Power Through","floor":23,"key":"SMITH"},{"data":"True Grit","floor":32,"key":"SMITH"}],"neow_cost":"NO_GOLD","seed_source_timestamp":937325469749000,"circlet_count":0,"master_deck":["Strike_R","Strike_R","Strike_R","Defend_R","Defend_R+1","Defend_R+1","Defend_R","Bash","Spot Weakness+1","Rampage+1","Sword Boomerang","Heavy Blade+1","Havoc","Limit Break+1","Battle Trance","Feed","Ghostly Armor","True Grit+1","Power Through+1","Heavy Blade","Writhe","Headbutt+1","Sword Boomerang+1"],"relics":["Burning Blood","PreservedInsect","Orichalcum","War Paint","Meat on the Bone","Bag of Marbles","Ectoplasm","Lantern","Happy Flower","MawBank","Oddly Smooth Stone","Pen Nib"],"potions_floor_usage":[11,21,25,25,31,33],"damage_taken":[{"damage":2,"enemies":"2 Louse","floor":1,"turns":4},{"damage":6,"enemies":"Cultist","floor":4,"turns":4},{"damage":8,"enemies":"Jaw Worm","floor":5,"turns":4},{"damage":24,"enemies":"Gremlin Nob","floor":7,"turns":4},{"damage":14,"enemies":"3 Sentries","floor":11,"turns":5},{"damage":6,"enemies":"Looter","floor":12,"turns":2},{"damage":0,"enemies":"Gremlin Nob","floor":13,"turns":2},{"damage":0,"enemies":"Exordium Wildlife","floor":14,"turns":3},{"damage":21,"enemies":"The Guardian","floor":16,"turns":5},{"damage":43,"enemies":"3 Byrds","floor":18,"turns":5},{"damage":4,"enemies":"Chosen","floor":21,"turns":4},{"damage":33,"enemies":"Slavers","floor":24,"turns":4},{"damage":10,"enemies":"Centurion and Healer","floor":25,"turns":7},{"damage":29,"enemies":"Gremlin Leader","floor":27,"turns":6},{"damage":3,"enemies":"3 Cultists","floor":28,"turns":4},{"damage":9,"enemies":"Snake Plant","floor":29,"turns":4},{"damage":3,"enemies":"Cultist and Chosen","floor":31,"turns":4},{"damage":95,"enemies":"Champ","floor":33,"turns":13}],"seed_played":"2188450435286380381","potions_obtained":[{"floor":1,"key":"FairyPotion"},{"floor":4,"key":"Block Potion"},{"floor":12,"key":"Regen Potion"},{"floor":18,"key":"Fire Potion"},{"floor":24,"key":"Dexterity Potion"},{"floor":29,"key":"Fire Potion"},{"floor":31,"key":"LiquidBronze"}],"is_trial":false,"path_per_floor":["M","?","$","M","M","R","E","?","T","R","E","M","E","M","R","B",null,"M","$","?","M","?","R","E","M","T","E","M","M","$","M","R","B"],"character_chosen":"IRONCLAD","items_purchased":["Lantern","True Grit","Power Through"],"campfire_rested":0,"item_purchase_floors":[19,19,19],"current_hp_per_floor":[80,80,80,80,78,78,60,57,57,57,49,49,55,61,61,58,80,55,55,80,80,80,80,56,67,67,56,62,59,59,62,62,0],"gold":19,"neow_bonus":"REMOVE_TWO","is_prod":false,"is_daily":false,"chose_seed":false,"campfire_upgraded":5,"win_rate":0,"timestamp":1562698471,"path_taken":["M","?","?","M","?","R","E","?","T","R","E","M","E","M","R","BOSS","M","$","?","M","?","R","E","M","T","E","M","M","$","M","R","BOSS"],"build_version":"2019-01-23","purchased_purges":0,"victory":false,"max_hp_per_floor":[80,80,80,80,80,80,80,80,80,80,80,80,80,80,80,80,80,80,80,80,80,80,80,83,83,83,83,86,86,86,86,86,86],"card_choices":[{"not_picked":["Searing Blow","Perfected Strike"],"picked":"Spot Weakness","floor":1},{"not_picked":["Cleave","Twin Strike"],"picked":"Rampage","floor":4},{"not_picked":["Rupture","Warcry"],"picked":"Sword Boomerang","floor":5},{"not_picked":["Bludgeon","Reckless Charge"],"picked":"Heavy Blade","floor":7},{"not_picked":["Hemokinesis","Rupture","Uppercut"],"picked":"SKIP","floor":11},{"not_picked":["Pommel Strike","Thunderclap"],"picked":"Havoc","floor":12},{"not_picked":["Inflame","Sword Boomerang"],"picked":"Limit Break","floor":13},{"not_picked":["Thunderclap","Body Slam"],"picked":"Battle Trance","floor":14},{"not_picked":["Berserk","Dark Embrace"],"picked":"Feed","floor":16},{"not_picked":["Iron Wave+1","Entrench"],"picked":"Ghostly Armor","floor":18},{"not_picked":["Pommel Strike+1","Clash+1"],"picked":"Heavy Blade","floor":21},{"not_picked":["Searing Blow","Iron Wave"],"picked":"Headbutt+1","floor":24},{"not_picked":["Thunderclap+1","Clothesline"],"picked":"Sword Boomerang+1","floor":25},{"not_picked":["Clash","Anger","Limit Break"],"picked":"SKIP","floor":27},{"not_picked":["Wild Strike","Iron Wave+1","Body Slam"],"picked":"SKIP","floor":28},{"not_picked":["Thunderclap+1","Pommel Strike","Anger"],"picked":"SKIP","floor":29},{"not_picked":["Anger","Carnage","Barricade"],"picked":"SKIP","floor":31}],"player_experience":192661,"relics_obtained":[{"floor":7,"key":"PreservedInsect"},{"floor":9,"key":"War Paint"},{"floor":11,"key":"Meat on the Bone"},{"floor":13,"key":"Bag of Marbles"},{"floor":24,"key":"MawBank"},{"floor":26,"key":"Oddly Smooth Stone"},{"floor":27,"key":"Pen Nib"}],"event_choices":[{"damage_healed":0,"gold_gain":0,"player_choice":"Upgraded","damage_taken":0,"max_hp_gain":0,"max_hp_loss":0,"event_name":"Upgrade Shrine","floor":2,"gold_loss":0,"cards_upgraded":["Spot Weakness"]},{"damage_healed":0,"gold_gain":0,"player_choice":"Success","damage_taken":3,"relics_obtained":["Orichalcum"],"max_hp_gain":0,"max_hp_loss":0,"event_name":"Scrap Ooze","floor":8,"gold_loss":0},{"damage_healed":26,"gold_gain":0,"player_choice":"Heal","damage_taken":0,"max_hp_gain":0,"max_hp_loss":0,"event_name":"The Library","floor":20,"gold_loss":0},{"damage_healed":0,"gold_gain":0,"player_choice":"Opened","damage_taken":0,"relics_obtained":["Happy Flower"],"max_hp_gain":0,"max_hp_loss":0,"event_name":"The Mausoleum","floor":22,"gold_loss":0,"cards_obtained":["Writhe"]}],"is_beta":false,"boss_relics":[{"not_picked":["Lizard Tail","Pandora\u0027s Box"],"picked":"Ectoplasm"}],"items_purged_floors":[],"is_endless":false,"potions_floor_spawned":[1,4,12,18,24,29,31],"killed_by":"Champ","ascension_level":4}