{"gold_per_floor":[113,43,57,57,57,85,85,118,142,142,157,157,44,54,54,156,156,172,26,26,42,42,71,88,13,85,85,97,97],"floor_reached":29,"playtime":1884,"items_purged":["Strike_G"],"score":428,"play_id":"809727db-0b40-4337-ba2c-4b93b24287a0","local_time":"20190709092905","is_ascension_mode":true,"campfire_choices":[{"data":"Cloak And Dagger","floor":7,"key":"SMITH"},{"data":"Cloak And Dagger","floor":12,"key":"SMITH"},{"floor":15,"key":"REST"},{"floor":27,"key":"REST"}],"neow_cost":"NONE","seed_source_timestamp":355321276314974,"circlet_count":0,"master_deck":["AscendersBane","Strike_G","Strike_G","Strike_G","Strike_G","Defend_G","Defend_G","Defend_G","Defend_G","Survivor","Neutralize","Well Laid Plans","Noxious Fumes+1","Cloak And Dagger+1","Bullet Time","Cloak And Dagger+1","Accuracy","Cloak And Dagger","Escape Plan","Tools of the Trade","Infinite Blades","Bouncing Flask+1","Accuracy"],"relics":["Ring of the Snake","NeowsBlessing","Snake Skull","PreservedInsect","Juzu Bracelet","Busted Crown","MutagenicStrength","Sundial","Mummified Hand"],"potions_floor_usage":[8,16,16,21,24],"damage_taken":[{"damage":0,"enemies":"Cultist","floor":1,"turns":1},{"damage":0,"enemies":"Jaw Worm","floor":3,"turns":1},{"damage":0,"enemies":"Lagavulin","floor":6,"turns":1},{"damage":25,"enemies":"Gremlin Nob","floor":8,"turns":4},{"damage":2,"enemies":"Small Slimes","floor":11,"turns":4},{"damage":4,"enemies":"Exordium Thugs","floor":14,"turns":6},{"damage":20,"enemies":"Slime Boss","floor":16,"turns":8},{"damage":3,"enemies":"3 Byrds","floor":18,"turns":5},{"damage":6,"enemies":"Chosen","floor":21,"turns":4},{"damage":29,"enemies":"Book of Stabbing","floor":23,"turns":5},{"damage":20,"enemies":"Snake Plant","floor":24,"turns":3},{"damage":13,"enemies":"3 Cultists","floor":28,"turns":5},{"damage":26,"enemies":"Cultist and Chosen","floor":29,"turns":5}],"seed_played":"2667763628629963233","potions_obtained":[{"floor":1,"key":"SteroidPotion"},{"floor":3,"key":"Poison Potion"},{"floor":11,"key":"Strength Potion"},{"floor":18,"key":"GamblersBrew"},{"floor":23,"key":"GamblersBrew"}],"is_trial":false,"path_per_floor":["M","$","M","$","?","E","R","E","T","?","M","R","$","M","R","B",null,"M","$","?","M","?","E","M","$","T","R","M","M"],"character_chosen":"THE_SILENT","items_purchased":["Noxious Fumes","Accuracy","Cloak And Dagger","Infinite Blades","Accuracy"],"campfire_rested":2,"item_purchase_floors":[2,13,13,19,25],"current_hp_per_floor":[63,63,63,63,63,63,63,38,38,38,36,36,36,32,53,33,61,58,58,58,52,52,23,3,3,3,24,11,0],"gold":97,"neow_bonus":"THREE_ENEMY_KILL","is_prod":false,"is_daily":false,"chose_seed":false,"campfire_upgraded":2,"win_rate":0,"timestamp":1562678945,"path_taken":["M","?","M","$","?","E","R","E","T","?","M","R","?","M","R","BOSS","M","$","?","M","?","E","M","?","T","R","M","M"],"build_version":"2019-07-03","purchased_purges":1,"victory":false,"max_hp_per_floor":[70,70,70,70,70,70,70,70,70,70,70,70,70,70,70,70,70,70,70,70,70,70,70,70,70,70,70,70,70],"card_choices":[{"not_picked":["Infinite Blades","Riddle With Holes"],"picked":"Well Laid Plans","floor":1},{"not_picked":["Dagger Spray","Terror"],"picked":"Cloak And Dagger","floor":3},{"not_picked":["Heel Hook","Expertise"],"picked":"Bullet Time","floor":6},{"not_picked":["Bane","Expertise","Riddle With Holes"],"picked":"SKIP","floor":8},{"not_picked":["Expertise","Dagger Throw"],"picked":"Cloak And Dagger","floor":11},{"not_picked":["Quick Slash","Backflip"],"picked":"Escape Plan","floor":14},{"not_picked":["Phantasmal Killer","Unload"],"picked":"Tools of the Trade","floor":16},{"not_picked":["Dodge and Roll"],"picked":"SKIP","floor":18},{"not_picked":[],"picked":"Bouncing Flask+1","floor":21},{"not_picked":["Outmaneuver"],"picked":"SKIP","floor":23},{"not_picked":["Poisoned Stab"],"picked":"SKIP","floor":24},{"not_picked":["Sucker Punch"],"picked":"SKIP","floor":28},{"not_picked":["Sucker Punch"],"picked":"SKIP","floor":28}],"player_experience":733027,"relics_obtained":[{"floor":6,"key":"Snake Skull"},{"floor":8,"key":"PreservedInsect"},{"floor":9,"key":"Juzu Bracelet"},{"floor":23,"key":"Sundial"},{"floor":26,"key":"Mummified Hand"}],"event_choices":[{"damage_healed":0,"gold_gain":0,"player_choice":"Upgraded","damage_taken":0,"max_hp_gain":0,"max_hp_loss":0,"event_name":"Upgrade Shrine","floor":5,"gold_loss":0,"cards_upgraded":["Noxious Fumes"]},{"cards_removed":["Defend_G"],"damage_healed":0,"gold_gain":0,"player_choice":"Offered Basic","damage_taken":0,"max_hp_gain":0,"max_hp_loss":0,"event_name":"Bonfire Elementals","floor":10,"gold_loss":0},{"damage_healed":0,"gold_gain":0,"player_choice":"Inject Mutagens","damage_taken":0,"relics_obtained":["MutagenicStrength"],"max_hp_gain":0,"max_hp_loss":0,"event_name":"Drug Dealer","floor":20,"gold_loss":0},{"damage_healed":0,"gold_gain":0,"player_choice":"Ignored","damage_taken":0,"max_hp_gain":0,"max_hp_loss":0,"event_name":"Cursed Tome","floor":22,"gold_loss":0}],"is_beta":true,"boss_relics":[{"not_picked":["Sozu","Lizard Tail"],"picked":"Busted Crown"}],"items_purged_floors":[19],"is_endless":false,"potions_floor_spawned":[1,3,11,18,23],"killed_by":"Cultist and Chosen","ascension_level":11}