{"gold_per_floor":[111,111,67,67,87,117,127,160,184,184,184,203,214,230,230,230],"floor_reached":16,"playtime":1509,"items_purged":[],"score":137,"play_id":"818bbca0-c205-45d2-9747-c1460c05ad87","local_time":"20190701232928","is_ascension_mode":false,"campfire_choices":[{"floor":10,"key":"REST"},{"floor":15,"key":"REST"}],"neow_cost":"NONE","seed_source_timestamp":1648612661109400,"circlet_count":0,"master_deck":["Strike_G","Strike_G","Strike_G","Strike_G","Defend_G","Defend_G","Defend_G","Defend_G+1","Survivor+1","Neutralize","Caltrops","Footwork","Infinite Blades","Infinite Blades","Night Terror","Pain","Deflect","Finisher","Die Die Die"],"relics":["Ring of the Snake","NeowsBlessing","Pen Nib","Happy Flower","War Paint","WarpedTongs"],"potions_floor_usage":[7,8,8,14,16],"damage_taken":[{"damage":0,"enemies":"Jaw Worm","floor":1,"turns":1},{"damage":0,"enemies":"Small Slimes","floor":5,"turns":1},{"damage":0,"enemies":"Lagavulin","floor":6,"turns":2},{"damage":4,"enemies":"2 Louse","floor":7,"turns":3},{"damage":5,"enemies":"3 Sentries","floor":8,"turns":7},{"damage":36,"enemies":"Red Slaver","floor":12,"turns":5},{"damage":20,"enemies":"Exordium Wildlife","floor":13,"turns":4},{"damage":2,"enemies":"Exordium Thugs","floor":14,"turns":5},{"damage":33,"enemies":"Hexaghost","floor":16,"turns":9}],"seed_played":"8334520155336541831","potions_obtained":[{"floor":1,"key":"AttackPotion"},{"floor":5,"key":"EssenceOfSteel"},{"floor":6,"key":"AttackPotion"},{"floor":12,"key":"PowerPotion"},{"floor":14,"key":"GamblersBrew"}],"is_trial":false,"path_per_floor":["M","?","?","?","M","E","M","E","T","R","?","M","M","M","R","B"],"character_chosen":"THE_SILENT","items_purchased":[],"campfire_rested":2,"item_purchase_floors":[],"current_hp_per_floor":[70,63,63,63,63,63,59,54,54,70,70,34,14,12,33,0],"gold":230,"neow_bonus":"THREE_ENEMY_KILL","is_prod":false,"is_daily":false,"chose_seed":false,"campfire_upgraded":0,"win_rate":0.0,"timestamp":1562038168,"path_taken":["M","?","?","?","?","E","M","E","T","R","?","M","M","?","R","BOSS"],"build_version":"2019-07-01","purchased_purges":0,"victory":false,"max_hp_per_floor":[70,70,70,70,70,70,70,70,70,70,70,70,70,70,70,70],"card_choices":[{"not_picked":["Expertise","Prepared"],"picked":"Caltrops","floor":1},{"not_picked":["Quick Slash","Predator"],"picked":"Footwork","floor":5},{"not_picked":["Acrobatics","Bane"],"picked":"Infinite Blades","floor":6},{"not_picked":["Dodge and Roll","Expertise"],"picked":"Infinite Blades","floor":7},{"not_picked":["Deadly Poison","Flechettes"],"picked":"Night Terror","floor":8},{"not_picked":["Flechettes","Dagger Throw"],"picked":"Deflect","floor":12},{"not_picked":["Bane","Dagger Throw"],"picked":"Finisher","floor":13},{"not_picked":["Dodge and Roll","Dagger Throw"],"picked":"Die Die Die","floor":14}],"player_experience":118745,"relics_obtained":[{"floor":6,"key":"Pen Nib"},{"floor":8,"key":"Happy Flower"},{"floor":9,"key":"War Paint"}],"event_choices":[{"cards_removed":["Defend_G"],"damage_healed":0,"gold_gain":0,"player_choice":"Card Removal","damage_taken":7,"max_hp_gain":0,"max_hp_loss":0,"event_name":"Golden Wing","floor":2,"gold_loss":0},{"damage_healed":0,"gold_gain":0,"player_choice":"Left Gold","damage_taken":0,"max_hp_gain":0,"max_hp_loss":0,"event_name":"World of Goop","floor":3,"gold_loss":44},{"cards_removed":["Strike_G"],"damage_healed":0,"gold_gain":0,"player_choice":"Card Removal","damage_taken":0,"max_hp_gain":0,"max_hp_loss":0,"event_name":"Wheel of Change","floor":4,"gold_loss":0},{"damage_healed":0,"gold_gain":0,"player_choice":"Rummage","damage_taken":0,"relics_obtained":["WarpedTongs"],"max_hp_gain":0,"max_hp_loss":0,"event_name":"Accursed Blacksmith","floor":11,"gold_loss":0,"cards_obtained":["Pain"]}],"is_beta":false,"boss_relics":[],"items_purged_floors":[],"is_endless":false,"potions_floor_spawned":[1,5,6,12,14],"killed_by":"Hexaghost","ascension_level":0}