{"gold_per_floor":[117,28,48,223,243,271,286,286,339,339,62,77,77,89,89,189,189,200,37,37,52,152,152,170,190,190,216,216,216,231,250,250,349,349,365,72,72,90,106,106,117,117,117,133,233,38,38,38,38,38],"floor_reached":50,"playtime":6264,"items_purged":["Strike_G","Pain"],"score":559,"play_id":"3cc475f6-6776-478e-9fc3-8c3d067b374a","local_time":"20190319224648","is_ascension_mode":true,"campfire_choices":[{"data":"Setup","floor":8,"key":"SMITH"},{"floor":13,"key":"REST"},{"floor":15,"key":"REST"},{"data":"Panacea","floor":23,"key":"SMITH"},{"floor":28,"key":"REST"},{"data":"After Image","floor":32,"key":"SMITH"},{"data":"Choke","floor":40,"key":"SMITH"},{"data":"Trip","floor":42,"key":"SMITH"},{"data":"Discovery","floor":49,"key":"SMITH"}],"neow_cost":"NONE","seed_source_timestamp":32723184570108,"circlet_count":0,"master_deck":["Defend_G","Defend_G","Defend_G","Defend_G","Defend_G","Strike_G","Strike_G+1","Strike_G+1","Survivor","Neutralize","Venomology","Flying Knee","Swift Strike","Skewer","Choke+1","Well Laid Plans","Setup+1","Caltrops","Trip+1","Slice","Leg Sweep","After Image+1","Setup+1","Panacea+1","Cloak And Dagger","Dash+1","Prepared+1","Leg Sweep","Dagger Spray","Cloak And Dagger+1","Backflip","Tools of the Trade","Backflip","Flechettes","Finesse","Sadistic Nature","Finisher+1","Choke+1","Acrobatics+1","Discovery+1","Writhe"],"relics":["Ring of the Snake","Blue Candle","Omamori","Ancient Tea Set","Empty Cage","Mango","Paper Crane","Bottled Lightning","Blood Vial","Cursed Key","Bottled Flame","Prayer Wheel"],"potions_floor_usage":[6,12,12,16,18,18,21,22,22,22,22,22,27,27,27,30,33,33,38,39,41,41,44,45,50,50,50],"damage_taken":[{"damage":1,"enemies":"Cultist","floor":1,"turns":5},{"damage":2,"enemies":"Jaw Worm","floor":3,"turns":5},{"damage":0,"enemies":"Small Slimes","floor":5,"turns":3},{"damage":20,"enemies":"Gremlin Nob","floor":6,"turns":5},{"damage":5,"enemies":"Blue Slaver","floor":7,"turns":3},{"damage":13,"enemies":"Exordium Wildlife","floor":12,"turns":4},{"damage":1,"enemies":"3 Louse","floor":14,"turns":3},{"damage":39,"enemies":"Hexaghost","floor":16,"turns":10},{"damage":0,"enemies":"Chosen","floor":18,"turns":4},{"damage":18,"enemies":"Spheric Guardian","floor":21,"turns":6},{"damage":5,"enemies":"Colosseum Slavers","floor":22,"turns":3},{"damage":31,"enemies":"Colosseum Nobs","floor":22,"turns":6},{"damage":0,"enemies":"Snecko","floor":24,"turns":6},{"damage":0,"enemies":"Centurion and Healer","floor":25,"turns":12},{"damage":22,"enemies":"Slavers","floor":27,"turns":7},{"damage":7,"enemies":"Shelled Parasite and Fungi","floor":30,"turns":5},{"damage":1,"enemies":"Snecko","floor":31,"turns":7},{"damage":53,"enemies":"Champ","floor":33,"turns":14},{"damage":7,"enemies":"3 Shapes","floor":35,"turns":9},{"damage":0,"enemies":"Orb Walker","floor":38,"turns":4},{"damage":21,"enemies":"Jaw Worm Horde","floor":39,"turns":6},{"damage":5,"enemies":"Writhing Mass","floor":41,"turns":7},{"damage":11,"enemies":"3 Darklings","floor":44,"turns":8},{"damage":6,"enemies":"Mind Bloom Boss Battle","floor":45,"turns":8},{"damage":77,"enemies":"Awakened One","floor":50,"turns":30}],"seed_played":"-8189224500742332190","potions_obtained":[{"floor":5,"key":"Explosive Potion"},{"floor":7,"key":"Weak Potion"},{"floor":14,"key":"Regen Potion"},{"floor":16,"key":"Poison Potion"},{"floor":18,"key":"SteroidPotion"},{"floor":25,"key":"Regen Potion"},{"floor":27,"key":"Poison Potion"},{"floor":33,"key":"Block Potion"},{"floor":41,"key":"Explosive Potion"},{"floor":44,"key":"PowerPotion"}],"is_trial":false,"path_per_floor":["M","$","M","?","M","E","M","R","T","?","$","M","R","M","R","B",null,"M","$","?","M","?","R","M","M","T","E","R","?","M","M","R","B",null,"M","$","?","M","M","R","M","R","T","M","?","$","?","$","R","B"],"character_chosen":"THE_SILENT","items_purchased":["Swift Strike","Caltrops","Ancient Tea Set","Trip","Panacea","Flechettes","Finesse","Sadistic Nature","Discovery"],"campfire_rested":3,"item_purchase_floors":[2,11,11,11,19,36,36,36,46],"current_hp_per_floor":[69,69,67,67,67,47,42,42,42,28,28,15,36,35,56,32,70,70,70,70,61,39,39,39,39,39,32,57,57,52,53,53,2,84,77,77,77,79,60,60,57,57,57,48,44,44,65,65,65,0],"gold":38,"neow_bonus":"ONE_RANDOM_RARE_CARD","is_prod":false,"is_daily":false,"chose_seed":false,"campfire_upgraded":6,"win_rate":0,"timestamp":1553050008,"path_taken":["M","?","M","?","M","E","M","R","T","?","$","?","R","M","R","BOSS","M","$","?","M","?","R","M","M","T","E","R","?","M","M","R","BOSS","M","$","?","M","M","R","M","R","T","M","?","$","?","?","R","BOSS"],"build_version":"2019-01-23","purchased_purges":2,"victory":false,"max_hp_per_floor":[70,70,70,70,70,70,70,70,70,70,70,70,70,70,70,70,70,70,70,70,70,84,84,84,84,84,84,84,84,84,84,84,84,84,84,84,84,84,84,84,84,84,84,84,84,84,84,84,84,84],"card_choices":[{"not_picked":["Outmaneuver","Deflect"],"picked":"Flying Knee","floor":1},{"not_picked":["Cloak And Dagger","Deadly Poison"],"picked":"Skewer","floor":3},{"not_picked":["Sucker Punch","Finisher"],"picked":"Choke","floor":5},{"not_picked":["Underhanded Strike","Bane"],"picked":"Well Laid Plans","floor":6},{"not_picked":["Dagger Throw","Underhanded Strike"],"picked":"Setup","floor":7},{"not_picked":["Poisoned Stab","Accuracy"],"picked":"Slice","floor":12},{"not_picked":["Storm of Steel","Caltrops"],"picked":"Leg Sweep","floor":14},{"not_picked":["Envenom","Corpse Explosion"],"picked":"After Image","floor":16},{"not_picked":["Bouncing Flask+1","Outmaneuver"],"picked":"Setup+1","floor":18},{"not_picked":["Prepared+1","Slice"],"picked":"Dash+1","floor":21},{"not_picked":["Quick Slash","Skewer"],"picked":"Prepared+1","floor":22},{"not_picked":["Bouncing Flask","Grand Finale"],"picked":"Leg Sweep","floor":24},{"not_picked":["Prepared","Poisoned Stab"],"picked":"Dagger Spray","floor":25},{"not_picked":["Reflex","Concentrate"],"picked":"Cloak And Dagger+1","floor":27},{"not_picked":["Flying Knee","Skewer","Deadly Poison+1"],"picked":"SKIP","floor":30},{"not_picked":["Finisher","Deadly Poison"],"picked":"Backflip","floor":31},{"not_picked":["Adrenaline","Phantasmal Killer"],"picked":"Tools of the Trade","floor":33},{"not_picked":["All Out Attack","Caltrops+1"],"picked":"Backflip","floor":35},{"not_picked":["Flying Knee","Cloak And Dagger","Distraction"],"picked":"SKIP","floor":38},{"not_picked":["Quick Slash+1","Backflip+1"],"picked":"Finisher+1","floor":39},{"not_picked":["Deflect","Dagger Spray+1"],"picked":"Choke+1","floor":41},{"not_picked":["Deadly Poison+1","Underhanded Strike+1"],"picked":"Acrobatics+1","floor":44}],"player_experience":140570,"relics_obtained":[{"floor":6,"key":"Blue Candle"},{"floor":9,"key":"Omamori"},{"floor":22,"key":"Mango"},{"floor":22,"key":"Paper Crane"},{"floor":26,"key":"Bottled Lightning"},{"floor":27,"key":"Blood Vial"},{"floor":43,"key":"Bottled Flame"},{"floor":45,"key":"Prayer Wheel"}],"event_choices":[{"damage_healed":0,"gold_gain":175,"player_choice":"AGREE","damage_taken":0,"max_hp_gain":0,"max_hp_loss":0,"event_name":"Liars Game","floor":4,"gold_loss":0,"cards_obtained":["Doubt"]},{"damage_healed":0,"gold_gain":0,"player_choice":"Entered Light","damage_taken":14,"max_hp_gain":0,"max_hp_loss":0,"event_name":"Shining Light","floor":10,"gold_loss":0,"cards_upgraded":["Strike_G","Strike_G"]},{"damage_healed":0,"gold_gain":0,"player_choice":"Read","damage_taken":0,"max_hp_gain":0,"max_hp_loss":0,"event_name":"The Library","floor":20,"gold_loss":0,"cards_obtained":["Cloak And Dagger"]},{"damage_healed":0,"gold_gain":0,"player_choice":"Fight","damage_taken":0,"max_hp_gain":0,"max_hp_loss":0,"event_name":"Colosseum","floor":22,"gold_loss":0},{"damage_healed":0,"gold_gain":0,"player_choice":"Fought Nobs","damage_taken":0,"max_hp_gain":0,"max_hp_loss":0,"event_name":"Colosseum","floor":22,"gold_loss":0},{"damage_healed":0,"gold_gain":0,"player_choice":"Smashed Altar","damage_taken":0,"max_hp_gain":0,"max_hp_loss":0,"event_name":"Forgotten Altar","floor":29,"gold_loss":0,"cards_obtained":["Decay"]},{"damage_healed":0,"gold_gain":0,"player_choice":"Ignored","damage_taken":0,"max_hp_gain":0,"max_hp_loss":0,"event_name":"Tomb of Lord Red Mask","floor":37,"gold_loss":0},{"damage_healed":0,"gold_gain":0,"player_choice":"Fight","damage_taken":0,"max_hp_gain":0,"max_hp_loss":0,"event_name":"MindBloom","floor":45,"gold_loss":0},{"damage_healed":21,"gold_gain":0,"player_choice":"Writhe","damage_taken":0,"max_hp_gain":0,"max_hp_loss":0,"event_name":"Winding Halls","floor":47,"gold_loss":0,"cards_obtained":["Writhe"]}],"is_beta":false,"boss_relics":[{"not_picked":["HoveringKite","Black Star"],"picked":"Empty Cage"},{"not_picked":["Philosopher\u0027s Stone","Velvet Choker"],"picked":"Cursed Key"}],"items_purged_floors":[19,46],"is_endless":false,"potions_floor_spawned":[5,7,14,16,18,22,24,25,27,33,35,41,44],"killed_by":"Awakened One","ascension_level":3}