{"gold_per_floor":[117,133,153,53,79,106,106,118,193,193,43,62,62,73,73,177,177,191,201,1,1,13,13,13,13,13,33,33,44,56,72,72,177,177,195,195,95,114,114,132,7,7,7,19,57,69,110,134,146,158],"floor_reached":50,"playtime":2656,"items_purged":["Strike_R","Strike_R","Shame"],"score":549,"play_id":"8d3503bf-5b89-47a2-b8fa-9704b72466f6","local_time":"20190328153505","is_ascension_mode":false,"campfire_choices":[{"data":"Trip","floor":10,"key":"SMITH"},{"data":"Evolve","floor":13,"key":"SMITH"},{"data":"Mayhem","floor":15,"key":"SMITH"},{"data":"Double Tap","floor":23,"key":"SMITH"},{"data":"Shrug It Off","floor":32,"key":"SMITH"},{"data":"True Grit","floor":44,"key":"SMITH"},{"data":"True Grit","floor":46,"key":"SMITH"},{"floor":49,"key":"REST"}],"neow_cost":"TEN_PERCENT_HP_LOSS","seed_source_timestamp":1228369428316036,"circlet_count":0,"master_deck":["Strike_R","Strike_R","Strike_R","Defend_R","Defend_R","Defend_R","Defend_R","Bash","Mayhem+1","Trip+1","Heavy Blade","True Grit+1","Shrug It Off","Evolve+1","Heavy Blade","Inflame","Shrug It Off+1","Double Tap+1","Flex","Flex+1","True Grit+1","Metallicize+1","Pain","Dropkick","Thunderclap+1","Flex","Limit Break","Flex+1","Shrug It Off+1","Discovery","Chrysalis","Injury","Normality","Shrug It Off+1","Pommel Strike+1"],"special_seed":0,"relics":["Burning Blood","Orichalcum","Bottled Flame","Bottled Lightning","Anchor","Cursed Key","Pen Nib","MutagenicStrength","Pantograph","Bronze Scales","Mark of Pain","MawBank","Dream Catcher","Lantern"],"potions_floor_usage":[16,22,28,28,33,33,47,48],"damage_taken":[{"damage":1.0,"enemies":"Cultist","floor":1.0,"turns":3.0},{"damage":4.0,"enemies":"2 Louse","floor":2.0,"turns":3.0},{"damage":6.0,"enemies":"Jaw Worm","floor":3.0,"turns":3.0},{"damage":19.0,"enemies":"3 Sentries","floor":6.0,"turns":11.0},{"damage":11,"enemies":"Large Slime","floor":8,"turns":7},{"damage":8,"enemies":"Red Slaver","floor":12,"turns":6},{"damage":3,"enemies":"Lots of Slimes","floor":14,"turns":6},{"damage":43,"enemies":"Hexaghost","floor":16,"turns":10},{"damage":0,"enemies":"Chosen","floor":18,"turns":3},{"damage":15,"enemies":"Shell Parasite","floor":19,"turns":5},{"damage":16,"enemies":"3 Cultists","floor":22,"turns":6},{"damage":17,"enemies":"Snake Plant","floor":27,"turns":4},{"damage":7,"enemies":"Colosseum Slavers","floor":28,"turns":4},{"damage":12,"enemies":"Sentry and Sphere","floor":29,"turns":5},{"damage":3,"enemies":"3 Cultists","floor":30,"turns":4},{"damage":16,"enemies":"Shelled Parasite and Fungi","floor":31,"turns":5},{"damage":57,"enemies":"Champ","floor":33,"turns":10},{"damage":0,"enemies":"Orb Walker","floor":35,"turns":2},{"damage":8,"enemies":"3 Shapes","floor":38,"turns":5},{"damage":21,"enemies":"Writhing Mass","floor":40,"turns":3},{"damage":38,"enemies":"Nemesis","floor":47,"turns":5},{"damage":8,"enemies":"Transient","floor":48,"turns":5},{"damage":62,"enemies":"Time Eater","floor":50,"turns":6}],"seed_played":"-1086032836868471605","potions_obtained":[{"floor":1.0,"key":"BloodPotion"},{"floor":8,"key":"Fire Potion"},{"floor":12,"key":"BloodPotion"},{"floor":16,"key":"Energy Potion"},{"floor":30,"key":"Ancient Potion"},{"floor":31,"key":"AttackPotion"},{"floor":40,"key":"AttackPotion"},{"floor":47,"key":"Block Potion"}],"is_trial":false,"path_per_floor":["M","M","M","$","T","E","?","M","T","R","$","M","R","M","R","B",null,"M","M","$","?","M","R","?","$","T","M","?","M","M","M","R","B",null,"M","?","$","M","$","M","$","?","T","R","T","R","E","M","R","B"],"character_chosen":"IRONCLAD","items_purchased":["Shrug It Off","Anchor","Pen Nib","True Grit"],"campfire_rested":1,"item_purchase_floors":[4,11,20,20],"current_hp_per_floor":[72,72,72,72,72,59,72,67,67,67,67,65,65,68,68,31,72,72,63,63,63,60,60,60,60,60,49,55,49,52,42,42,16,72,72,72,72,70,70,55,55,50,50,50,50,50,18,16,37,0],"gold":158,"neow_bonus":"RANDOM_COLORLESS_2","is_prod":false,"is_daily":false,"chose_seed":false,"campfire_upgraded":7,"win_rate":0.0,"timestamp":1553801705,"path_taken":["M","M","?","$","?","E","?","M","T","R","$","M","R","M","R","BOSS","M","M","$","?","M","R","?","$","T","M","?","M","?","M","R","BOSS","M","?","$","?","?","M","$","?","T","R","?","R","E","M","R","BOSS"],"build_version":"2019-01-23","purchased_purges":3,"victory":false,"max_hp_per_floor":[72,72,72,72,72,72,72,72,72,72,72,72,72,72,72,72,72,72,72,72,72,72,72,72,72,72,72,72,72,72,72,72,72,72,72,72,72,72,72,72,72,72,72,72,72,72,72,72,72,72],"card_choices":[{"not_picked":["Pummel","Twin Strike"],"picked":"Heavy Blade","floor":1.0},{"not_picked":["Carnage","Sword Boomerang"],"picked":"True Grit","floor":2.0},{"not_picked":["Uppercut","Brutality","Twin Strike"],"picked":"SKIP","floor":3.0},{"not_picked":["Iron Wave","Bloodletting"],"picked":"Evolve","floor":6},{"not_picked":["Headbutt","Hemokinesis"],"picked":"Heavy Blade","floor":8},{"not_picked":["Clothesline","Wild Strike"],"picked":"Inflame","floor":12},{"not_picked":["Heavy Blade","Berserk"],"picked":"Shrug It Off","floor":14},{"not_picked":["Exhume","Juggernaut"],"picked":"Double Tap","floor":16},{"not_picked":["Perfected Strike","Pommel Strike+1"],"picked":"Flex","floor":18},{"not_picked":["Dual Wield","Intimidate"],"picked":"Flex+1","floor":19},{"not_picked":["Twin Strike","Sentinel"],"picked":"Metallicize+1","floor":22},{"not_picked":["Twin Strike","Dropkick","Headbutt"],"picked":"SKIP","floor":27},{"not_picked":["Twin Strike","Headbutt"],"picked":"Dropkick","floor":27},{"not_picked":["Armaments","Evolve"],"picked":"Thunderclap+1","floor":29},{"not_picked":["Second Wind+1","Power Through+1"],"picked":"Flex","floor":30},{"not_picked":["Heavy Blade","Offering","Dual Wield"],"picked":"SKIP","floor":31},{"not_picked":["Immolate","Demon Form"],"picked":"Limit Break","floor":33},{"not_picked":["Wild Strike+1","Blood for Blood"],"picked":"Flex+1","floor":35},{"not_picked":["Perfected Strike+1","Evolve+1"],"picked":"Shrug It Off+1","floor":38},{"not_picked":["Sword Boomerang","Cleave","Offering"],"picked":"SKIP","floor":40},{"not_picked":["Secret Weapon","Mind Blast"],"picked":"Discovery","floor":42},{"not_picked":["Mind Blast","Blind"],"picked":"Chrysalis","floor":42},{"not_picked":["Twin Strike","Warcry","Flame Barrier"],"picked":"SKIP","floor":47},{"not_picked":["Perfected Strike+1","Wild Strike+1"],"picked":"Shrug It Off+1","floor":48},{"not_picked":["Flex+1","Flame Barrier"],"picked":"Pommel Strike+1","floor":49}],"player_experience":65376,"relics_obtained":[{"floor":5.0,"key":"Orichalcum"},{"floor":6,"key":"Bottled Flame"},{"floor":9,"key":"Bottled Lightning"},{"floor":26,"key":"Bronze Scales"},{"floor":43,"key":"MawBank"},{"floor":45,"key":"Dream Catcher"},{"floor":47,"key":"Lantern"}],"event_choices":[{"damage_healed":24,"gold_gain":0,"player_choice":"Banana","damage_taken":0,"max_hp_gain":0,"max_hp_loss":0,"event_name":"Big Fish","floor":7,"gold_loss":0},{"damage_healed":0,"gold_gain":0,"player_choice":"Inject Mutagens","damage_taken":0,"relics_obtained":["MutagenicStrength"],"max_hp_gain":0,"max_hp_loss":0,"event_name":"Drug Dealer","floor":21,"gold_loss":0},{"damage_healed":0,"gold_gain":0,"player_choice":"Stole Relic","damage_taken":0,"relics_obtained":["Pantograph"],"max_hp_gain":0,"max_hp_loss":0,"event_name":"Addict","floor":24,"gold_loss":0,"cards_obtained":["Shame"]},{"damage_healed":0,"gold_gain":0,"player_choice":"Fight","damage_taken":0,"max_hp_gain":0,"max_hp_loss":0,"event_name":"Colosseum","floor":28,"gold_loss":0},{"damage_healed":0,"gold_gain":0,"player_choice":"Fled From Nobs","damage_taken":0,"max_hp_gain":0,"max_hp_loss":0,"event_name":"Colosseum","floor":28,"gold_loss":0},{"damage_healed":0,"gold_gain":0,"player_choice":"Ignored","damage_taken":0,"max_hp_gain":0,"max_hp_loss":0,"event_name":"SecretPortal","floor":36,"gold_loss":0},{"damage_healed":0,"gold_gain":0,"player_choice":"Memory 2","damage_taken":5,"max_hp_gain":0,"max_hp_loss":0,"event_name":"SensoryStone","floor":42,"gold_loss":0}],"is_beta":false,"boss_relics":[{"not_picked":["Calling Bell","Ectoplasm"],"picked":"Cursed Key"},{"not_picked":["Snecko Eye","Runic Dome"],"picked":"Mark of Pain"}],"items_purged_floors":[4,37,41],"is_endless":false,"potions_floor_spawned":[1,8,12,16,28,30,31,40,47],"killed_by":"Time Eater","ascension_level":0}