{"gold_per_floor":[11,21,21,33,51,51,86,86,158,158],"floor_reached":10,"playtime":337,"items_purged":[],"score":78,"play_id":"c52e7df4-2066-43be-8f9f-0ad563df8ec9","local_time":"20190409162005","is_ascension_mode":true,"campfire_choices":[{"data":"True Grit","floor":6,"key":"SMITH"},{"data":"Flame Barrier","floor":8,"key":"SMITH"}],"neow_cost":"NO_GOLD","seed_source_timestamp":431853618019624,"circlet_count":0,"master_deck":["Strike_R","Strike_R","Strike_R","Strike_R","Defend_R","Defend_R","Defend_R","Defend_R","Bash","Demon Form","Disarm","True Grit+1","Sever Soul","Cleave","Shrug It Off","Flame Barrier+1"],"relics":["Burning Blood","Incense Burner","Bottled Tornado"],"potions_floor_usage":[],"damage_taken":[{"damage":10,"enemies":"2 Louse","floor":1,"turns":2},{"damage":8,"enemies":"Cultist","floor":2,"turns":5},{"damage":2,"enemies":"Jaw Worm","floor":4,"turns":6},{"damage":8,"enemies":"Red Slaver","floor":5,"turns":6},{"damage":75,"enemies":"Gremlin Nob","floor":7,"turns":7},{"damage":8,"enemies":"Lots of Slimes","floor":10,"turns":1}],"seed_played":"-3314259422399570234","potions_obtained":[{"floor":1,"key":"GamblersBrew"},{"floor":7,"key":"Energy Potion"}],"is_trial":false,"path_per_floor":["M","M","?","M","M","R","E","R","T","M"],"character_chosen":"IRONCLAD","items_purchased":[],"campfire_rested":0,"item_purchase_floors":[],"current_hp_per_floor":[76,74,74,78,76,76,7,7,7,0],"gold":158,"neow_bonus":"THREE_RARE_CARDS","is_prod":false,"is_daily":false,"chose_seed":false,"campfire_upgraded":2,"win_rate":0,"timestamp":1554841205,"path_taken":["M","M","?","M","?","R","E","R","T","?"],"build_version":"2019-01-23","purchased_purges":0,"victory":false,"max_hp_per_floor":[80,80,80,80,80,80,80,80,80,80],"card_choices":[{"not_picked":["Impervious","Exhume"],"picked":"Demon Form","floor":0},{"not_picked":["Fire Breathing","Perfected Strike"],"picked":"Disarm","floor":1},{"not_picked":["Anger","Ghostly Armor"],"picked":"True Grit","floor":2},{"not_picked":["Warcry","Heavy Blade"],"picked":"Cleave","floor":4},{"not_picked":["Perfected Strike","Sword Boomerang"],"picked":"Shrug It Off","floor":5},{"not_picked":["Rage","Warcry"],"picked":"Flame Barrier","floor":7}],"player_experience":156453,"relics_obtained":[{"floor":7,"key":"Incense Burner"},{"floor":9,"key":"Bottled Tornado"}],"event_choices":[{"damage_healed":0,"gold_gain":0,"cards_transformed":["Strike_R"],"player_choice":"Transformed","damage_taken":0,"max_hp_gain":0,"max_hp_loss":0,"event_name":"Transmorgrifier","floor":3,"gold_loss":0,"cards_obtained":["Sever Soul"]}],"is_beta":false,"boss_relics":[],"items_purged_floors":[],"is_endless":false,"potions_floor_spawned":[1,7],"killed_by":"Lots of Slimes","ascension_level":3}