{"gold_per_floor":[16,35,49,61,7,42,42,42,42,68,79,79],"floor_reached":12,"playtime":867,"items_purged":[],"score":90,"play_id":"a372c2c6-22b1-4beb-bbc0-7c91431ef869","local_time":"20190703195808","is_ascension_mode":false,"campfire_choices":[],"neow_cost":"NO_GOLD","seed_source_timestamp":254823029943984,"circlet_count":0,"master_deck":["Strike_R","Strike_R","Strike_R","Strike_R","Strike_R","Defend_R","Defend_R","Defend_R","Defend_R","Bash","Rage","Thunderclap","Ghostly Armor","Iron Wave","Armaments","Rage","Feel No Pain","Pommel Strike"],"relics":["Burning Blood","Thread and Needle","Smiling Mask","Bottled Lightning","Unceasing Top"],"potions_floor_usage":[10],"damage_taken":[{"damage":0,"enemies":"Small Slimes","floor":1,"turns":3},{"damage":0,"enemies":"2 Louse","floor":2,"turns":3},{"damage":0,"enemies":"Cultist","floor":3,"turns":4},{"damage":0,"enemies":"Looter","floor":4,"turns":3},{"damage":13,"enemies":"Lagavulin","floor":6,"turns":8},{"damage":67,"enemies":"Gremlin Nob","floor":10,"turns":8},{"damage":4,"enemies":"Exordium Wildlife","floor":11,"turns":8}],"seed_played":"1117053369331924865","potions_obtained":[{"floor":4,"key":"Dexterity Potion"},{"floor":10,"key":"Energy Potion"},{"floor":11,"key":"Explosive Potion"}],"is_trial":false,"path_per_floor":["M","M","M","M","$","E","?","$","T","E","M","?"],"character_chosen":"IRONCLAD","items_purchased":["Armaments"],"campfire_rested":0,"item_purchase_floors":[5],"current_hp_per_floor":[80,80,80,80,80,73,73,73,73,12,14,0],"gold":79,"neow_bonus":"ONE_RARE_RELIC","is_prod":false,"is_daily":false,"chose_seed":false,"campfire_upgraded":0,"win_rate":0.0,"timestamp":1562194688,"path_taken":["M","M","M","M","$","E","?","$","T","E","M","?"],"build_version":"2019-07-01","purchased_purges":0,"victory":false,"max_hp_per_floor":[80,80,80,80,80,80,80,80,80,80,80,80],"card_choices":[{"not_picked":["Flex","Armaments"],"picked":"Rage","floor":1},{"not_picked":["Hemokinesis","Shockwave"],"picked":"Thunderclap","floor":2},{"not_picked":["Heavy Blade","Hemokinesis"],"picked":"Ghostly Armor","floor":3},{"not_picked":["Perfected Strike","Combust"],"picked":"Iron Wave","floor":4},{"not_picked":["Heavy Blade","Headbutt"],"picked":"Rage","floor":6},{"not_picked":["Twin Strike","Armaments"],"picked":"Feel No Pain","floor":10},{"not_picked":["Perfected Strike","Entrench"],"picked":"Pommel Strike","floor":11}],"player_experience":35201,"relics_obtained":[{"floor":6,"key":"Smiling Mask"},{"floor":9,"key":"Bottled Lightning"},{"floor":10,"key":"Unceasing Top"}],"event_choices":[{"damage_healed":0,"gold_gain":0,"player_choice":"Ignored","damage_taken":0,"max_hp_gain":0,"max_hp_loss":0,"event_name":"Golden Wing","floor":7,"gold_loss":0}],"is_beta":false,"boss_relics":[],"items_purged_floors":[],"is_endless":false,"potions_floor_spawned":[4,10,11],"ascension_level":0}