{"gold_per_floor":[116,116,131,131,131,164,237,78,78,98,118,152,167,187,187,315,378,403,419,334,352,372,372,410,410,458,458,458],"floor_reached":28,"playtime":1711,"items_purged":[],"score":280,"play_id":"54e3e29c-85b1-465c-b41f-7977c0140709","local_time":"20190705204540","is_ascension_mode":false,"campfire_choices":[{"floor":15,"key":"REST"},{"floor":23,"key":"REST"},{"floor":27,"key":"REST"}],"neow_cost":"NONE","seed_source_timestamp":429668195778510,"circlet_count":0,"master_deck":["Strike_R","Strike_R","Strike_R+1","Strike_R","Strike_R","Defend_R","Defend_R","Defend_R","Defend_R","Bash","Iron Wave+1","Feel No Pain","Battle Trance","Flash of Steel","Rampage","Shrug It Off","Warcry","Clash","Disarm","Double Tap","Feed","Warcry","Cleave","Twin Strike+1","Flex","Seeing Red","Armaments","Feel No Pain+1"],"relics":["Burning Blood","NeowsBlessing","Golden Idol","Boot","Champion Belt","Mango","FossilizedHelix","Tiny House","Frozen Egg 2","Red Mask","Vajra"],"potions_floor_usage":[12,16,16,16,18,22,22,24],"damage_taken":[{"damage":0,"enemies":"2 Louse","floor":1,"turns":1},{"damage":0,"enemies":"Jaw Worm","floor":3,"turns":1},{"damage":0,"enemies":"3 Sentries","floor":6,"turns":1},{"damage":0,"enemies":"Small Slimes","floor":10,"turns":3},{"damage":5,"enemies":"Looter","floor":11,"turns":3},{"damage":41,"enemies":"Gremlin Nob","floor":12,"turns":6},{"damage":17,"enemies":"Exordium Wildlife","floor":13,"turns":6},{"damage":0,"enemies":"Blue Slaver","floor":14,"turns":4},{"damage":80,"enemies":"Slime Boss","floor":16,"turns":20},{"damage":0,"enemies":"Shell Parasite","floor":18,"turns":9},{"damage":8,"enemies":"Chosen","floor":19,"turns":8},{"damage":48,"enemies":"Sentry and Sphere","floor":21,"turns":8},{"damage":32,"enemies":"Snecko","floor":22,"turns":6},{"damage":48,"enemies":"Masked Bandits","floor":24,"turns":6},{"damage":51,"enemies":"Slavers","floor":28,"turns":5}],"seed_played":"2135292026406728777","potions_obtained":[{"floor":1,"key":"EssenceOfSteel"},{"floor":6,"key":"Regen Potion"},{"floor":12,"key":"Swift Potion"},{"floor":13,"key":"BloodPotion"},{"floor":16,"key":"EssenceOfSteel"},{"floor":17,"key":"EntropicBrew"},{"floor":18,"key":"SpeedPotion"},{"floor":19,"key":"Explosive Potion"},{"floor":21,"key":"AttackPotion"}],"is_trial":false,"path_per_floor":["M","?","M","?","?","E","T","$","T","M","M","E","M","M","R","B",null,"M","M","?","M","M","R","?","?","T","R","E"],"character_chosen":"IRONCLAD","items_purchased":["Flash of Steel","Rampage"],"campfire_rested":3,"item_purchase_floors":[8,8],"current_hp_per_floor":[80,60,66,54,54,60,60,60,74,80,81,46,35,41,69,33,99,99,97,97,58,32,62,20,20,20,50,0],"gold":458,"neow_bonus":"THREE_ENEMY_KILL","is_prod":false,"is_daily":false,"chose_seed":false,"campfire_upgraded":0,"win_rate":0.0,"timestamp":1562370340,"path_taken":["M","?","M","?","?","E","?","$","T","M","M","E","M","M","R","BOSS","M","M","?","M","M","R","?","?","T","R","E"],"build_version":"2019-07-05","purchased_purges":0,"victory":false,"max_hp_per_floor":[80,80,80,80,80,80,80,80,94,94,94,94,94,94,94,94,99,99,99,99,102,102,102,102,102,102,102,102],"card_choices":[{"not_picked":["Blood for Blood","Body Slam"],"picked":"Iron Wave","floor":1},{"not_picked":["Iron Wave","Evolve"],"picked":"Feel No Pain","floor":3},{"not_picked":["Combust","Evolve"],"picked":"Battle Trance","floor":6},{"not_picked":["Metallicize","Carnage"],"picked":"Shrug It Off","floor":10},{"not_picked":["Blood for Blood","Second Wind"],"picked":"Warcry","floor":11},{"not_picked":["Searing Blow","Spot Weakness"],"picked":"Clash","floor":12},{"not_picked":["Armaments","Sword Boomerang"],"picked":"Disarm","floor":13},{"not_picked":["Clash","Corruption"],"picked":"Double Tap","floor":14},{"not_picked":["Immolate","Offering"],"picked":"Feed","floor":16},{"not_picked":["Blood for Blood","Inflame"],"picked":"Warcry","floor":17},{"not_picked":["Warcry+1","Body Slam"],"picked":"Cleave","floor":18},{"not_picked":["Shockwave","Warcry"],"picked":"Twin Strike+1","floor":19},{"not_picked":["Combust+1","Dropkick"],"picked":"Flex","floor":21},{"not_picked":["Thunderclap","Perfected Strike+1"],"picked":"Seeing Red","floor":22},{"not_picked":["Thunderclap","Heavy Blade"],"picked":"Armaments","floor":24}],"player_experience":64738,"relics_obtained":[{"floor":6,"key":"Champion Belt"},{"floor":9,"key":"Mango"},{"floor":12,"key":"FossilizedHelix"},{"floor":24,"key":"Red Mask"},{"floor":26,"key":"Vajra"}],"event_choices":[{"damage_healed":0,"gold_gain":0,"player_choice":"Take Damage","damage_taken":20,"relics_obtained":["Golden Idol"],"max_hp_gain":0,"max_hp_loss":0,"event_name":"Golden Idol","floor":2,"gold_loss":0},{"damage_healed":0,"gold_gain":0,"player_choice":"Success","damage_taken":12,"relics_obtained":["Boot"],"max_hp_gain":0,"max_hp_loss":0,"event_name":"Scrap Ooze","floor":4,"gold_loss":0},{"damage_healed":0,"gold_gain":0,"player_choice":"Grow","damage_taken":0,"max_hp_gain":0,"max_hp_loss":0,"event_name":"Living Wall","floor":5,"gold_loss":0,"cards_upgraded":["Iron Wave"]},{"damage_healed":0,"gold_gain":0,"player_choice":"Obtained Relic","damage_taken":0,"relics_obtained":["Frozen Egg 2"],"max_hp_gain":0,"max_hp_loss":0,"event_name":"Addict","floor":20,"gold_loss":85},{"damage_healed":0,"gold_gain":0,"player_choice":"Fought Bandits","damage_taken":0,"max_hp_gain":0,"max_hp_loss":0,"event_name":"Masked Bandits","floor":24,"gold_loss":0},{"damage_healed":0,"gold_gain":0,"player_choice":"Read","damage_taken":0,"max_hp_gain":0,"max_hp_loss":0,"event_name":"The Library","floor":25,"gold_loss":0,"cards_obtained":["Feel No Pain"]}],"is_beta":false,"boss_relics":[{"not_picked":["Sozu","Coffee Dripper"],"picked":"Tiny House"}],"items_purged_floors":[],"is_endless":false,"potions_floor_spawned":[1,6,12,13,16,18,19,21],"killed_by":"Slavers","ascension_level":0}