{"gold_per_floor":[118,118,118,38,52,52,69,94,121,47,12,41,41,41,41,138,138,156,169,181,198,113,113,113,141,164,176,208,139,139,64,64,64],"floor_reached":33,"playtime":2050,"items_purged":["Strike_B"],"score":261,"play_id":"fa24c99a-8145-45b2-baef-1461a91a5ef8","local_time":"20190102211607","is_ascension_mode":false,"campfire_choices":[{"data":"Loop","floor":6,"key":"SMITH"},{"data":"Go for the Eyes","floor":13,"key":"SMITH"},{"data":"Zap","floor":15,"key":"SMITH"},{"data":"Self Repair","floor":23,"key":"SMITH"},{"floor":27,"key":"REST"},{"floor":30,"key":"REST"},{"data":"Seek","floor":32,"key":"SMITH"}],"neow_cost":"NONE","seed_source_timestamp":271506810539141,"circlet_count":0,"master_deck":["Strike_B","Strike_B","Defend_B","Defend_B+1","Defend_B","Zap+1","Dualcast","Forethought+1","Cold Snap","Loop+1","Tempest","Self Repair+1","Seek+1","Go for the Eyes+1","All For One","Ball Lightning","Coolheaded","Capacitor","Leap"],"relics":["Cracked Core","Letter Opener","Mercury Hourglass","Dodecahedron","Orichalcum","Odd Mushroom","Empty Cage","Potion Belt","War Paint","MawBank"],"potions_floor_usage":[21,28,33],"damage_taken":[{"damage":8,"enemies":"Cultist","floor":1,"turns":5},{"damage":1,"enemies":"Jaw Worm","floor":5,"turns":3},{"damage":1,"enemies":"2 Louse","floor":7,"turns":2},{"damage":29,"enemies":"Lagavulin","floor":8,"turns":5},{"damage":12,"enemies":"The Mushroom Lair","floor":12,"turns":4},{"damage":40,"enemies":"Hexaghost","floor":16,"turns":13},{"damage":32,"enemies":"2 Thieves","floor":18,"turns":4},{"damage":3,"enemies":"Chosen","floor":19,"turns":4},{"damage":18,"enemies":"Snake Plant","floor":20,"turns":4},{"damage":5,"enemies":"Chosen and Byrds","floor":21,"turns":7},{"damage":35,"enemies":"Gremlin Leader","floor":25,"turns":7},{"damage":16,"enemies":"3 Cultists","floor":28,"turns":4},{"damage":60,"enemies":"Collector","floor":33,"turns":7}],"seed_played":"2600458667122720634","potions_obtained":[{"floor":1,"key":"SkillPotion"},{"floor":7,"key":"FearPotion"},{"floor":16,"key":"Explosive Potion"},{"floor":20,"key":"AttackPotion"}],"is_trial":false,"path_per_floor":["M","T","T","$","M","R","M","E","T","$","?","?","R","?","R","B",null,"M","M","M","M","?","R","?","E","T","R","M","$","R","$","R","B"],"character_chosen":"DEFECT","items_purchased":["Loop","Seek","Capacitor","Leap"],"campfire_rested":2,"item_purchase_floors":[4,10,29,29],"current_hp_per_floor":[67,67,67,67,66,66,65,43,43,43,61,56,56,49,49,16,75,50,54,43,45,45,45,45,20,20,42,36,36,58,58,58,0],"gold":64,"neow_bonus":"RANDOM_COLORLESS","is_prod":false,"is_daily":false,"chose_seed":false,"campfire_upgraded":5,"win_rate":0.0,"timestamp":1546481767,"path_taken":["M","?","?","$","M","R","M","E","T","$","?","?","R","?","R","BOSS","M","?","M","?","?","R","?","E","T","R","M","$","R","$","R","BOSS"],"build_version":"2018-12-20","purchased_purges":1,"victory":false,"max_hp_per_floor":[75,75,75,75,75,75,75,75,75,75,75,75,75,75,75,75,75,75,75,75,75,75,75,75,75,75,75,75,75,75,75,75,75],"card_choices":[{"not_picked":["Steam","Sweeping Beam"],"picked":"Cold Snap","floor":1},{"not_picked":["Stack","Gash"],"picked":"Tempest","floor":5},{"not_picked":["Scrape","Coolheaded"],"picked":"Self Repair","floor":7},{"not_picked":["Gash","Hologram","Compile Driver"],"picked":"SKIP","floor":8},{"not_picked":["Sweeping Beam","Cold Snap"],"picked":"Go for the Eyes","floor":12},{"not_picked":["Seek","Reboot"],"picked":"All For One","floor":16},{"not_picked":["Go for the Eyes","Lockon"],"picked":"Ball Lightning","floor":18},{"not_picked":["Genetic Algorithm","Scrape"],"picked":"Coolheaded","floor":19},{"not_picked":["Steam","Ball Lightning+1","Stack"],"picked":"SKIP","floor":20},{"not_picked":["Cold Snap","Rebound+1","Gash"],"picked":"SKIP","floor":21},{"not_picked":["Hologram","Creative AI","Gash+1"],"picked":"SKIP","floor":25},{"not_picked":["Blizzard","Ball Lightning+1","Aggregate"],"picked":"SKIP","floor":28}],"player_experience":57662,"relics_obtained":[{"floor":2,"key":"Letter Opener"},{"floor":3,"key":"Mercury Hourglass"},{"floor":8,"key":"Dodecahedron"},{"floor":9,"key":"Orichalcum"},{"floor":12,"key":"Odd Mushroom"},{"floor":25,"key":"War Paint"},{"floor":26,"key":"MawBank"}],"event_choices":[{"damage_healed":18,"gold_gain":0,"player_choice":"Healed","damage_taken":0,"max_hp_gain":0,"max_hp_loss":0,"event_name":"The Cleric","floor":11,"gold_loss":35},{"damage_healed":0,"gold_gain":0,"player_choice":"Fought Mushrooms","damage_taken":0,"max_hp_gain":0,"max_hp_loss":0,"event_name":"Mushrooms","floor":12,"gold_loss":0},{"damage_healed":0,"gold_gain":0,"player_choice":"Damaged","damage_taken":7,"max_hp_gain":0,"max_hp_loss":0,"event_name":"Wheel of Change","floor":14,"gold_loss":0},{"damage_healed":0,"gold_gain":0,"player_choice":"Obtained Relic","damage_taken":0,"relics_obtained":["Potion Belt"],"max_hp_gain":0,"max_hp_loss":0,"event_name":"Addict","floor":22,"gold_loss":85},{"damage_healed":0,"gold_gain":0,"player_choice":"Ignored","damage_taken":0,"max_hp_gain":0,"max_hp_loss":0,"event_name":"Ghosts","floor":24,"gold_loss":0}],"is_beta":false,"boss_relics":[{"not_picked":["Runic Dome","White Beast Statue"],"picked":"Empty Cage"}],"items_purged_floors":[31],"is_endless":false,"potions_floor_spawned":[1,7,16,19,20],"killed_by":"Collector","ascension_level":0}