{"gold_per_floor":[213,54,72,88,10,10,39,50,127,184,202,202,222,251,251,251],"floor_reached":16,"playtime":610,"items_purged":[],"score":190,"play_id":"fde65c08-8ba3-4d4e-ac4a-29ccae41c73f","local_time":"20190710103645","is_ascension_mode":true,"campfire_choices":[{"data":"Zap","floor":6,"key":"SMITH"},{"floor":12,"key":"REST"},{"floor":15,"key":"REST"}],"neow_cost":"NONE","seed_source_timestamp":1030292452777090,"circlet_count":0,"master_deck":["AscendersBane","Strike_B","Strike_B","Strike_B","Strike_B","Defend_B","Defend_B","Defend_B","Defend_B","Zap+1","Dualcast","Capacitor","Self Repair","Barrage","Rip and Tear","Conserve Battery","Coolheaded","Melter","Ball Lightning","Coolheaded"],"relics":["Cracked Core","Du-Vu Doll","Ornamental Fan","PreservedInsect"],"potions_floor_usage":[13,14],"damage_taken":[{"damage":0,"enemies":"Cultist","floor":1,"turns":3},{"damage":7,"enemies":"2 Louse","floor":3,"turns":3},{"damage":7,"enemies":"Jaw Worm","floor":4,"turns":3},{"damage":24,"enemies":"Lagavulin","floor":7,"turns":7},{"damage":19,"enemies":"Blue Slaver","floor":8,"turns":4},{"damage":22,"enemies":"Exordium Thugs","floor":11,"turns":5},{"damage":6,"enemies":"Looter","floor":13,"turns":2},{"damage":26,"enemies":"Gremlin Nob","floor":14,"turns":4},{"damage":46,"enemies":"Hexaghost","floor":16,"turns":9}],"seed_played":"-8166277029293802589","potions_obtained":[{"floor":4,"key":"Explosive Potion"},{"floor":7,"key":"Explosive Potion"},{"floor":13,"key":"Weak Potion"}],"is_trial":false,"path_per_floor":["M","$","M","M","$","R","E","M","T","?","M","R","M","E","R","B"],"character_chosen":"DEFECT","items_purchased":["Self Repair","Barrage","Rip and Tear","Melter"],"campfire_rested":2,"item_purchase_floors":[2,2,2,5],"current_hp_per_floor":[64,64,64,64,64,64,47,35,35,35,20,41,42,23,44,0],"gold":251,"neow_bonus":"HUNDRED_GOLD","is_prod":false,"is_daily":false,"chose_seed":false,"campfire_upgraded":1,"win_rate":0,"timestamp":1562726205,"path_taken":["M","$","M","M","?","R","E","M","T","?","M","R","M","E","R","BOSS"],"build_version":"2019-07-05","purchased_purges":0,"victory":false,"max_hp_per_floor":[71,71,71,71,71,71,71,71,71,71,71,71,71,71,71,71],"card_choices":[{"not_picked":["Barrage","Chaos"],"picked":"Capacitor","floor":1},{"not_picked":["FTL","Hello World"],"picked":"Conserve Battery","floor":3},{"not_picked":["Reinforced Body","BootSequence"],"picked":"Coolheaded","floor":4},{"not_picked":["Gash","Force Field","Go for the Eyes"],"picked":"SKIP","floor":7},{"not_picked":["Skim","Lockon"],"picked":"Ball Lightning","floor":8},{"not_picked":["Barrage","Stack","Coolheaded"],"picked":"SKIP","floor":11},{"not_picked":["Amplify","Fusion","Steam"],"picked":"SKIP","floor":13},{"not_picked":["Cold Snap","Aggregate"],"picked":"Coolheaded","floor":14}],"player_experience":833846,"relics_obtained":[{"floor":7,"key":"Du-Vu Doll"},{"floor":9,"key":"Ornamental Fan"},{"floor":14,"key":"PreservedInsect"}],"event_choices":[{"damage_healed":0,"gold_gain":57,"player_choice":"Gained Gold","damage_taken":0,"max_hp_gain":0,"max_hp_loss":0,"event_name":"Golden Wing","floor":10,"gold_loss":0}],"is_beta":false,"boss_relics":[],"items_purged_floors":[],"is_endless":false,"potions_floor_spawned":[4,7,11,13],"killed_by":"Hexaghost","ascension_level":14}