{"gold_per_floor":[111,61,61,61,61,61,94,107,157,174,174,205,205,232,232,332,332,348,447,447,72,82,112,112,112],"floor_reached":25,"playtime":921,"items_purged":["Barricade"],"score":270,"play_id":"fc34db9b-7c92-48ff-94c2-07b409b59adc","local_time":"20190708140827","is_ascension_mode":true,"campfire_choices":[{"data":"True Grit","floor":6,"key":"SMITH"},{"data":"Barricade","floor":11,"key":"SMITH"},{"data":"Ghostly Armor","floor":15,"key":"SMITH"},{"floor":24,"key":"REST"}],"neow_cost":"CURSE","seed_source_timestamp":848771092502700,"circlet_count":0,"master_deck":["Strike_R+1","Defend_R","Defend_R","Defend_R","Defend_R","Bash+1","True Grit+1","Clash","Barricade+1","Ghostly Armor+1","Body Slam","Pummel","Inflame","Double Tap","Bloodletting","Bludgeon","Limit Break","Armaments+1","Flame Barrier","Battle Trance+1"],"relics":["Burning Blood","Ginger","Calipers","Question Card","Dream Catcher","Blue Candle","Mercury Hourglass","Runic Cube","Art of War","Strawberry"],"potions_floor_usage":[12,14,14,14],"damage_taken":[{"damage":7,"enemies":"2 Louse","floor":1,"turns":4},{"damage":31,"enemies":"Lagavulin","floor":7,"turns":7},{"damage":2,"enemies":"Jaw Worm","floor":8,"turns":3},{"damage":0,"enemies":"Small Slimes","floor":10,"turns":4},{"damage":12,"enemies":"3 Sentries","floor":12,"turns":13},{"damage":2,"enemies":"Lagavulin","floor":14,"turns":6},{"damage":17,"enemies":"Slime Boss","floor":16,"turns":7},{"damage":12,"enemies":"Shell Parasite","floor":18,"turns":5},{"damage":20,"enemies":"2 Thieves","floor":22,"turns":3},{"damage":53,"enemies":"Slavers","floor":23,"turns":9},{"damage":61,"enemies":"Gremlin Leader","floor":25,"turns":7}],"seed_played":"6083707041964012351","potions_obtained":[{"floor":7,"key":"FearPotion"},{"floor":8,"key":"EntropicBrew"},{"floor":16,"key":"FearPotion"},{"floor":23,"key":"SteroidPotion"}],"is_trial":false,"path_per_floor":["M","?","?","?","?","R","E","M","T","M","R","E","?","E","R","B",null,"M","?","?","$","M","E","R","E"],"character_chosen":"IRONCLAD","items_purchased":["Limit Break","Art of War"],"campfire_rested":1,"item_purchase_floors":[21,21],"current_hp_per_floor":[79,77,74,59,59,59,34,38,38,44,44,38,31,35,35,24,77,71,71,71,71,57,17,42,0],"gold":112,"neow_bonus":"ONE_RARE_RELIC","is_prod":false,"is_daily":false,"chose_seed":false,"campfire_upgraded":3,"win_rate":0,"timestamp":1562609307,"path_taken":["M","?","?","?","?","R","E","?","T","M","R","E","?","E","R","BOSS","M","?","?","$","M","E","R","E"],"build_version":"2019-01-23","purchased_purges":1,"victory":false,"max_hp_per_floor":[80,77,77,77,77,77,77,77,77,77,77,77,77,77,77,77,77,77,77,77,77,77,84,84,84],"card_choices":[{"not_picked":["Perfected Strike","Cleave"],"picked":"True Grit","floor":1},{"not_picked":["Fire Breathing","Heavy Blade"],"picked":"Barricade","floor":7},{"not_picked":["Wild Strike","Perfected Strike","Heavy Blade"],"picked":"Ghostly Armor","floor":8},{"not_picked":["Rage","Wild Strike","Spot Weakness"],"picked":"Body Slam","floor":10},{"not_picked":["Carnage","Fire Breathing","Warcry"],"picked":"Pummel","floor":12},{"not_picked":["Warcry","Combust","Cleave"],"picked":"Inflame","floor":14},{"not_picked":["Immolate","Barricade","Reaper"],"picked":"Double Tap","floor":16},{"not_picked":["Sever Soul","Carnage","Clash"],"picked":"Bloodletting","floor":18},{"not_picked":["Perfected Strike","Iron Wave+1","Havoc"],"picked":"Armaments+1","floor":22},{"not_picked":["Headbutt","Offering","Perfected Strike"],"picked":"Flame Barrier","floor":23},{"not_picked":["Anger","Blood for Blood+1","Twin Strike"],"picked":"Battle Trance+1","floor":24}],"player_experience":177973,"relics_obtained":[{"floor":7,"key":"Question Card"},{"floor":9,"key":"Dream Catcher"},{"floor":12,"key":"Blue Candle"},{"floor":14,"key":"Mercury Hourglass"},{"floor":23,"key":"Strawberry"}],"event_choices":[{"cards_removed":["Parasite"],"damage_healed":0,"gold_gain":0,"player_choice":"Card Removal","damage_taken":0,"max_hp_gain":0,"max_hp_loss":0,"event_name":"The Cleric","floor":2,"gold_loss":50},{"damage_healed":0,"gold_gain":0,"player_choice":"Success","damage_taken":3,"relics_obtained":["Calipers"],"max_hp_gain":0,"max_hp_loss":0,"event_name":"Scrap Ooze","floor":3,"gold_loss":0},{"damage_healed":0,"gold_gain":0,"player_choice":"Entered Light","damage_taken":15,"max_hp_gain":0,"max_hp_loss":0,"event_name":"Shining Light","floor":4,"gold_loss":0,"cards_upgraded":["Strike_R","Bash"]},{"damage_healed":0,"gold_gain":0,"cards_transformed":["Strike_R"],"player_choice":"Change","damage_taken":0,"max_hp_gain":0,"max_hp_loss":0,"event_name":"Living Wall","floor":5,"gold_loss":0,"cards_obtained":["Clash"]},{"cards_removed":["Strike_R"],"damage_healed":0,"gold_gain":0,"player_choice":"Card Removal","damage_taken":7,"max_hp_gain":0,"max_hp_loss":0,"event_name":"Golden Wing","floor":13,"gold_loss":0},{"damage_healed":0,"gold_gain":99,"player_choice":"Stole From Cult","damage_taken":0,"max_hp_gain":0,"max_hp_loss":0,"event_name":"Nest","floor":19,"gold_loss":0},{"damage_healed":0,"gold_gain":0,"cards_transformed":["Strike_R","Strike_R"],"player_choice":"Became Test Subject","damage_taken":0,"max_hp_gain":0,"max_hp_loss":0,"event_name":"Drug Dealer","floor":20,"gold_loss":0,"cards_obtained":["Barricade","Bludgeon"]}],"is_beta":false,"boss_relics":[{"not_picked":["Calling Bell","Fusion Hammer"],"picked":"Runic Cube"}],"items_purged_floors":[21],"is_endless":false,"potions_floor_spawned":[7,8,16,23],"killed_by":"Gremlin Leader","ascension_level":3}