{"gold_per_floor":[119,129,141,158,176,203,203,213,284,343,343,353,318,318,318,419,419,436,447,460,460],"floor_reached":21,"playtime":2016,"items_purged":[],"score":185,"play_id":"b2ea5696-e0fd-46f9-8564-ebcf8418e20b","local_time":"20190702195245","is_ascension_mode":false,"campfire_choices":[{"data":"Anger","floor":7,"key":"SMITH"},{"data":"Dual Wield","floor":15,"key":"SMITH"}],"neow_cost":"NONE","seed_source_timestamp":166941277425873,"circlet_count":0,"master_deck":["Strike_R","Strike_R","Strike_R","Strike_R","Strike_R","Defend_R","Defend_R","Defend_R","Defend_R","Bash","Pommel Strike","Thunderclap","Anger","Iron Wave","Anger+1","Ghostly Armor","Thunderclap","Dual Wield+1","Burning Pact","Barricade","Anger","Cleave","Body Slam"],"relics":["Burning Blood","Juzu Bracelet","Meat on the Bone","Potion Belt","Runic Cube"],"potions_floor_usage":[19],"damage_taken":[{"damage":14,"enemies":"Small Slimes","floor":1,"turns":4},{"damage":3,"enemies":"Jaw Worm","floor":2,"turns":4},{"damage":7,"enemies":"2 Louse","floor":3,"turns":3},{"damage":0,"enemies":"Looter","floor":4,"turns":4},{"damage":1,"enemies":"Exordium Thugs","floor":5,"turns":4},{"damage":17,"enemies":"Gremlin Nob","floor":6,"turns":5},{"damage":10,"enemies":"Lots of Slimes","floor":8,"turns":5},{"damage":26,"enemies":"Lagavulin Event","floor":10,"turns":6},{"damage":21,"enemies":"Gremlin Gang","floor":12,"turns":3},{"damage":36,"enemies":"Slime Boss","floor":16,"turns":9},{"damage":10,"enemies":"Chosen","floor":18,"turns":3},{"damage":51,"enemies":"Spheric Guardian","floor":19,"turns":8},{"damage":52,"enemies":"3 Cultists","floor":20,"turns":6},{"damage":22,"enemies":"Centurion and Healer","floor":21,"turns":2}],"seed_played":"5121177677112498635","potions_obtained":[{"floor":3,"key":"AttackPotion"},{"floor":4,"key":"BloodPotion"},{"floor":8,"key":"SkillPotion"},{"floor":10,"key":"Swift Potion"},{"floor":16,"key":"SpeedPotion"}],"is_trial":false,"path_per_floor":["M","M","M","M","M","E","R","M","T","?","?","M","?","?","R","B",null,"M","M","M","M"],"character_chosen":"IRONCLAD","items_purchased":[],"campfire_rested":0,"item_purchase_floors":[],"current_hp_per_floor":[80,83,82,88,88,77,77,73,73,53,53,50,72,77,77,59,93,89,56,22,0],"gold":460,"neow_bonus":"TEN_PERCENT_HP_BONUS","is_prod":false,"is_daily":false,"chose_seed":false,"campfire_upgraded":2,"win_rate":0.0,"timestamp":1562107965,"path_taken":["M","M","M","M","M","E","R","M","T","?","?","M","?","?","R","BOSS","M","M","M","M"],"build_version":"2019-07-01","purchased_purges":0,"victory":false,"max_hp_per_floor":[88,88,88,88,88,88,88,88,88,88,88,88,88,93,93,93,93,93,93,93,93],"card_choices":[{"not_picked":["Dropkick","True Grit"],"picked":"Pommel Strike","floor":1},{"not_picked":["Battle Trance","Sword Boomerang"],"picked":"Thunderclap","floor":2},{"not_picked":["Blood for Blood","Bloodletting"],"picked":"Anger","floor":3},{"not_picked":["Perfected Strike","Dropkick"],"picked":"Iron Wave","floor":4},{"not_picked":["Cleave","Corruption"],"picked":"Anger","floor":5},{"not_picked":["Brutality","Power Through"],"picked":"Ghostly Armor","floor":6},{"not_picked":["Searing Blow","Disarm"],"picked":"Thunderclap","floor":8},{"not_picked":["Headbutt","Body Slam"],"picked":"Dual Wield","floor":10},{"not_picked":["Clothesline","Anger"],"picked":"Burning Pact","floor":12},{"not_picked":["Fiend Fire","Bludgeon"],"picked":"Barricade","floor":16},{"not_picked":["Hemokinesis","Twin Strike"],"picked":"Anger","floor":18},{"not_picked":["Blood for Blood","Body Slam"],"picked":"Cleave","floor":19},{"not_picked":["True Grit","Perfected Strike"],"picked":"Body Slam","floor":20}],"player_experience":13026,"relics_obtained":[{"floor":6,"key":"Juzu Bracelet"},{"floor":9,"key":"Meat on the Bone"},{"floor":10,"key":"Potion Belt"}],"event_choices":[{"damage_healed":0,"gold_gain":0,"player_choice":"Searched \u00271\u0027 times","damage_taken":0,"max_hp_gain":0,"max_hp_loss":0,"event_name":"Dead Adventurer","floor":10,"gold_loss":0},{"damage_healed":0,"gold_gain":0,"player_choice":"Ignored","damage_taken":0,"max_hp_gain":0,"max_hp_loss":0,"event_name":"Golden Wing","floor":11,"gold_loss":0},{"damage_healed":22,"gold_gain":0,"player_choice":"Healed","damage_taken":0,"max_hp_gain":0,"max_hp_loss":0,"event_name":"The Cleric","floor":13,"gold_loss":35},{"damage_healed":0,"gold_gain":0,"player_choice":"Donut","damage_taken":0,"max_hp_gain":5,"max_hp_loss":0,"event_name":"Big Fish","floor":14,"gold_loss":0}],"is_beta":false,"boss_relics":[{"not_picked":["Tiny House","Coffee Dripper"],"picked":"Runic Cube"}],"items_purged_floors":[],"is_endless":false,"potions_floor_spawned":[3,4,8,10,16,18],"killed_by":"Centurion and Healer","ascension_level":0}