{"gold_per_floor":[117,117,117,117,131,158,158,190,190,205,205,205,224,253,253,352,402,414,440,34,34,53,53,67,95,95,105,20,20,20,36,36,141,141,155,155,174,25,38,71,81,110,110,110,110,332,332,332,332,332,332,332,15,45,45],"floor_reached":55,"playtime":8857,"items_purged":[],"score":864,"play_id":"2992fcbd-581b-4936-8546-a3ea6e1f0b01","local_time":"20190702222659","is_ascension_mode":true,"campfire_choices":[{"data":"Sentinel","floor":7,"key":"SMITH"},{"data":"Body Slam","floor":11,"key":"SMITH"},{"data":"Impervious","floor":15,"key":"SMITH"},{"data":"Metallicize","floor":23,"key":"SMITH"},{"data":"Demon Form","floor":29,"key":"SMITH"},{"data":"Burning Pact","floor":32,"key":"SMITH"},{"data":"True Grit","floor":45,"key":"SMITH"},{"floor":49,"key":"RECALL"},{"data":"Dark Embrace","floor":52,"key":"SMITH"}],"neow_cost":"PERCENT_DAMAGE","seed_source_timestamp":224776351672212,"circlet_count":0,"master_deck":["Strike_R","Strike_R","Strike_R","Strike_R","Strike_R+1","Defend_R","Defend_R","Defend_R","Bash","Impervious+1","Body Slam+1","Sentinel+1","Twin Strike","Cleave+1","Burning Pact+1","Dual Wield","Demon Form+1","Infernal Blade","Iron Wave+1","Body Slam","Finesse","Finesse","Finesse","Metallicize+1","Whirlwind","Anger","Reaper","Inflame","Body Slam+1","Dark Embrace+1","Armaments","Flame Barrier+1","Chrysalis","Blind","Sever Soul","True Grit+1","Intimidate","Armaments+1","True Grit+1","Anger+1","Reaper","Shrug It Off+1","Dark Embrace","Metallicize","Reckless Charge","Discovery","Perfected Strike+1"],"relics":["Burning Blood","Meat on the Bone","Pocketwatch","Vajra","Letter Opener","Gremlin Horn","Tiny House","Red Mask","Magic Flower","Unceasing Top","Matryoshka","Prayer Wheel","Lizard Tail","Bag of Marbles","Champion Belt","Self Forming Clay","Dodecahedron"],"potions_floor_usage":[6,24,25,25,33,33,40,40,40,44,55,55],"damage_taken":[{"damage":12,"enemies":"Cultist","floor":1,"turns":6},{"damage":0,"enemies":"2 Louse","floor":5,"turns":3},{"damage":22,"enemies":"Gremlin Nob","floor":6,"turns":4},{"damage":26,"enemies":"Lagavulin","floor":8,"turns":7},{"damage":0,"enemies":"Small Slimes","floor":10,"turns":3},{"damage":0,"enemies":"2 Fungi Beasts","floor":13,"turns":3},{"damage":0,"enemies":"Gremlin Nob","floor":14,"turns":3},{"damage":46,"enemies":"Hexaghost","floor":16,"turns":11},{"damage":12,"enemies":"Chosen","floor":18,"turns":3},{"damage":7,"enemies":"Masked Bandits","floor":19,"turns":2},{"damage":17,"enemies":"2 Thieves","floor":22,"turns":3},{"damage":35,"enemies":"Centurion and Healer","floor":24,"turns":8},{"damage":83,"enemies":"Slavers","floor":25,"turns":8},{"damage":8,"enemies":"3 Cultists","floor":27,"turns":4},{"damage":32,"enemies":"Snake Plant","floor":31,"turns":6},{"damage":40,"enemies":"Champ","floor":33,"turns":9},{"damage":36,"enemies":"3 Shapes","floor":35,"turns":6},{"damage":43,"enemies":"3 Darklings","floor":37,"turns":6},{"damage":0,"enemies":"Jaw Worm Horde","floor":39,"turns":4},{"damage":0,"enemies":"Reptomancer","floor":40,"turns":4},{"damage":24,"enemies":"Sphere and 2 Shapes","floor":41,"turns":7},{"damage":35,"enemies":"Nemesis","floor":42,"turns":7},{"damage":27,"enemies":"Writhing Mass","floor":44,"turns":7},{"damage":119,"enemies":"Awakened One","floor":50,"turns":14},{"damage":83,"enemies":"Shield and Spear","floor":54,"turns":14},{"damage":77,"enemies":"The Heart","floor":55,"turns":8}],"seed_played":"9156254364168757654","potions_obtained":[{"floor":5,"key":"Energy Potion"},{"floor":14,"key":"BloodPotion"},{"floor":17,"key":"SpeedPotion"},{"floor":22,"key":"EssenceOfSteel"},{"floor":25,"key":"Strength Potion"},{"floor":27,"key":"Poison Potion"},{"floor":33,"key":"PowerPotion"},{"floor":35,"key":"GamblersBrew"},{"floor":40,"key":"SmokeBomb"}],"is_trial":false,"path_per_floor":["M","?","?","?","M","E","R","E","T","M","R","?","M","E","R","B",null,"M","?","$","?","M","R","M","E","T","M","?","R","$","M","R","B",null,"M","?","M","$","M","E","M","E","T","M","R","?","?","?","R","B",null,"R","$","E","B"],"character_chosen":"IRONCLAD","items_purchased":["Finesse","Magic Flower","Intimidate","EssenceOfSteel","BloodPotion","Metallicize","Reckless Charge","Discovery","FearPotion"],"campfire_rested":0,"item_purchase_floors":[20,20,38,38,53,53,53,53,53],"current_hp_per_floor":[50,38,38,43,49,45,45,37,37,55,55,55,61,67,67,39,90,84,83,83,47,57,57,49,59,59,60,60,60,60,60,60,47,90,63,58,63,63,72,90,75,67,67,67,67,67,67,67,67,77,90,90,90,39,0],"gold":45,"neow_bonus":"THREE_RARE_CARDS","is_prod":false,"is_daily":false,"chose_seed":false,"campfire_upgraded":8,"win_rate":0,"timestamp":1562120819,"path_taken":["M","?","?","?","M","E","R","E","T","M","R","?","?","E","R","BOSS","M","?","$","?","M","R","M","E","T","?","?","R","$","M","R","BOSS","M","?","M","$","M","E","M","E","T","M","R","?","?","?","R","BOSS","R","$","E","BOSS"],"build_version":"2019-07-01","purchased_purges":0,"victory":false,"max_hp_per_floor":[80,80,80,85,85,85,85,85,85,85,85,85,85,85,85,85,90,90,90,90,90,90,90,90,90,90,90,90,90,90,90,90,90,90,90,90,90,90,90,90,90,90,90,90,90,90,90,90,90,90,90,90,90,90,90],"card_choices":[{"not_picked":["Double Tap","Immolate"],"picked":"Impervious","floor":0},{"not_picked":["Perfected Strike","Clash"],"picked":"Body Slam","floor":1},{"not_picked":["Clash","Second Wind"],"picked":"Sentinel","floor":5},{"not_picked":["Heavy Blade","Havoc"],"picked":"Twin Strike","floor":6},{"not_picked":["Perfected Strike","Blood for Blood","Wild Strike"],"picked":"SKIP","floor":8},{"not_picked":["Heavy Blade","Wild Strike"],"picked":"Cleave","floor":10},{"not_picked":["Body Slam","Perfected Strike"],"picked":"Burning Pact","floor":13},{"not_picked":["Sword Boomerang","Bludgeon"],"picked":"Dual Wield","floor":14},{"not_picked":["Bludgeon","Exhume"],"picked":"Demon Form","floor":16},{"not_picked":["Burning Pact","Rampage"],"picked":"Infernal Blade","floor":17},{"not_picked":["Shrug It Off+1","Sentinel"],"picked":"Iron Wave+1","floor":18},{"not_picked":["Hemokinesis+1","Flex"],"picked":"Body Slam","floor":19},{"not_picked":["Iron Wave","Flame Barrier"],"picked":"Metallicize","floor":22},{"not_picked":["Clothesline","Searing Blow"],"picked":"Whirlwind","floor":24},{"not_picked":["Shrug It Off+1","Ghostly Armor+1"],"picked":"Anger","floor":25},{"not_picked":["Anger","Headbutt+1"],"picked":"Reaper","floor":27},{"not_picked":["Cleave+1","Thunderclap"],"picked":"Inflame","floor":31},{"not_picked":["Blood for Blood","Wild Strike"],"picked":"Body Slam+1","floor":31},{"not_picked":["Reaper","Immolate"],"picked":"Dark Embrace","floor":33},{"not_picked":["Clash+1","Combust+1"],"picked":"Armaments","floor":35},{"not_picked":["Thunderclap","Shrug It Off+1"],"picked":"Flame Barrier+1","floor":35},{"not_picked":["HandOfGreed","Dark Shackles"],"picked":"Chrysalis","floor":36},{"not_picked":["Jack Of All Trades","Panacea"],"picked":"Blind","floor":36},{"not_picked":["Hemokinesis","Cleave+1"],"picked":"Sever Soul","floor":37},{"not_picked":["Sword Boomerang+1","Blood for Blood+1"],"picked":"True Grit","floor":37},{"not_picked":["Iron Wave","Thunderclap+1"],"picked":"Armaments+1","floor":39},{"not_picked":["Pommel Strike+1","Sword Boomerang+1"],"picked":"True Grit+1","floor":39},{"not_picked":["Double Tap","Cleave+1"],"picked":"Anger+1","floor":40},{"not_picked":["Ghostly Armor","Iron Wave"],"picked":"Reaper","floor":41},{"not_picked":["Anger","Headbutt"],"picked":"Shrug It Off+1","floor":41},{"not_picked":["Body Slam+1","Perfected Strike"],"picked":"Dark Embrace","floor":42},{"not_picked":["Rupture","Bludgeon"],"picked":"Perfected Strike+1","floor":54}],"player_experience":80994,"relics_obtained":[{"floor":6,"key":"Pocketwatch"},{"floor":8,"key":"Vajra"},{"floor":9,"key":"Letter Opener"},{"floor":14,"key":"Gremlin Horn"},{"floor":19,"key":"Red Mask"},{"floor":25,"key":"Unceasing Top"},{"floor":26,"key":"Matryoshka"},{"floor":40,"key":"Bag of Marbles"},{"floor":42,"key":"Champion Belt"},{"floor":43,"key":"Self Forming Clay"},{"floor":54,"key":"Dodecahedron"}],"event_choices":[{"damage_healed":0,"gold_gain":0,"player_choice":"Success","damage_taken":12,"relics_obtained":["Meat on the Bone"],"max_hp_gain":0,"max_hp_loss":0,"event_name":"Scrap Ooze","floor":2,"gold_loss":0},{"damage_healed":0,"gold_gain":0,"player_choice":"Ignored","damage_taken":0,"max_hp_gain":0,"max_hp_loss":0,"event_name":"Liars Game","floor":3,"gold_loss":0},{"damage_healed":0,"gold_gain":0,"player_choice":"Donut","damage_taken":0,"max_hp_gain":5,"max_hp_loss":0,"event_name":"Big Fish","floor":4,"gold_loss":0},{"damage_healed":0,"gold_gain":0,"player_choice":"Upgraded","damage_taken":0,"max_hp_gain":0,"max_hp_loss":0,"event_name":"Upgrade Shrine","floor":12,"gold_loss":0,"cards_upgraded":["Cleave"]},{"damage_healed":0,"gold_gain":0,"player_choice":"Fought Bandits","damage_taken":0,"max_hp_gain":0,"max_hp_loss":0,"event_name":"Masked Bandits","floor":19,"gold_loss":0},{"damage_healed":0,"gold_gain":0,"player_choice":"CARD CARD POTION ","damage_taken":36,"max_hp_gain":0,"max_hp_loss":0,"event_name":"Knowing Skull","floor":21,"potions_obtained":["BloodPotion"],"gold_loss":0,"cards_obtained":["Finesse","Finesse"]},{"damage_healed":0,"gold_gain":0,"player_choice":"Obtained Relic","damage_taken":0,"relics_obtained":["Prayer Wheel"],"max_hp_gain":0,"max_hp_loss":0,"event_name":"Addict","floor":28,"gold_loss":85},{"damage_healed":0,"gold_gain":0,"player_choice":"Memory 2","damage_taken":5,"max_hp_gain":0,"max_hp_loss":0,"event_name":"SensoryStone","floor":36,"gold_loss":0},{"damage_healed":0,"gold_gain":222,"player_choice":"Wore Mask","damage_taken":0,"max_hp_gain":0,"max_hp_loss":0,"event_name":"Tomb of Lord Red Mask","floor":46,"gold_loss":0},{"damage_healed":0,"gold_gain":0,"player_choice":"Ignored","damage_taken":0,"max_hp_gain":0,"max_hp_loss":0,"event_name":"Mysterious Sphere","floor":47,"gold_loss":0},{"cards_removed":["Defend_R"],"damage_healed":0,"gold_gain":0,"player_choice":"Removed Skill","damage_taken":0,"max_hp_gain":0,"max_hp_loss":0,"event_name":"Falling","floor":48,"gold_loss":0}],"is_beta":false,"boss_relics":[{"not_picked":["Empty Cage","Eternal Feather"],"picked":"Tiny House"},{"not_picked":["Calling Bell","Busted Crown"],"picked":"Lizard Tail"}],"items_purged_floors":[],"is_endless":false,"potions_floor_spawned":[5,14,22,25,27,33,35,40,44],"killed_by":"The Heart","ascension_level":2}