{"gold_per_floor":[114,124,124,137,148,148,148,148,148,148,148,164,164,195,195,270,270,270,270,270,270,51,51,64,64,91,91,13,13,30,41,41,115,115,130,130,130,130,130,130,164,164,164,164,180,46,64,74,74,74,74],"floor_reached":51,"playtime":1804,"items_purged":["Strike_G+1"],"score":1342,"play_id":"5fc696aa-9a80-4a5b-996b-a107d682ad4d","local_time":"20190707203110","is_ascension_mode":true,"campfire_choices":[{"data":"Noxious Fumes","floor":6.0,"key":"SMITH"},{"data":"Bouncing Flask","floor":8.0,"key":"SMITH"},{"data":"Escape Plan","floor":10.0,"key":"SMITH"},{"floor":15.0,"key":"REST"},{"data":"Neutralize","floor":23.0,"key":"SMITH"},{"data":"Catalyst","floor":29.0,"key":"SMITH"},{"floor":32.0,"key":"REST"},{"floor":40.0,"key":"REST"},{"data":"Catalyst","floor":42.0,"key":"SMITH"},{"floor":49,"key":"REST"}],"neow_cost":"TEN_PERCENT_HP_LOSS","seed_source_timestamp":1097376795288200,"circlet_count":0,"master_deck":["AscendersBane","Strike_G+1","Defend_G","Defend_G","Defend_G","Survivor","Neutralize+1","Escape Plan+1","Bouncing Flask+1","Noxious Fumes+1","Well Laid Plans","Adrenaline","Backflip","Catalyst+1","Catalyst+1","Backflip","Bouncing Flask+1","Night Terror","Flying Knee+1","Well Laid Plans+1","Crippling Poison+1","Madness","Madness","Dark Shackles","Bouncing Flask","Bouncing Flask","Cloak And Dagger","Dodge and Roll+1","Acrobatics+1"],"special_seed":0,"relics":["Ring of the Serpent","Turnip","Pear","Pocketwatch","TwistedFunnel","Centennial Puzzle","Lantern","Astrolabe","Whetstone","Orichalcum","Bottled Tornado"],"potions_floor_usage":[48,50],"damage_taken":[{"damage":1.0,"enemies":"Jaw Worm","floor":1.0,"turns":7.0},{"damage":4.0,"enemies":"2 Louse","floor":2.0,"turns":4.0},{"damage":3.0,"enemies":"Cultist","floor":4.0,"turns":4.0},{"damage":3.0,"enemies":"Looter","floor":5.0,"turns":4.0},{"damage":12.0,"enemies":"3 Louse","floor":12.0,"turns":4.0},{"damage":35.0,"enemies":"3 Sentries","floor":14.0,"turns":8.0},{"damage":12.0,"enemies":"Hexaghost","floor":16.0,"turns":8.0},{"damage":0.0,"enemies":"Shell Parasite","floor":18.0,"turns":1.0},{"damage":12.0,"enemies":"Chosen","floor":24.0,"turns":5.0},{"damage":16.0,"enemies":"Sentry and Sphere","floor":30.0,"turns":3.0},{"damage":10.0,"enemies":"Cultist and Chosen","floor":31.0,"turns":3.0},{"damage":34.0,"enemies":"Collector","floor":33.0,"turns":5.0},{"damage":7.0,"enemies":"Orb Walker","floor":35.0,"turns":2.0},{"damage":5.0,"enemies":"Nemesis","floor":41.0,"turns":5.0},{"damage":7,"enemies":"3 Darklings","floor":45,"turns":4},{"damage":23,"enemies":"Jaw Worm Horde","floor":47,"turns":3},{"damage":4,"enemies":"4 Shapes","floor":48,"turns":4},{"damage":24,"enemies":"Time Eater","floor":50,"turns":4},{"damage":26,"enemies":"Donu and Deca","floor":51,"turns":4}],"seed_played":"8935507356591508226","potions_obtained":[{"floor":1.0,"key":"Weak Potion"},{"floor":2.0,"key":"SmokeBomb"},{"floor":30.0,"key":"SpeedPotion"},{"floor":33.0,"key":"Swift Potion"},{"floor":41.0,"key":"Fire Potion"}],"is_trial":false,"path_per_floor":["M","M","?","M","M","R","?","R","T","R","$","M","?","E","R","B",null,"M","?","?","?","$","R","M","?","T","T","$","R","M","M","R","B",null,"M","?","?","?","T","R","E","R","T","?","M","$","M","M","R","B","B"],"character_chosen":"THE_SILENT","items_purchased":["TwistedFunnel","Catalyst","Cloak And Dagger"],"campfire_rested":4,"item_purchase_floors":[22,28,46],"current_hp_per_floor":[58,54,54,51,48,48,48,48,58,58,58,46,51,16,38,26,63,63,63,63,63,63,63,51,51,51,51,51,51,35,25,47,13,60,53,39,39,39,39,61,56,56,56,56,49,49,26,22,44,20,0],"gold":74,"neow_bonus":"ONE_RARE_RELIC","is_prod":false,"is_daily":false,"chose_seed":false,"campfire_upgraded":6,"win_rate":0,"timestamp":1562502670,"path_taken":["M","M","?","M","M","R","?","R","T","R","?","?","?","E","R","BOSS","M","?","?","?","$","R","M","?","T","?","?","R","M","M","R","BOSS","M","?","?","?","?","R","E","R","T","?","M","$","M","?","R","BOSS","BOSS"],"build_version":"2019-07-05","purchased_purges":1,"victory":false,"max_hp_per_floor":[60,60,60,60,60,60,60,60,70,70,70,70,75,75,75,75,75,75,75,75,75,75,75,75,75,75,75,75,75,75,75,75,75,75,75,75,75,75,75,75,75,75,75,75,75,75,75,75,75,75,75],"card_choices":[{"not_picked":["Skewer","Acrobatics"],"picked":"Escape Plan","floor":1.0},{"not_picked":["Sucker Punch","Flechettes"],"picked":"Bouncing Flask","floor":2.0},{"not_picked":["Expertise","Quick Slash","Underhanded Strike"],"picked":"SKIP","floor":4.0},{"not_picked":["Cloak And Dagger","Poisoned Stab"],"picked":"Noxious Fumes","floor":5.0},{"not_picked":["Prepared","Terror"],"picked":"Well Laid Plans","floor":12.0},{"not_picked":["Unload","Prepared","Eviscerate"],"picked":"SKIP","floor":14.0},{"not_picked":["Phantasmal Killer","Corpse Explosion"],"picked":"Adrenaline","floor":16.0},{"not_picked":["Well Laid Plans","Crippling Poison"],"picked":"Catalyst","floor":24.0},{"not_picked":["Outmaneuver","Expertise"],"picked":"Backflip","floor":30.0},{"not_picked":["Heel Hook","Distraction"],"picked":"Bouncing Flask+1","floor":31.0},{"not_picked":["Storm of Steel","Doppelganger"],"picked":"Night Terror","floor":33.0},{"not_picked":["Deadly Poison","Slice+1","Quick Slash"],"picked":"SKIP","floor":35.0},{"not_picked":["Panacea","Violence"],"picked":"Dark Shackles","floor":38.0},{"not_picked":["Calculated Gamble","Underhanded Strike"],"picked":"Bouncing Flask","floor":41.0},{"not_picked":["Deflect","Cloak And Dagger","Quick Slash"],"picked":"SKIP","floor":45},{"not_picked":["Reflex","Terror"],"picked":"Dodge and Roll+1","floor":47},{"not_picked":["Concentrate+1","Noxious Fumes"],"picked":"Acrobatics+1","floor":48}],"player_experience":754215,"relics_obtained":[{"floor":9.0,"key":"Pear"},{"floor":14.0,"key":"Pocketwatch"},{"floor":26.0,"key":"Centennial Puzzle"},{"floor":27.0,"key":"Lantern"},{"floor":39.0,"key":"Whetstone"},{"floor":41.0,"key":"Orichalcum"},{"floor":43.0,"key":"Bottled Tornado"}],"event_choices":[{"damage_healed":0.0,"max_hp_gain":0.0,"max_hp_loss":0.0,"gold_gain":0.0,"event_name":"Scrap Ooze","player_choice":"Fled","floor":3.0,"gold_loss":0.0,"damage_taken":0.0},{"cards_removed":["Strike_G"],"damage_healed":0.0,"max_hp_gain":0.0,"max_hp_loss":0.0,"gold_gain":0.0,"event_name":"Living Wall","player_choice":"Forget","floor":7.0,"gold_loss":0.0,"damage_taken":0.0},{"damage_healed":0.0,"max_hp_gain":5.0,"max_hp_loss":0.0,"gold_gain":0.0,"event_name":"Big Fish","player_choice":"Donut","floor":13.0,"gold_loss":0.0,"damage_taken":0.0},{"damage_healed":0.0,"max_hp_gain":0.0,"max_hp_loss":0.0,"gold_gain":0.0,"event_name":"Ghosts","player_choice":"Ignored","floor":19.0,"gold_loss":0.0,"damage_taken":0.0},{"damage_healed":0.0,"max_hp_gain":0.0,"max_hp_loss":0.0,"gold_gain":0.0,"event_name":"Vampires","player_choice":"Ignored","floor":20.0,"gold_loss":0.0,"damage_taken":0.0},{"damage_healed":0.0,"max_hp_gain":0.0,"max_hp_loss":0.0,"gold_gain":0.0,"event_name":"The Library","player_choice":"Read","floor":21.0,"gold_loss":0.0,"damage_taken":0.0,"cards_obtained":["Backflip"]},{"damage_healed":0.0,"max_hp_gain":0.0,"max_hp_loss":0.0,"gold_gain":0.0,"event_name":"Cursed Tome","player_choice":"Ignored","floor":25.0,"gold_loss":0.0,"damage_taken":0.0},{"damage_healed":0.0,"max_hp_gain":0.0,"max_hp_loss":0.0,"gold_gain":0.0,"event_name":"Winding Halls","player_choice":"Embrace Madness","floor":36.0,"gold_loss":0.0,"damage_taken":14.0,"cards_obtained":["Madness","Madness"]},{"damage_healed":0.0,"max_hp_gain":0.0,"max_hp_loss":0.0,"gold_gain":0.0,"event_name":"Mysterious Sphere","player_choice":"Ignored","floor":37.0,"gold_loss":0.0,"damage_taken":0.0},{"damage_healed":0.0,"max_hp_gain":0.0,"max_hp_loss":0.0,"gold_gain":0.0,"event_name":"SensoryStone","player_choice":"Memory 1","floor":38.0,"gold_loss":0.0,"damage_taken":0.0},{"damage_healed":0.0,"max_hp_gain":0.0,"max_hp_loss":0.0,"gold_gain":0.0,"cards_transformed":["Strike_G"],"event_name":"Transmorgrifier","player_choice":"Transformed","floor":44.0,"gold_loss":0.0,"damage_taken":0.0,"cards_obtained":["Bouncing Flask"]}],"is_beta":false,"boss_relics":[{"not_picked":["Sozu","Runic Pyramid"],"picked":"Ring of the Serpent"},{"not_picked":["White Beast Statue","Tiny House"],"picked":"Astrolabe"}],"items_purged_floors":[46],"is_endless":false,"potions_floor_spawned":[1,2,5,30,33,41,47],"killed_by":"Donu and Deca","ascension_level":20}