{"gold_per_floor":[209,134,150,40,57,57,6,6,6,20,20,50,50,66,66,139,139,139,139,139,139,139,139,139,139,139,139,139,139,89,89,89,89,89,89,14,14,14,14,14,14,14,14,14,14,14,14,14],"floor_reached":48,"playtime":1565,"items_purged":[],"score":893,"play_id":"af37eebe-784f-47e5-a599-e8e2d730622c","local_time":"20190701041044","is_ascension_mode":true,"campfire_choices":[{"data":"Noxious Fumes","floor":6.0,"key":"SMITH"},{"data":"Backflip","floor":11.0,"key":"SMITH"},{"floor":13.0,"key":"REST"},{"data":"Backflip","floor":15.0,"key":"SMITH"},{"data":"A Thousand Cuts","floor":23.0,"key":"SMITH"},{"floor":27.0,"key":"REST"},{"data":"Noxious Fumes","floor":32.0,"key":"SMITH"},{"data":"Acrobatics","floor":40.0,"key":"SMITH"},{"floor":44.0,"key":"REST"}],"neow_cost":"NONE","seed_source_timestamp":520266385541200,"circlet_count":0,"master_deck":["AscendersBane","Defend_G","Defend_G","Defend_G","Defend_G","Strike_G","Strike_G","Strike_G","Strike_G","Strike_G","Survivor","Neutralize","Dodge and Roll","Noxious Fumes+1","Noxious Fumes+1","Backflip+1","Deflect","Backflip+1","After Image","Deflect","A Thousand Cuts+1","Noxious Fumes+1","PiercingWail+1","Cloak And Dagger+1","Crippling Poison","Skewer+1","After Image+1","Acrobatics+1","Noxious Fumes+1","Trip+1","Footwork+1","Parasite"],"special_seed":0,"relics":["Ring of the Snake","Lantern","Bottled Tornado","Ectoplasm","Unceasing Top","Frozen Egg 2","Ice Cream","Busted Crown","Dodecahedron"],"potions_floor_usage":[47],"damage_taken":[{"damage":7.0,"enemies":"Cultist","floor":1.0,"turns":5.0},{"damage":0.0,"enemies":"Small Slimes","floor":3.0,"turns":6.0},{"damage":0.0,"enemies":"2 Louse","floor":5.0,"turns":3.0},{"damage":1.0,"enemies":"Looter","floor":10.0,"turns":4.0},{"damage":33.0,"enemies":"Gremlin Nob","floor":12.0,"turns":5.0},{"damage":3.0,"enemies":"2 Fungi Beasts","floor":14.0,"turns":4.0},{"damage":13.0,"enemies":"The Guardian","floor":16.0,"turns":10.0},{"damage":4.0,"enemies":"Spheric Guardian","floor":18.0,"turns":6.0},{"damage":6.0,"enemies":"3 Byrds","floor":21.0,"turns":4.0},{"damage":2.0,"enemies":"Centurion and Healer","floor":22.0,"turns":7.0},{"damage":9.0,"enemies":"Snake Plant","floor":24.0,"turns":5.0},{"damage":5.0,"enemies":"Sentry and Sphere","floor":25.0,"turns":5.0},{"damage":5.0,"enemies":"Snecko","floor":31.0,"turns":5.0},{"damage":38.0,"enemies":"Collector","floor":33.0,"turns":8.0},{"damage":9.0,"enemies":"Orb Walker","floor":35.0,"turns":4.0},{"damage":0.0,"enemies":"3 Shapes","floor":37.0,"turns":4.0},{"damage":20.0,"enemies":"Sphere and 2 Shapes","floor":41.0,"turns":5.0},{"damage":0.0,"enemies":"Maw","floor":42.0,"turns":7.0},{"damage":10,"enemies":"Writhing Mass","floor":46,"turns":6},{"damage":22,"enemies":"3 Darklings","floor":47,"turns":5},{"damage":15,"enemies":"4 Shapes","floor":48,"turns":2}],"seed_played":"4847874082055270926","potions_obtained":[{"floor":5.0,"key":"Explosive Potion"},{"floor":10.0,"key":"EntropicBrew"},{"floor":14.0,"key":"Strength Potion"},{"floor":22.0,"key":"GamblersBrew"},{"floor":25.0,"key":"Weak Potion"},{"floor":33.0,"key":"LiquidBronze"}],"is_trial":false,"path_per_floor":["M","?","M","$","M","R","$","?","T","M","R","E","R","M","R","B",null,"M","$","?","M","M","R","M","M","T","R","?","T","?","M","R","B",null,"M","$","M","?","$","R","M","M","T","R","?","M","M","M"],"character_chosen":"THE_SILENT","items_purchased":["Noxious Fumes","Backflip","Backflip","Noxious Fumes+1"],"campfire_rested":3,"item_purchase_floors":[4,4,7,36],"current_hp_per_floor":[52,52,52,52,52,52,52,52,52,51,51,18,37,34,34,21,55,51,51,51,45,43,43,34,29,29,48,48,48,48,43,43,5,51,42,42,42,42,42,42,22,22,22,41,41,31,9,0],"gold":14,"neow_bonus":"HUNDRED_GOLD","is_prod":false,"is_daily":false,"chose_seed":false,"campfire_upgraded":6,"win_rate":0,"timestamp":1561925444,"path_taken":["M","?","M","$","M","R","$","?","T","M","R","E","R","M","R","BOSS","M","?","?","M","M","R","M","M","T","R","?","?","?","M","R","BOSS","M","$","?","?","$","R","M","M","T","R","?","M","M","M"],"build_version":"2019-01-23","purchased_purges":0,"victory":false,"max_hp_per_floor":[66,66,66,66,66,66,66,66,66,66,66,66,66,66,66,66,66,66,66,66,66,66,66,66,66,66,66,66,66,66,66,66,66,66,66,66,66,66,66,66,66,66,66,66,66,66,66,66],"card_choices":[{"not_picked":["Slice","Flying Knee"],"picked":"Dodge and Roll","floor":1.0},{"not_picked":["Crippling Poison","Blade Dance"],"picked":"Noxious Fumes","floor":3.0},{"not_picked":["Outmaneuver","Flying Knee"],"picked":"Deflect","floor":5.0},{"not_picked":["Dagger Spray","Dagger Throw","Terror"],"picked":"SKIP","floor":10.0},{"not_picked":["Flying Knee","Cloak And Dagger"],"picked":"After Image","floor":12.0},{"not_picked":["Endless Agony","Underhanded Strike"],"picked":"Deflect","floor":14.0},{"not_picked":["Unload","Die Die Die"],"picked":"A Thousand Cuts","floor":16.0},{"not_picked":["Endless Agony","Flying Knee"],"picked":"Noxious Fumes","floor":18.0},{"not_picked":["Poisoned Stab","Prepared","Distraction"],"picked":"SKIP","floor":21.0},{"not_picked":["Quick Slash","Finisher+1"],"picked":"PiercingWail+1","floor":22.0},{"not_picked":["Acrobatics","Blade Dance"],"picked":"Cloak And Dagger+1","floor":24.0},{"not_picked":["Slice+1","Choke+1"],"picked":"Crippling Poison","floor":25.0},{"not_picked":["Prepared","Flechettes"],"picked":"Skewer+1","floor":31.0},{"not_picked":["Tools of the Trade+1","Glass Knife"],"picked":"After Image+1","floor":33.0},{"not_picked":[],"picked":"Acrobatics","floor":35.0},{"not_picked":["Flying Knee"],"picked":"SKIP","floor":37.0},{"not_picked":[],"picked":"Trip","floor":38.0},{"not_picked":["Tactician"],"picked":"SKIP","floor":41.0},{"not_picked":[],"picked":"Footwork+1","floor":42.0},{"not_picked":["Masterful Stab"],"picked":"SKIP","floor":46},{"not_picked":["Concentrate+1"],"picked":"SKIP","floor":47}],"player_experience":745829,"relics_obtained":[{"floor":9.0,"key":"Lantern"},{"floor":12.0,"key":"Bottled Tornado"},{"floor":26.0,"key":"Unceasing Top"},{"floor":29.0,"key":"Frozen Egg 2"},{"floor":43.0,"key":"Dodecahedron"}],"event_choices":[{"cards_removed":["Defend_G"],"damage_healed":0.0,"max_hp_gain":0.0,"max_hp_loss":0.0,"gold_gain":0.0,"event_name":"The Cleric","player_choice":"Card Removal","floor":2.0,"gold_loss":75.0,"damage_taken":0.0},{"damage_healed":0.0,"max_hp_gain":0.0,"max_hp_loss":0.0,"gold_gain":0.0,"event_name":"Upgrade Shrine","player_choice":"Upgraded","floor":8.0,"gold_loss":0.0,"damage_taken":0.0,"cards_upgraded":["Noxious Fumes"]},{"damage_healed":0.0,"max_hp_gain":0.0,"max_hp_loss":0.0,"gold_gain":0.0,"event_name":"The Mausoleum","player_choice":"Ignored","floor":20.0,"gold_loss":0.0,"damage_taken":0.0},{"damage_healed":0.0,"max_hp_gain":0.0,"max_hp_loss":0.0,"gold_gain":0.0,"event_name":"Ghosts","player_choice":"Ignored","floor":28.0,"gold_loss":0.0,"damage_taken":0.0},{"damage_healed":0.0,"max_hp_gain":0.0,"max_hp_loss":0.0,"gold_gain":0.0,"event_name":"WeMeetAgain","player_choice":"Paid Gold","floor":30.0,"gold_loss":50.0,"damage_taken":0.0,"relics_obtained":["Ice Cream"]},{"damage_healed":0.0,"max_hp_gain":0.0,"max_hp_loss":0.0,"gold_gain":0.0,"event_name":"SensoryStone","player_choice":"Memory 1","floor":38.0,"gold_loss":0.0,"damage_taken":0.0},{"damage_healed":0.0,"max_hp_gain":0.0,"max_hp_loss":0.0,"gold_gain":0.0,"event_name":"Accursed Blacksmith","player_choice":"Forge","floor":45.0,"gold_loss":0.0,"damage_taken":0.0,"cards_upgraded":["Trip"]}],"is_beta":false,"boss_relics":[{"not_picked":["Runic Dome","Pandora\u0027s Box"],"picked":"Ectoplasm"},{"not_picked":["Black Star","Eternal Feather"],"picked":"Busted Crown"}],"items_purged_floors":[],"is_endless":false,"potions_floor_spawned":[5,10,14,22,25,33,35,41],"killed_by":"4 Shapes","ascension_level":20}