{"gold_per_floor":[109,74,101,12,26,53,66,85,85,85,111,126,126,146,146,251,251,265,114,127,142,142,142,142],"floor_reached":24,"playtime":2301,"items_purged":[],"score":208,"play_id":"7e0edcf8-1456-4dc4-811d-c4ecaf74dbba","local_time":"20190702134726","is_ascension_mode":false,"campfire_choices":[{"floor":10,"key":"REST"},{"floor":13,"key":"REST"},{"floor":15,"key":"REST"},{"floor":23,"key":"REST"}],"neow_cost":"NONE","seed_source_timestamp":144723160020206,"circlet_count":0,"master_deck":["Strike_G","Strike_G","Strike_G","Strike_G+1","Defend_G","Defend_G","Defend_G","Defend_G","Defend_G","Survivor","Neutralize","Choke+1","Prepared","Finisher","Dagger Throw","Flying Knee","Noxious Fumes","Flying Knee","Dodge and Roll","Flying Knee","Flechettes","A Thousand Cuts","Deflect","Deadly Poison","Dodge and Roll","Choke","Quick Slash+1","Prepared+1","Flechettes"],"relics":["Ring of the Serpent","Anchor","Lantern","Whetstone","Strawberry"],"potions_floor_usage":[21,24,24],"damage_taken":[{"damage":2,"enemies":"2 Louse","floor":1,"turns":3},{"damage":0,"enemies":"Jaw Worm","floor":5,"turns":3},{"damage":46,"enemies":"Gremlin Nob","floor":6,"turns":6},{"damage":0,"enemies":"Small Slimes","floor":7,"turns":2},{"damage":0,"enemies":"Exordium Thugs","floor":8,"turns":3},{"damage":21,"enemies":"Lagavulin","floor":11,"turns":5},{"damage":0,"enemies":"Blue Slaver","floor":12,"turns":1},{"damage":0,"enemies":"Red Slaver","floor":14,"turns":3},{"damage":81,"enemies":"Hexaghost","floor":16,"turns":11},{"damage":13,"enemies":"3 Byrds","floor":18,"turns":4},{"damage":38,"enemies":"Spheric Guardian","floor":20,"turns":6},{"damage":31,"enemies":"Snake Plant","floor":21,"turns":5},{"damage":30,"enemies":"Gremlin Leader","floor":24,"turns":4}],"seed_played":"-2698640758811988150","potions_obtained":[{"floor":5,"key":"Explosive Potion"},{"floor":7,"key":"PowerPotion"},{"floor":12,"key":"GhostInAJar"},{"floor":20,"key":"AttackPotion"}],"is_trial":false,"path_per_floor":["M","?","T","$","M","E","M","M","T","R","E","M","R","M","R","B",null,"M","$","M","M","?","R","E"],"character_chosen":"THE_SILENT","items_purchased":["Prepared","Finisher","Deadly Poison","Dodge and Roll","Choke"],"campfire_rested":4,"item_purchase_floors":[4,4,19,19,19],"current_hp_per_floor":[75,77,77,77,77,31,31,31,31,54,40,40,65,65,84,3,84,71,71,33,2,2,27,0],"gold":142,"neow_bonus":"TEN_PERCENT_HP_BONUS","is_prod":false,"is_daily":false,"chose_seed":false,"campfire_upgraded":0,"win_rate":0.0,"timestamp":1562086046,"path_taken":["M","?","?","?","M","E","M","M","T","R","E","M","R","M","R","BOSS","M","$","M","M","?","R","E"],"build_version":"2019-07-01","purchased_purges":0,"victory":false,"max_hp_per_floor":[77,77,77,77,77,77,77,77,77,77,84,84,84,84,84,84,84,84,84,84,84,84,84,84],"card_choices":[{"not_picked":["Sucker Punch","Blade Dance"],"picked":"Choke","floor":1},{"not_picked":["Riddle With Holes","Quick Slash"],"picked":"Dagger Throw","floor":5},{"not_picked":["Underhanded Strike","Poisoned Stab"],"picked":"Flying Knee","floor":6},{"not_picked":["Bouncing Flask","Endless Agony"],"picked":"Noxious Fumes","floor":7},{"not_picked":["Underhanded Strike","Envenom"],"picked":"Flying Knee","floor":8},{"not_picked":["Prepared","Tactician"],"picked":"Dodge and Roll","floor":11},{"not_picked":["Dodge and Roll","Heel Hook"],"picked":"Flying Knee","floor":12},{"not_picked":["Flying Knee","Prepared"],"picked":"Flechettes","floor":14},{"not_picked":["Envenom","Unload"],"picked":"A Thousand Cuts","floor":16},{"not_picked":["PiercingWail+1","Dash"],"picked":"Deflect","floor":18},{"not_picked":["Poisoned Stab","Flying Knee+1"],"picked":"Quick Slash+1","floor":20},{"not_picked":["Backflip","Deadly Poison"],"picked":"Prepared+1","floor":21}],"player_experience":997,"relics_obtained":[{"floor":3,"key":"Anchor"},{"floor":6,"key":"Lantern"},{"floor":9,"key":"Whetstone"},{"floor":11,"key":"Strawberry"}],"event_choices":[{"damage_healed":19,"gold_gain":0,"player_choice":"Healed","damage_taken":0,"max_hp_gain":0,"max_hp_loss":0,"event_name":"The Cleric","floor":2,"gold_loss":35},{"damage_healed":0,"gold_gain":0,"cards_transformed":["Strike_G"],"player_choice":"Transformed","damage_taken":0,"max_hp_gain":0,"max_hp_loss":0,"event_name":"Transmorgrifier","floor":22,"gold_loss":0,"cards_obtained":["Flechettes"]}],"is_beta":false,"boss_relics":[{"not_picked":["Ectoplasm","Astrolabe"],"picked":"Ring of the Serpent"}],"items_purged_floors":[],"is_endless":false,"potions_floor_spawned":[5,7,12,20],"killed_by":"Gremlin Leader","ascension_level":0}