{"gold_per_floor":[119,119,136,136,136,171,188,199,267,267,267,16,27,4,4,102,102,70,83,102,114,114,114,129,140,140,168,191,222,234,171,183,195],"floor_reached":33,"playtime":2068,"items_purged":[],"score":303,"play_id":"8ae4ceab-c150-42a0-9555-ed58f4c1a197","local_time":"20190327171521","is_ascension_mode":false,"campfire_choices":[{"data":"True Grit","floor":11,"key":"SMITH"},{"data":"Body Slam","floor":15,"key":"SMITH"},{"data":"Seeing Red","floor":23,"key":"SMITH"},{"floor":30,"key":"REST"},{"data":"Entrench","floor":32,"key":"SMITH"}],"neow_cost":"NONE","seed_source_timestamp":1148597986193497,"circlet_count":0,"master_deck":["Strike_R","Strike_R+1","Strike_R","Strike_R","Defend_R","Defend_R","Defend_R+1","Defend_R","Bash","True Grit+1","Body Slam+1","True Grit","Shrug It Off","Shrug It Off","Offering","Seeing Red+1","Headbutt+1","Disarm+1","Ghostly Armor+1","Wild Strike+1","Shrug It Off","Power Through","Bloodletting+1","Entrench+1"],"relics":["Burning Blood","NeowsBlessing","FossilizedHelix","Molten Egg 2","Ancient Tea Set","Kunai","White Beast Statue","MawBank"],"potions_floor_usage":[16,16,18,21,24,24,25,25,27,29,29,33],"damage_taken":[{"damage":0,"enemies":"Small Slimes","floor":1,"turns":1},{"damage":0,"enemies":"2 Louse","floor":3,"turns":1},{"damage":0,"enemies":"Gremlin Nob","floor":6,"turns":1},{"damage":0,"enemies":"Cultist","floor":7,"turns":3},{"damage":0,"enemies":"2 Fungi Beasts","floor":8,"turns":4},{"damage":0,"enemies":"Gremlin Gang","floor":13,"turns":9},{"damage":50,"enemies":"Slime Boss","floor":16,"turns":21},{"damage":16,"enemies":"2 Thieves","floor":18,"turns":5},{"damage":14,"enemies":"3 Byrds","floor":19,"turns":13},{"damage":7,"enemies":"Snecko","floor":20,"turns":4},{"damage":0,"enemies":"Snake Plant","floor":21,"turns":5},{"damage":0,"enemies":"Centurion and Healer","floor":24,"turns":6},{"damage":5,"enemies":"Snecko","floor":25,"turns":11},{"damage":77,"enemies":"3 Cultists","floor":27,"turns":13},{"damage":0,"enemies":"Chosen and Byrds","floor":28,"turns":8},{"damage":13,"enemies":"Centurion and Healer","floor":29,"turns":11},{"damage":35,"enemies":"Collector","floor":33,"turns":5}],"seed_played":"7704165519870828658","potions_obtained":[{"floor":6,"key":"Weak Potion"},{"floor":7,"key":"LiquidBronze"},{"floor":16,"key":"Strength Potion"},{"floor":18,"key":"SpeedPotion"},{"floor":19,"key":"Swift Potion"},{"floor":20,"key":"SteroidPotion"},{"floor":21,"key":"LiquidBronze"},{"floor":24,"key":"Weak Potion"},{"floor":25,"key":"Block Potion"},{"floor":27,"key":"Strength Potion"},{"floor":28,"key":"LiquidBronze"},{"floor":29,"key":"FearPotion"}],"is_trial":false,"path_per_floor":["M","?","M","?","?","E","M","M","T","T","R","$","M","$","R","B",null,"M","M","M","M","?","R","M","M","T","M","M","M","R","?","R","B"],"character_chosen":"IRONCLAD","items_purchased":["Kunai","Shrug It Off"],"campfire_rested":1,"item_purchase_floors":[12,14],"current_hp_per_floor":[80,64,70,75,68,74,80,85,85,85,85,85,85,85,85,41,85,75,67,66,72,72,72,78,79,79,8,14,7,32,32,32,0],"gold":195,"neow_bonus":"THREE_ENEMY_KILL","is_prod":false,"is_daily":false,"chose_seed":false,"campfire_upgraded":4,"win_rate":0.0,"timestamp":1553721321,"path_taken":["M","?","M","?","?","E","M","M","T","?","R","$","M","?","R","BOSS","M","?","M","M","?","R","M","M","T","?","M","M","R","?","R","BOSS"],"build_version":"2019-01-23","purchased_purges":0,"victory":false,"max_hp_per_floor":[80,80,80,85,85,85,85,85,85,85,85,85,85,85,85,85,85,85,85,85,85,85,85,85,85,85,85,85,85,85,85,85,85],"card_choices":[{"not_picked":["Perfected Strike","Clothesline"],"picked":"Armaments","floor":1},{"not_picked":["Disarm","Cleave"],"picked":"True Grit","floor":3},{"not_picked":["Armaments","Headbutt"],"picked":"Body Slam","floor":6},{"not_picked":["Iron Wave","Twin Strike"],"picked":"True Grit","floor":7},{"not_picked":["Inflame","Havoc"],"picked":"Shrug It Off","floor":8},{"not_picked":["Warcry","Clash+1","Spot Weakness"],"picked":"SKIP","floor":13},{"not_picked":["Reaper+1","Brutality"],"picked":"Offering","floor":16},{"not_picked":["Warcry","Clash+1"],"picked":"Seeing Red","floor":18},{"not_picked":["Twin Strike+1","Evolve"],"picked":"Headbutt+1","floor":19},{"not_picked":["Spot Weakness+1","Warcry"],"picked":"Disarm+1","floor":20},{"not_picked":["Cleave+1","Combust"],"picked":"Ghostly Armor+1","floor":21},{"not_picked":["Thunderclap+1","Perfected Strike+1"],"picked":"Shrug It Off","floor":24},{"not_picked":["Uppercut+1","Twin Strike+1"],"picked":"Power Through","floor":25},{"not_picked":["Reckless Charge+1","Uppercut+1","Rage"],"picked":"SKIP","floor":27},{"not_picked":["Corruption","Shrug It Off+1"],"picked":"Bloodletting+1","floor":28},{"not_picked":["Shockwave+1","Burning Pact"],"picked":"Entrench","floor":29}],"player_experience":56029,"relics_obtained":[{"floor":6,"key":"FossilizedHelix"},{"floor":9,"key":"Molten Egg 2"},{"floor":10,"key":"Ancient Tea Set"},{"floor":26,"key":"MawBank"}],"event_choices":[{"damage_healed":0,"gold_gain":0,"player_choice":"Entered Light","damage_taken":16,"max_hp_gain":0,"max_hp_loss":0,"event_name":"Shining Light","floor":2,"gold_loss":0,"cards_upgraded":["Defend_R","Strike_R"]},{"damage_healed":0,"gold_gain":0,"player_choice":"Donut","damage_taken":0,"max_hp_gain":5,"max_hp_loss":0,"event_name":"Big Fish","floor":4,"gold_loss":0},{"cards_removed":["Strike_R"],"damage_healed":0,"gold_gain":0,"player_choice":"Card Removal","damage_taken":7,"max_hp_gain":0,"max_hp_loss":0,"event_name":"Golden Wing","floor":5,"gold_loss":0},{"damage_healed":0,"gold_gain":0,"player_choice":"1 cards matched","damage_taken":0,"max_hp_gain":0,"max_hp_loss":0,"event_name":"Match and Keep!","floor":22,"gold_loss":0,"cards_obtained":["Wild Strike"]},{"cards_removed":["Armaments"],"damage_healed":0,"gold_gain":0,"player_choice":"Gave Gold","damage_taken":0,"max_hp_gain":0,"max_hp_loss":0,"event_name":"Beggar","floor":31,"gold_loss":75}],"is_beta":false,"boss_relics":[{"not_picked":["Runic Dome","Black Blood"],"picked":"White Beast Statue"}],"items_purged_floors":[],"is_endless":false,"potions_floor_spawned":[6,7,16,18,19,20,21,24,25,27,28,29],"killed_by":"Collector","ascension_level":0}