{"gold_per_floor":[111,111,129,148,148,179,179,195,195,205,215,225,225,150,150,245,245,264,282,145,164,81,116,116,194,240,240,253,272,272,272,272,272],"floor_reached":33,"playtime":1856,"items_purged":["Pain","Strike_R"],"score":269,"play_id":"1e576079-38d3-41ed-b8d3-897fb3b2bea6","local_time":"20190706132007","is_ascension_mode":false,"campfire_choices":[{"floor":7.0,"key":"REST"},{"floor":13.0,"key":"REST"},{"floor":15.0,"key":"REST"},{"floor":24.0,"key":"REST"},{"floor":30.0,"key":"REST"},{"floor":32.0,"key":"REST"}],"neow_cost":"NONE","seed_source_timestamp":488921867058289,"circlet_count":0,"master_deck":["Strike_R","Strike_R","Strike_R","Strike_R","Defend_R","Defend_R","Defend_R","Defend_R","Bash","Armaments","Thunderclap","Pommel Strike","Feel No Pain+1","Ghostly Armor","Sword Boomerang+1","Seeing Red","True Grit","Juggernaut+1","Dropkick+1","Sword Boomerang+1","Fire Breathing+1","Pommel Strike+1","Flash of Steel+1","Twin Strike+1","Inflame+1","Headbutt+1"],"special_seed":0,"relics":["Black Blood","Frozen Egg 2","Boot","Molten Egg 2","Kunai","Blood Vial","Lantern"],"potions_floor_usage":[],"damage_taken":[{"damage":4.0,"enemies":"Cultist","floor":1.0,"turns":4.0},{"damage":5.0,"enemies":"Small Slimes","floor":3.0,"turns":4.0},{"damage":9.0,"enemies":"Jaw Worm","floor":4.0,"turns":5.0},{"damage":77.0,"enemies":"Lagavulin","floor":6.0,"turns":11.0},{"damage":24.0,"enemies":"Exordium Wildlife","floor":8.0,"turns":6.0},{"damage":9.0,"enemies":"3 Louse","floor":10.0,"turns":6.0},{"damage":12.0,"enemies":"Looter","floor":11.0,"turns":2.0},{"damage":7.0,"enemies":"Blue Slaver","floor":12.0,"turns":4.0},{"damage":52.0,"enemies":"The Guardian","floor":16.0,"turns":14.0},{"damage":11.0,"enemies":"Chosen","floor":18.0,"turns":5.0},{"damage":20.0,"enemies":"Shell Parasite","floor":19.0,"turns":9.0},{"damage":40.0,"enemies":"Sentry and Sphere","floor":21.0,"turns":7.0},{"damage":44.0,"enemies":"Book of Stabbing","floor":23.0,"turns":5.0},{"damage":31.0,"enemies":"Snecko","floor":28.0,"turns":6.0},{"damage":18.0,"enemies":"Snake Plant","floor":29.0,"turns":5.0},{"damage":71,"enemies":"Automaton","floor":33,"turns":8}],"seed_played":"-6884360990294410077","potions_obtained":[{"floor":1.0,"key":"Strength Potion"},{"floor":8.0,"key":"Regen Potion"},{"floor":10.0,"key":"SteroidPotion"},{"floor":12.0,"key":"FearPotion"},{"floor":16.0,"key":"Explosive Potion"},{"floor":18.0,"key":"Poison Potion"},{"floor":21.0,"key":"SteroidPotion"}],"is_trial":false,"path_per_floor":["M","?","M","M","?","E","R","M","T","M","M","M","R","$","R","B",null,"M","M","$","M","$","E","R","T","T","?","M","M","R","?","R","B"],"character_chosen":"IRONCLAD","items_purchased":["Fire Breathing+1","Flash of Steel+1"],"campfire_rested":6,"item_purchase_floors":[20,22],"current_hp_per_floor":[88,88,88,85,85,14,40,22,22,33,27,26,52,52,78,32,88,87,77,77,47,47,13,39,39,39,39,20,14,40,40,66,0],"gold":272,"neow_bonus":"TEN_PERCENT_HP_BONUS","is_prod":false,"is_daily":false,"chose_seed":false,"campfire_upgraded":0,"win_rate":0.0,"timestamp":1562430007,"path_taken":["M","?","M","M","?","E","R","M","T","M","?","M","R","$","R","BOSS","M","M","$","M","?","E","R","?","T","?","M","?","R","?","R","BOSS"],"build_version":"2019-07-05","purchased_purges":2,"victory":false,"max_hp_per_floor":[88,88,88,88,88,88,88,88,88,88,88,88,88,88,88,88,88,88,88,88,88,88,88,88,88,88,88,88,88,88,88,88,88],"card_choices":[{"not_picked":["Combust","Whirlwind"],"picked":"Armaments","floor":1.0},{"not_picked":["Bloodletting","Ghostly Armor"],"picked":"Thunderclap","floor":3.0},{"not_picked":["Searing Blow","Body Slam"],"picked":"Pommel Strike","floor":4.0},{"not_picked":["Shrug It Off","Whirlwind"],"picked":"Feel No Pain+1","floor":6.0},{"not_picked":["Flex","True Grit"],"picked":"Ghostly Armor","floor":8.0},{"not_picked":["Body Slam+1","Corruption+1"],"picked":"Sword Boomerang+1","floor":10.0},{"not_picked":["True Grit","Cleave+1"],"picked":"Seeing Red","floor":11.0},{"not_picked":["Evolve+1","Perfected Strike+1"],"picked":"True Grit","floor":12.0},{"not_picked":["Barricade+1","Demon Form+1"],"picked":"Juggernaut+1","floor":16.0},{"not_picked":["Perfected Strike+1","Clash+1"],"picked":"Dropkick+1","floor":18.0},{"not_picked":["Perfected Strike+1","Burning Pact"],"picked":"Sword Boomerang+1","floor":19.0},{"not_picked":["Wild Strike+1","Warcry"],"picked":"Pommel Strike+1","floor":21.0},{"not_picked":["Perfected Strike+1","Intimidate"],"picked":"Twin Strike+1","floor":23.0},{"not_picked":["Brutality+1","Whirlwind+1"],"picked":"Inflame+1","floor":28.0},{"not_picked":["True Grit+1","Sword Boomerang+1"],"picked":"Headbutt+1","floor":29.0}],"player_experience":69497,"relics_obtained":[{"floor":6.0,"key":"Boot"},{"floor":9.0,"key":"Molten Egg 2"},{"floor":23.0,"key":"Kunai"},{"floor":26.0,"key":"Blood Vial"}],"event_choices":[{"damage_healed":0.0,"max_hp_gain":0.0,"max_hp_loss":0.0,"gold_gain":0.0,"event_name":"Big Fish","player_choice":"Box","floor":2.0,"gold_loss":0.0,"damage_taken":0.0,"relics_obtained":["Frozen Egg 2"],"cards_obtained":["Regret"]},{"damage_healed":0.0,"max_hp_gain":0.0,"max_hp_loss":0.0,"gold_gain":0.0,"cards_transformed":["Regret"],"event_name":"Transmorgrifier","player_choice":"Transformed","floor":5.0,"gold_loss":0.0,"damage_taken":0.0,"cards_obtained":["Pain"]},{"damage_healed":0.0,"max_hp_gain":0.0,"max_hp_loss":0.0,"gold_gain":0.0,"event_name":"The Mausoleum","player_choice":"Opened","floor":27.0,"gold_loss":0.0,"damage_taken":0.0,"relics_obtained":["Lantern"]},{"damage_healed":0.0,"max_hp_gain":0.0,"max_hp_loss":0.0,"gold_gain":0.0,"event_name":"Ghosts","player_choice":"Ignored","floor":31.0,"gold_loss":0.0,"damage_taken":0.0}],"is_beta":false,"boss_relics":[{"not_picked":["Cursed Key","Astrolabe"],"picked":"Black Blood"}],"items_purged_floors":[14,20],"is_endless":false,"potions_floor_spawned":[1,8,10,12,16,18,21],"killed_by":"Automaton","ascension_level":0}