{"gold_per_floor":[109,36,36,47,59,91,91,18,18,18,42,72,84,111,123,231,243,272,297,329,69,69,69,80,80,153,153,73,73,173,183,183,280,280,297,12,12,26,8,35,35,55,55,72,72,89,89,108,108,108],"floor_reached":51,"playtime":4063,"items_purged":["Strike_G","Poisoned Stab"],"score":677,"play_id":"939544f4-aa6c-4d72-a636-28816b47df76","local_time":"20190703025151","is_ascension_mode":false,"campfire_choices":[{"data":"Deflect","floor":7,"key":"SMITH"},{"data":"Noxious Fumes","floor":10,"key":"SMITH"},{"floor":15,"key":"REST"},{"floor":23,"key":"REST"},{"floor":27,"key":"REST"},{"data":"Corpse Explosion","floor":29,"key":"SMITH"},{"floor":32,"key":"REST"},{"floor":41,"key":"REST"},{"data":"Catalyst","floor":45,"key":"SMITH"},{"floor":47,"key":"REST"},{"floor":49,"key":"REST"}],"neow_cost":"NONE","seed_source_timestamp":1744606646990100,"circlet_count":0,"master_deck":["Survivor","Neutralize","Poisoned Stab","Deflect+1","Noxious Fumes+1","Flying Knee","Backflip","Noxious Fumes+1","Caltrops+1","Burst","Bouncing Flask","Poisoned Stab+1","Poisoned Stab+1","Sadistic Nature+1","Leg Sweep","PiercingWail","Corpse Explosion+1","Bouncing Flask","Leg Sweep","After Image+1","Choke","Bullet Time","Distraction","Bullet Time","Dagger Throw","Well Laid Plans+1","Night Terror","Prepared","PiercingWail","PiercingWail","Catalyst+1","Parasite","PiercingWail","Dash+1"],"relics":["Ring of the Snake","Frozen Egg 2","Pen Nib","MawBank","Sozu","Question Card","Thread and Needle","The Courier","Pandora\u0027s Box","Ornamental Fan","Bronze Scales","Ninja Scroll"],"potions_floor_usage":[6,16,16,16,16,33],"damage_taken":[{"damage":0,"enemies":"Small Slimes","floor":1,"turns":3},{"damage":0,"enemies":"Cultist","floor":4,"turns":4},{"damage":4,"enemies":"Jaw Worm","floor":5,"turns":4},{"damage":13,"enemies":"Gremlin Nob","floor":6,"turns":4},{"damage":6,"enemies":"Blue Slaver","floor":12,"turns":4},{"damage":4,"enemies":"Looter","floor":14,"turns":3},{"damage":6,"enemies":"The Guardian","floor":16,"turns":10},{"damage":11,"enemies":"3 Byrds","floor":18,"turns":4},{"damage":10,"enemies":"Shell Parasite","floor":19,"turns":5},{"damage":15,"enemies":"Centurion and Healer","floor":20,"turns":7},{"damage":7,"enemies":"Snake Plant","floor":24,"turns":3},{"damage":9,"enemies":"Colosseum Slavers","floor":30,"turns":4},{"damage":1,"enemies":"Colosseum Nobs","floor":30,"turns":4},{"damage":14,"enemies":"3 Cultists","floor":31,"turns":4},{"damage":20,"enemies":"Automaton","floor":33,"turns":8},{"damage":4,"enemies":"3 Shapes","floor":35,"turns":5},{"damage":8,"enemies":"Orb Walker","floor":38,"turns":5},{"damage":3,"enemies":"Giant Head","floor":40,"turns":9},{"damage":0,"enemies":"Writhing Mass","floor":42,"turns":4},{"damage":0,"enemies":"Sphere and 2 Shapes","floor":44,"turns":5},{"damage":23,"enemies":"Jaw Worm Horde","floor":46,"turns":4},{"damage":16,"enemies":"Spire Growth","floor":48,"turns":6},{"damage":52,"enemies":"Donu and Deca","floor":50,"turns":7}],"seed_played":"6916034874159259823","potions_obtained":[{"floor":3,"key":"FearPotion"},{"floor":3,"key":"EntropicBrew"},{"floor":3,"key":"SmokeBomb"},{"floor":5,"key":"Fire Potion"},{"floor":14,"key":"Dexterity Potion"}],"is_trial":false,"path_per_floor":["M","$","?","M","M","E","R","$","T","R","T","M","?","M","R","B",null,"M","M","M","$","?","R","M","?","T","R","$","R","?","M","R","B",null,"M","$","?","M","$","E","R","M","T","M","R","M","R","M","R","B",null],"character_chosen":"THE_SILENT","items_purchased":["Noxious Fumes","Noxious Fumes+1","Sadistic Nature+1","Corpse Explosion","Ornamental Fan","PiercingWail"],"campfire_rested":7,"item_purchase_floors":[2,8,21,28,36,39],"current_hp_per_floor":[70,70,70,70,66,53,53,53,53,53,53,47,47,43,64,58,70,59,49,34,34,34,55,48,48,48,69,69,69,59,45,66,46,70,66,66,66,58,58,55,70,70,70,70,70,47,68,52,70,18],"gold":108,"neow_bonus":"THREE_CARDS","is_prod":false,"is_daily":false,"chose_seed":false,"campfire_upgraded":4,"win_rate":0.0,"timestamp":1562136711,"path_taken":["M","$","?","M","?","E","R","$","T","R","?","M","?","M","R","BOSS","M","M","M","$","?","R","M","?","T","R","$","R","?","M","R","BOSS","M","$","?","M","?","E","R","M","T","M","R","M","R","M","R","BOSS"],"build_version":"2019-07-01","purchased_purges":2,"victory":true,"max_hp_per_floor":[70,70,70,70,70,70,70,70,70,70,70,70,70,70,70,70,70,70,70,70,70,70,70,70,70,70,70,70,70,70,70,70,70,70,70,70,70,70,70,70,70,70,70,70,70,70,70,70,70,70],"card_choices":[{"not_picked":["Acrobatics","Bane"],"picked":"Poisoned Stab","floor":0},{"not_picked":["All Out Attack","Expertise"],"picked":"Deflect","floor":1},{"not_picked":["Heel Hook","Blade Dance"],"picked":"Flying Knee","floor":4},{"not_picked":["Cloak And Dagger","Underhanded Strike"],"picked":"Poisoned Stab","floor":5},{"not_picked":["Eviscerate","Storm of Steel"],"picked":"Backflip","floor":6},{"not_picked":["Heel Hook","Deadly Poison"],"picked":"Caltrops+1","floor":12},{"not_picked":["Blade Dance","Underhanded Strike","Dagger Spray"],"picked":"SKIP","floor":14},{"not_picked":["Glass Knife","Malaise"],"picked":"Burst","floor":16},{"not_picked":["PiercingWail","Deadly Poison"],"picked":"Bouncing Flask","floor":18},{"not_picked":["Backflip","Quick Slash"],"picked":"Poisoned Stab+1","floor":19},{"not_picked":["Backstab","Masterful Stab"],"picked":"Poisoned Stab+1","floor":20},{"not_picked":["Underhanded Strike+1","Infinite Blades+1"],"picked":"PiercingWail","floor":24},{"not_picked":["Deflect","Cloak And Dagger","PiercingWail"],"picked":"Bouncing Flask","floor":30},{"not_picked":["Expertise+1","Cloak And Dagger","Escape Plan"],"picked":"Leg Sweep","floor":31},{"not_picked":["Unload","Doppelganger","Night Terror"],"picked":"After Image+1","floor":33},{"not_picked":["Quick Slash","Underhanded Strike+1","PiercingWail","Acrobatics+1"],"picked":"SKIP","floor":35},{"not_picked":["Masterful Stab","Glass Knife","Blade Dance","Finisher+1"],"picked":"SKIP","floor":38},{"not_picked":["Escape Plan+1","Underhanded Strike","Endless Agony+1"],"picked":"Catalyst","floor":40},{"not_picked":["Calculated Gamble+1","Outmaneuver","Backstab+1","Dagger Spray"],"picked":"SKIP","floor":42},{"not_picked":["Endless Agony","Predator+1","Skewer+1","Blade Dance+1"],"picked":"SKIP","floor":44},{"not_picked":["Dagger Spray","Slice+1","Sucker Punch+1"],"picked":"PiercingWail","floor":46},{"not_picked":["Bane","Flechettes","Choke+1"],"picked":"Dash+1","floor":48}],"player_experience":125068,"relics_obtained":[{"floor":6,"key":"Frozen Egg 2"},{"floor":9,"key":"Pen Nib"},{"floor":11,"key":"MawBank"},{"floor":26,"key":"Question Card"},{"floor":30,"key":"Thread and Needle"},{"floor":30,"key":"The Courier"},{"floor":40,"key":"Bronze Scales"},{"floor":43,"key":"Ninja Scroll"}],"event_choices":[{"damage_healed":0,"gold_gain":0,"player_choice":"Got Potions","damage_taken":0,"max_hp_gain":0,"max_hp_loss":0,"event_name":"Lab","floor":3,"gold_loss":0},{"damage_healed":0,"gold_gain":0,"player_choice":"Ignored","damage_taken":0,"max_hp_gain":0,"max_hp_loss":0,"event_name":"Liars Game","floor":13,"gold_loss":0},{"damage_healed":0,"gold_gain":0,"player_choice":"Read","damage_taken":0,"max_hp_gain":0,"max_hp_loss":0,"event_name":"The Library","floor":22,"gold_loss":0,"cards_obtained":["Leg Sweep"]},{"damage_healed":0,"gold_gain":0,"player_choice":"Fight","damage_taken":0,"max_hp_gain":0,"max_hp_loss":0,"event_name":"Colosseum","floor":30,"gold_loss":0},{"damage_healed":0,"gold_gain":0,"player_choice":"Fought Nobs","damage_taken":0,"max_hp_gain":0,"max_hp_loss":0,"event_name":"Colosseum","floor":30,"gold_loss":0},{"damage_healed":0,"gold_gain":0,"cards_transformed":["Outmaneuver"],"player_choice":"Transformed","damage_taken":0,"max_hp_gain":0,"max_hp_loss":0,"event_name":"Transmorgrifier","floor":37,"gold_loss":0,"cards_obtained":["PiercingWail"]}],"is_beta":false,"boss_relics":[{"not_picked":["Tiny House","Velvet Choker"],"picked":"Sozu"},{"not_picked":["Coffee Dripper","Runic Pyramid"],"picked":"Pandora\u0027s Box"}],"items_purged_floors":[21,36],"is_endless":false,"potions_floor_spawned":[4,5,14,19,30,30,31,38,42,44],"ascension_level":0}