{"gold_per_floor":[119,39,39,49,67,67,85,85,85,98,118,41,41,41,41,41],"floor_reached":16,"playtime":658,"items_purged":[],"score":184,"play_id":"2307a048-cc26-4151-abc5-00b437ed5aec","local_time":"20190708210343","is_ascension_mode":true,"campfire_choices":[{"data":"Predator","floor":6,"key":"SMITH"},{"data":"Predator","floor":8,"key":"SMITH"},{"floor":13,"key":"REST"},{"data":"Backflip","floor":15,"key":"SMITH"}],"neow_cost":"PERCENT_DAMAGE","seed_source_timestamp":1186937066854400,"circlet_count":0,"master_deck":["AscendersBane","Strike_G","Strike_G","Strike_G","Strike_G","Strike_G","Defend_G","Defend_G","Defend_G","Defend_G","Survivor","Neutralize","PiercingWail","Predator+1","Predator+1","Escape Plan","Backflip+1","Well Laid Plans"],"special_seed":0,"relics":["Ring of the Snake","Ginger","Kunai"],"potions_floor_usage":[7,11],"damage_taken":[{"damage":11.0,"enemies":"Jaw Worm","floor":1.0,"turns":8.0},{"damage":1,"enemies":"Cultist","floor":4,"turns":4},{"damage":0,"enemies":"2 Louse","floor":5,"turns":3},{"damage":6,"enemies":"Blue Slaver","floor":7,"turns":3},{"damage":0,"enemies":"Large Slime","floor":10,"turns":4},{"damage":3,"enemies":"Exordium Wildlife","floor":11,"turns":3},{"damage":46,"enemies":"Hexaghost","floor":16,"turns":11}],"seed_played":"-384963003577736951","potions_obtained":[{"floor":4,"key":"SkillPotion"},{"floor":7,"key":"Fruit Juice"},{"floor":10,"key":"SpeedPotion"},{"floor":11,"key":"GamblersBrew"}],"is_trial":false,"path_per_floor":["M","$","?","M","M","R","M","R","T","M","M","$","R","?","R","B"],"character_chosen":"THE_SILENT","items_purchased":["Predator","Well Laid Plans"],"campfire_rested":1,"item_purchase_floors":[2,12],"current_hp_per_floor":[33,33,33,32,32,32,31,31,31,31,28,28,49,42,42,0],"gold":41,"neow_bonus":"ONE_RARE_RELIC","is_prod":false,"is_daily":false,"chose_seed":false,"campfire_upgraded":3,"win_rate":0,"timestamp":1562591023,"path_taken":["M","$","?","?","M","R","M","R","T","M","M","$","R","?","R","BOSS"],"build_version":"2019-07-05","purchased_purges":0,"victory":false,"max_hp_per_floor":[66,66,66,66,66,66,71,71,71,71,71,71,71,71,71,71],"card_choices":[{"not_picked":["Blade Dance","Acrobatics"],"picked":"PiercingWail","floor":1.0},{"not_picked":["Dagger Throw","Slice","Riddle With Holes"],"picked":"SKIP","floor":4},{"not_picked":["Quick Slash","Distraction","Cloak And Dagger"],"picked":"SKIP","floor":5},{"not_picked":["Cloak And Dagger","Deflect"],"picked":"Predator","floor":7},{"not_picked":["Skewer","Flying Knee"],"picked":"Escape Plan","floor":10},{"not_picked":["Catalyst","PiercingWail"],"picked":"Backflip","floor":11}],"player_experience":757428,"relics_obtained":[{"floor":9,"key":"Kunai"}],"event_choices":[{"damage_healed":0,"gold_gain":0,"player_choice":"Leave","damage_taken":0,"max_hp_gain":0,"max_hp_loss":0,"event_name":"FaceTrader","floor":3,"gold_loss":0},{"cards_removed":["Defend_G"],"damage_healed":0,"gold_gain":0,"player_choice":"Card Removal","damage_taken":7,"max_hp_gain":0,"max_hp_loss":0,"event_name":"Golden Wing","floor":14,"gold_loss":0}],"is_beta":false,"boss_relics":[],"items_purged_floors":[],"is_endless":false,"potions_floor_spawned":[4,7,10,11],"killed_by":"Hexaghost","ascension_level":20}