{"gold_per_floor":[119,29,29,41,116,145,145,164,164,178,205,255,271,301,301,301],"floor_reached":16,"playtime":766,"items_purged":[],"score":290,"play_id":"9d0f49d7-4614-48fc-9176-4e0abd132646","local_time":"20190709200155","is_ascension_mode":true,"campfire_choices":[{"data":"Armaments","floor":15,"key":"SMITH"}],"neow_cost":"NONE","seed_source_timestamp":394405383791056,"circlet_count":0,"master_deck":["AscendersBane","Strike_R","Strike_R","Strike_R","Strike_R","Defend_R","Defend_R","Defend_R","Defend_R","Bash","Headbutt","Flash of Steel","Armaments+1","Immolate","Dual Wield","Corruption"],"relics":["Burning Blood","NeowsBlessing","Dream Catcher","Kunai","Blood Vial","Bronze Scales"],"potions_floor_usage":[11,16],"damage_taken":[{"damage":0,"enemies":"Small Slimes","floor":1,"turns":1},{"damage":0,"enemies":"Jaw Worm","floor":4,"turns":1},{"damage":0,"enemies":"Lagavulin","floor":6,"turns":1},{"damage":1,"enemies":"Cultist","floor":8,"turns":3},{"damage":0,"enemies":"Large Slime","floor":10,"turns":3},{"damage":5,"enemies":"3 Sentries","floor":11,"turns":3},{"damage":13,"enemies":"Lots of Slimes","floor":13,"turns":2},{"damage":35,"enemies":"Lagavulin","floor":14,"turns":5},{"damage":63,"enemies":"Hexaghost","floor":16,"turns":7}],"seed_played":"-101473860677802810","potions_obtained":[{"floor":1,"key":"Ancient Potion"},{"floor":8,"key":"Fire Potion"},{"floor":13,"key":"BloodPotion"}],"is_trial":false,"path_per_floor":["M","$","?","M","?","E","?","M","T","M","E","?","M","E","R","B"],"character_chosen":"IRONCLAD","items_purchased":["Flash of Steel"],"campfire_rested":0,"item_purchase_floors":[2],"current_hp_per_floor":[74,74,67,73,62,68,68,73,73,75,75,75,68,41,41,0],"gold":301,"neow_bonus":"THREE_ENEMY_KILL","is_prod":false,"is_daily":false,"chose_seed":false,"campfire_upgraded":1,"win_rate":0,"timestamp":1562716915,"path_taken":["M","$","?","M","?","E","?","M","T","?","E","?","M","E","R","BOSS"],"build_version":"2019-07-03","purchased_purges":0,"victory":false,"max_hp_per_floor":[75,75,75,75,75,75,75,75,75,75,75,75,75,75,75,75],"card_choices":[{"not_picked":["Searing Blow","Flex"],"picked":"Headbutt","floor":1},{"not_picked":["Anger","Wild Strike"],"picked":"Armaments","floor":4},{"not_picked":["Clash","Sever Soul","Thunderclap"],"picked":"SKIP","floor":6},{"not_picked":["Uppercut","Iron Wave"],"picked":"Immolate","floor":8},{"not_picked":["Cleave","Armaments","Clash"],"picked":"SKIP","floor":10},{"not_picked":["Evolve","Anger"],"picked":"Dual Wield","floor":11},{"not_picked":["Clothesline","Spot Weakness"],"picked":"Corruption","floor":13},{"not_picked":["Armaments","Brutality","Clash"],"picked":"SKIP","floor":14},{"not_picked":["Armaments","Brutality","Clash"],"picked":"SKIP","floor":14}],"player_experience":734911,"relics_obtained":[{"floor":6,"key":"Dream Catcher"},{"floor":9,"key":"Kunai"},{"floor":11,"key":"Blood Vial"},{"floor":14,"key":"Bronze Scales"}],"event_choices":[{"cards_removed":["Strike_R"],"damage_healed":0,"gold_gain":0,"player_choice":"Card Removal","damage_taken":7,"max_hp_gain":0,"max_hp_loss":0,"event_name":"Golden Wing","floor":3,"gold_loss":0},{"damage_healed":0,"gold_gain":75,"player_choice":"Gather Gold","damage_taken":11,"max_hp_gain":0,"max_hp_loss":0,"event_name":"World of Goop","floor":5,"gold_loss":0},{"damage_healed":0,"gold_gain":0,"player_choice":"Ignored","damage_taken":0,"max_hp_gain":0,"max_hp_loss":0,"event_name":"Liars Game","floor":7,"gold_loss":0},{"damage_healed":0,"gold_gain":50,"player_choice":"Pray","damage_taken":0,"max_hp_gain":0,"max_hp_loss":0,"event_name":"Golden Shrine","floor":12,"gold_loss":0}],"is_beta":true,"boss_relics":[],"items_purged_floors":[],"is_endless":false,"potions_floor_spawned":[1,8,13],"killed_by":"Hexaghost","ascension_level":20}