{"gold_per_floor":[114,114,214,230,250,250,282,282,282,282,307,321,337,337,337,337],"floor_reached":16,"playtime":1454,"items_purged":[],"score":135,"play_id":"f82a9cfe-5218-4c68-b1e5-63de73e99c2a","local_time":"20190705171933","is_ascension_mode":false,"campfire_choices":[{"floor":6.0,"key":"RECALL"},{"floor":8,"key":"REST"},{"floor":10,"key":"REST"},{"floor":15,"key":"REST"}],"neow_cost":"NONE","seed_source_timestamp":416101840880627,"circlet_count":0,"master_deck":["Strike_R","Strike_R","Strike_R","Strike_R","Strike_R","Defend_R","Defend_R","Defend_R","Defend_R","Bash","Armaments","Pommel Strike","Sword Boomerang","Thunderclap","Twin Strike","Anger","Anger","Headbutt"],"special_seed":0,"relics":["Burning Blood","Champion Belt","Strawberry","Centennial Puzzle"],"potions_floor_usage":[11,11,16],"damage_taken":[{"damage":13.0,"enemies":"Jaw Worm","floor":1.0,"turns":5.0},{"damage":2.0,"enemies":"2 Louse","floor":4.0,"turns":3.0},{"damage":0.0,"enemies":"Cultist","floor":5.0,"turns":4.0},{"damage":65,"enemies":"3 Sentries","floor":7,"turns":15},{"damage":0,"enemies":"Gremlin Nob","floor":11,"turns":3},{"damage":18,"enemies":"Exordium Thugs","floor":12,"turns":5},{"damage":7,"enemies":"2 Fungi Beasts","floor":13,"turns":3},{"damage":91,"enemies":"The Guardian","floor":16,"turns":12}],"seed_played":"7299288733400019272","potions_obtained":[{"floor":5.0,"key":"Block Potion"},{"floor":7,"key":"Fire Potion"},{"floor":11,"key":"SpeedPotion"}],"is_trial":false,"path_per_floor":["M","?","?","M","M","R","E","R","T","R","E","M","M","T","R","B"],"character_chosen":"IRONCLAD","items_purchased":[],"campfire_rested":3,"item_purchase_floors":[],"current_hp_per_floor":[73,73,73,77,80,80,21,45,45,69,82,70,69,69,87,0],"gold":337,"neow_bonus":"ONE_RANDOM_RARE_CARD","is_prod":false,"is_daily":false,"chose_seed":false,"campfire_upgraded":0,"win_rate":0.0,"timestamp":1562357973,"path_taken":["M","?","?","M","M","R","E","R","T","R","E","M","?","?","R","BOSS"],"build_version":"2019-07-01","purchased_purges":0,"victory":false,"max_hp_per_floor":[80,80,80,80,80,80,80,80,80,80,87,87,87,87,87,87],"card_choices":[{"not_picked":["Sword Boomerang","Sever Soul"],"picked":"Armaments","floor":1.0},{"not_picked":["Intimidate","Perfected Strike"],"picked":"Sword Boomerang","floor":4.0},{"not_picked":["Sword Boomerang","Flex"],"picked":"Thunderclap","floor":5.0},{"not_picked":["Dropkick","Sword Boomerang"],"picked":"Twin Strike","floor":7},{"not_picked":["Carnage","Clothesline"],"picked":"Anger","floor":11},{"not_picked":["Disarm","Armaments"],"picked":"Anger","floor":12},{"not_picked":["Rampage","Twin Strike"],"picked":"Headbutt","floor":13}],"player_experience":61256,"relics_obtained":[{"floor":7,"key":"Champion Belt"},{"floor":11,"key":"Strawberry"},{"floor":14,"key":"Centennial Puzzle"}],"event_choices":[{"damage_healed":0.0,"max_hp_gain":0.0,"max_hp_loss":0.0,"gold_gain":0.0,"cards_transformed":["Berserk"],"event_name":"Living Wall","player_choice":"Change","floor":2.0,"gold_loss":0.0,"damage_taken":0.0,"cards_obtained":["Pommel Strike"]},{"damage_healed":0.0,"max_hp_gain":0.0,"max_hp_loss":0.0,"gold_gain":100.0,"event_name":"Wheel of Change","player_choice":"Gold","floor":3.0,"gold_loss":0.0,"damage_taken":0.0}],"is_beta":false,"boss_relics":[],"items_purged_floors":[],"is_endless":false,"potions_floor_spawned":[5,7,11],"killed_by":"The Guardian","ascension_level":0}