{"gold_per_floor":[216,18,18,36,211,211,237,237,263,263,46,63,63,138,138,238,238,256,266,25,38,49,49,49,49,121,134,134,150,65,65,65,167,167,186,186,23,41,55,33,49,49,73,83,83,102,102,134,134,134],"floor_reached":50,"playtime":1840,"items_purged":["Doubt","Strike_R","Sever Soul"],"score":520,"play_id":"5a4e9f4e-9b2b-4ce9-9e4c-b51fc6af4790","local_time":"20181222212258","is_ascension_mode":false,"campfire_choices":[{"data":"Body Slam","floor":6,"key":"SMITH"},{"data":"Whirlwind","floor":10,"key":"SMITH"},{"data":"Body Slam","floor":13,"key":"SMITH"},{"data":"Shrug It Off","floor":15,"key":"SMITH"},{"data":"Entrench","floor":23,"key":"SMITH"},{"data":"Body Slam","floor":25,"key":"SMITH"},{"data":"Seeing Red","floor":32,"key":"SMITH"},{"data":"Flex","floor":45,"key":"SMITH"},{"floor":47,"key":"REST"},{"floor":49,"key":"REST"}],"neow_cost":"NONE","seed_source_timestamp":171764444124070,"circlet_count":0,"master_deck":["Strike_R+1","Strike_R+1","Defend_R","Defend_R","Defend_R","Bash","Whirlwind+1","Body Slam+1","Flex","Body Slam+1","Shrug It Off","Metallicize","Shrug It Off+1","Impervious","Inflame","Entrench+1","Whirlwind","Clash+1","Ghostly Armor+1","Body Slam+1","Inflame","Necronomicurse","True Grit+1","Seeing Red+1","Demon Form","Flex+1","Metallicize","Metallicize+1","Parasite","Flex+1","Body Slam+1","Sentinel+1"],"relics":["Black Blood","Happy Flower","Unceasing Top","Incense Burner","Whetstone","Singing Bowl","Necronomicon","Strawberry","Eternal Feather","Ancient Tea Set","Ornamental Fan"],"potions_floor_usage":[7,7,21,27,33,33,39,44,46],"damage_taken":[{"damage":5,"enemies":"Cultist","floor":1,"turns":4},{"damage":0,"enemies":"2 Louse","floor":4,"turns":3},{"damage":27,"enemies":"Gremlin Nob","floor":7,"turns":4},{"damage":0,"enemies":"Small Slimes","floor":12,"turns":2},{"damage":27,"enemies":"Slime Boss","floor":16,"turns":11},{"damage":27,"enemies":"Spheric Guardian","floor":18,"turns":5},{"damage":3,"enemies":"2 Thieves","floor":19,"turns":4},{"damage":19,"enemies":"Chosen and Byrds","floor":21,"turns":7},{"damage":6,"enemies":"Snecko","floor":22,"turns":6},{"damage":5,"enemies":"3 Cultists","floor":27,"turns":4},{"damage":3,"enemies":"Snake Plant","floor":29,"turns":4},{"damage":66,"enemies":"Automaton","floor":33,"turns":7},{"damage":36,"enemies":"3 Shapes","floor":35,"turns":3},{"damage":11,"enemies":"Orb Walker","floor":38,"turns":3},{"damage":7,"enemies":"Writhing Mass","floor":39,"turns":5},{"damage":28,"enemies":"Transient","floor":41,"turns":5},{"damage":33,"enemies":"Spire Growth","floor":44,"turns":6},{"damage":46,"enemies":"4 Shapes","floor":46,"turns":6},{"damage":51,"enemies":"Nemesis","floor":48,"turns":11},{"damage":71,"enemies":"Time Eater","floor":50,"turns":8}],"seed_played":"298988837261440099","potions_obtained":[{"floor":1,"key":"LiquidBronze"},{"floor":4,"key":"Poison Potion"},{"floor":16,"key":"SkillPotion"},{"floor":18,"key":"BloodPotion"},{"floor":22,"key":"PowerPotion"},{"floor":29,"key":"Energy Potion"},{"floor":38,"key":"Energy Potion"},{"floor":39,"key":"BloodPotion"},{"floor":41,"key":"Poison Potion"}],"is_trial":false,"path_per_floor":["M","$","?","M","?","R","E","?","T","R","$","M","R","?","R","B",null,"M","M","$","M","M","R","?","R","T","M","?","M","?","?","R","B",null,"M","?","$","M","M","$","M","?","T","M","R","M","R","E","R","B"],"character_chosen":"IRONCLAD","items_purchased":["Happy Flower","Body Slam","Body Slam","Shrug It Off","Metallicize","Entrench","Whirlwind","Metallicize","Flex"],"campfire_rested":2,"item_purchase_floors":[2,2,11,11,11,20,20,37,40],"current_hp_per_floor":[80,80,80,80,80,80,59,52,52,52,52,58,58,47,47,26,80,63,70,70,61,65,65,65,65,65,70,54,61,68,68,68,20,87,61,61,61,60,65,65,49,49,49,26,44,16,59,20,64,0],"gold":134,"neow_bonus":"HUNDRED_GOLD","is_prod":false,"is_daily":false,"chose_seed":false,"campfire_upgraded":8,"win_rate":0.0,"timestamp":1545531778,"path_taken":["M","$","?","M","?","R","E","?","T","R","$","M","R","?","R","BOSS","M","M","$","M","M","R","?","R","T","M","?","M","?","?","R","BOSS","M","?","$","?","M","$","M","?","T","M","R","M","R","E","R","BOSS"],"build_version":"2018-12-20","purchased_purges":3,"victory":false,"max_hp_per_floor":[80,80,80,80,80,80,80,80,80,80,80,80,80,80,80,80,80,80,80,80,80,80,80,80,80,80,80,80,80,87,87,87,87,87,87,87,87,87,89,89,91,86,86,86,86,86,86,88,88,88],"card_choices":[{"not_picked":["Sword Boomerang","Clash"],"picked":"Whirlwind","floor":1},{"not_picked":["Twin Strike","Power Through","Rupture"],"picked":"SKIP","floor":4},{"not_picked":["Body Slam","Carnage"],"picked":"Flex","floor":7},{"not_picked":["Rage","Dropkick"],"picked":"Shrug It Off","floor":12},{"not_picked":["Exhume","Bludgeon"],"picked":"Impervious","floor":16},{"not_picked":["Havoc","Searing Blow+1","Feel No Pain"],"picked":"SKIP","floor":18},{"not_picked":["Second Wind+1","Corruption+1"],"picked":"Inflame","floor":19},{"not_picked":["Sword Boomerang","Armaments"],"picked":"Clash+1","floor":21},{"not_picked":["Wild Strike","Spot Weakness"],"picked":"Ghostly Armor+1","floor":22},{"not_picked":["True Grit","Shockwave+1"],"picked":"Inflame","floor":27},{"not_picked":["Sentinel","Perfected Strike"],"picked":"True Grit+1","floor":29},{"not_picked":["Double Tap","Offering"],"picked":"Demon Form","floor":33},{"not_picked":["Body Slam+1","Warcry+1"],"picked":"Flex+1","floor":35},{"not_picked":["Pommel Strike","Perfected Strike+1"],"picked":"Metallicize+1","floor":38},{"not_picked":["Perfected Strike+1","Pommel Strike","Heavy Blade"],"picked":"Singing Bowl","floor":39},{"not_picked":["Battle Trance+1","Exhume","Burning Pact"],"picked":"Singing Bowl","floor":41},{"not_picked":["Infernal Blade","Rage"],"picked":"Body Slam+1","floor":44},{"not_picked":["Rage+1","Whirlwind+1"],"picked":"Sentinel+1","floor":46},{"not_picked":["Shrug It Off","Perfected Strike+1","Body Slam"],"picked":"Singing Bowl","floor":48}],"player_experience":54189,"relics_obtained":[{"floor":7,"key":"Unceasing Top"},{"floor":9,"key":"Whetstone"},{"floor":26,"key":"Singing Bowl"},{"floor":28,"key":"Necronomicon"},{"floor":43,"key":"Ancient Tea Set"},{"floor":48,"key":"Ornamental Fan"}],"event_choices":[{"damage_healed":0,"gold_gain":0,"player_choice":"Leave","damage_taken":0,"max_hp_gain":0,"max_hp_loss":0,"event_name":"The Cleric","floor":3,"gold_loss":0},{"damage_healed":0,"gold_gain":175,"player_choice":"AGREE","damage_taken":0,"max_hp_gain":0,"max_hp_loss":0,"event_name":"Liars Game","floor":5,"gold_loss":0,"cards_obtained":["Doubt"]},{"damage_healed":0,"gold_gain":0,"player_choice":"Success","damage_taken":7,"relics_obtained":["Incense Burner"],"max_hp_gain":0,"max_hp_loss":0,"event_name":"Scrap Ooze","floor":8,"gold_loss":0},{"damage_healed":0,"gold_gain":75,"player_choice":"Gather Gold","damage_taken":11,"max_hp_gain":0,"max_hp_loss":0,"event_name":"World of Goop","floor":14,"gold_loss":0},{"damage_healed":0,"gold_gain":0,"cards_transformed":["Strike_R","Strike_R"],"player_choice":"Became Test Subject","damage_taken":0,"max_hp_gain":0,"max_hp_loss":0,"event_name":"Drug Dealer","floor":24,"gold_loss":0,"cards_obtained":["Sever Soul","Body Slam"]},{"damage_healed":0,"gold_gain":0,"player_choice":"Obtained Book","damage_taken":16,"max_hp_gain":0,"max_hp_loss":0,"event_name":"Cursed Tome","floor":28,"gold_loss":0},{"damage_healed":0,"gold_gain":0,"player_choice":"Obtained Relic","damage_taken":0,"relics_obtained":["Strawberry"],"max_hp_gain":0,"max_hp_loss":0,"event_name":"Addict","floor":30,"gold_loss":85},{"damage_healed":0,"gold_gain":0,"player_choice":"Read","damage_taken":0,"max_hp_gain":0,"max_hp_loss":0,"event_name":"The Library","floor":31,"gold_loss":0,"cards_obtained":["Seeing Red"]},{"cards_removed":["Defend_R"],"damage_healed":0,"gold_gain":0,"player_choice":"Purged","damage_taken":0,"max_hp_gain":0,"max_hp_loss":0,"event_name":"Purifier","floor":36,"gold_loss":0},{"damage_healed":0,"gold_gain":0,"player_choice":"Max HP","damage_taken":0,"max_hp_gain":0,"max_hp_loss":5,"event_name":"Winding Halls","floor":42,"gold_loss":0}],"is_beta":false,"boss_relics":[{"not_picked":["Calling Bell","Snecko Eye"],"picked":"Black Blood"},{"not_picked":["Runic Pyramid","Runic Cube"],"picked":"Eternal Feather"}],"items_purged_floors":[11,20,37],"is_endless":false,"potions_floor_spawned":[1,4,16,18,22,29,38,39,41],"killed_by":"Time Eater","ascension_level":0}