{"gold_per_floor":[144,219,219,264,20,20,110,110,110,200,290,335,35,35,35,335,485,530,530,533,68,68,158,248,260,272,284,341,443,455,512,524,836,848,905,917,929,399,621,711,801,801,801,1101,1191,375,375,465,465,465],"floor_reached":51,"playtime":6703,"items_purged":[],"score":979,"play_id":"2ecbc029-c448-4b56-9e74-10394d6b5550","local_time":"20190630113015","daily_mods":["SealedDeck","Flight","Midas"],"is_ascension_mode":false,"campfire_choices":[{"floor":6,"key":"REST"},{"floor":15,"key":"REST"},{"floor":25,"key":"REST"},{"floor":27,"key":"REST"},{"floor":32,"key":"REST"},{"floor":42,"key":"REST"},{"floor":49,"key":"REST"}],"neow_cost":"","seed_source_timestamp":0,"circlet_count":0,"master_deck":["Feel No Pain","Sword Boomerang+1","Headbutt+1","Shrug It Off","Rampage","Anger","Clash","Iron Wave","Iron Wave","Rage+1","Reckless Charge+1","Panacea","Second Wind+1","Pommel Strike+1","Armaments+1","Inflame","Double Tap+1","Headbutt","Warcry+1","Pummel","Juggernaut","Purity+1","Rage+1","Thinking Ahead+1","Flex+1","Cleave+1","Battle Trance+1","Warcry+1","Dark Embrace","Barricade","Flex+1","Intimidate+1","Secret Weapon+1","Deep Breath+1","Pummel","True Grit+1","Dual Wield+1","Pummel+1","True Grit+1","Pummel","Inflame","Apotheosis+1","Finesse+1","Inflame+1"],"special_seed":18077,"relics":["Burning Blood","Whetstone","Toxic Egg 2","Ornamental Fan","Vajra","Mercury Hourglass","Charon\u0027s Ashes","Tiny House","Red Mask","Orichalcum","MawBank","Sundial","Ice Cream","Mark of Pain","Potion Belt","Anchor","Meat on the Bone","Bird Faced Urn","PreservedInsect","ClockworkSouvenir","Red Skull","Omamori","Centennial Puzzle"],"potions_floor_usage":[20,23,28,33,33,48],"damage_taken":[{"damage":0,"enemies":"Small Slimes","floor":1,"turns":2},{"damage":0,"enemies":"Jaw Worm","floor":4,"turns":2},{"damage":0,"enemies":"Lagavulin","floor":7,"turns":7},{"damage":0,"enemies":"Gremlin Nob","floor":10,"turns":4},{"damage":7,"enemies":"3 Sentries","floor":11,"turns":5},{"damage":0,"enemies":"Cultist","floor":12,"turns":2},{"damage":10,"enemies":"The Guardian","floor":16,"turns":7},{"damage":0,"enemies":"Chosen","floor":18,"turns":3},{"damage":0,"enemies":"Masked Bandits","floor":20,"turns":2},{"damage":24,"enemies":"Slavers","floor":23,"turns":3},{"damage":28,"enemies":"Book of Stabbing","floor":24,"turns":5},{"damage":4,"enemies":"Shell Parasite","floor":28,"turns":4},{"damage":6,"enemies":"Gremlin Leader","floor":29,"turns":3},{"damage":5,"enemies":"Cultist and Chosen","floor":31,"turns":5},{"damage":46,"enemies":"Automaton","floor":33,"turns":8},{"damage":19,"enemies":"3 Darklings","floor":35,"turns":3},{"damage":9,"enemies":"Reptomancer","floor":40,"turns":3},{"damage":10,"enemies":"Nemesis","floor":41,"turns":7},{"damage":0,"enemies":"Mind Bloom Boss Battle","floor":44,"turns":6},{"damage":8,"enemies":"Reptomancer","floor":45,"turns":3},{"damage":25,"enemies":"Nemesis","floor":48,"turns":3},{"damage":17,"enemies":"Donu and Deca","floor":50,"turns":5}],"seed_played":"-5545824718059121764","potions_obtained":[{"floor":7,"key":"AttackPotion"},{"floor":8,"key":"LiquidBronze"},{"floor":8,"key":"Dexterity Potion"},{"floor":12,"key":"PowerPotion"},{"floor":20,"key":"AttackPotion"},{"floor":24,"key":"Fire Potion"},{"floor":28,"key":"Fruit Juice"},{"floor":29,"key":"Regen Potion"},{"floor":41,"key":"Poison Potion"},{"floor":45,"key":"Poison Potion"},{"floor":48,"key":"FearPotion"}],"is_trial":false,"path_per_floor":["M","?","?","M","$","R","E","?","T","E","E","M","$","?","R","B",null,"M","?","?","$","?","E","E","R","T","R","M","E","?","M","R","B",null,"M","?","?","$","?","E","E","R","T","?","E","$","?","E","R","B",null],"character_chosen":"IRONCLAD","items_purchased":["Whetstone","Panacea","Charon\u0027s Ashes","Juggernaut","Purity+1","Rage+1","Thinking Ahead+1","Intimidate+1","Secret Weapon+1","Deep Breath+1","Pummel","EssenceOfSteel","PowerPotion","ClockworkSouvenir","Pummel","Inflame","Apotheosis+1","Red Skull","Omamori"],"campfire_rested":7,"item_purchase_floors":[5,5,13,21,21,21,21,38,38,38,38,38,38,46,46,46,46,46,46],"current_hp_per_floor":[80,69,74,80,80,85,85,85,85,85,84,85,85,68,85,81,90,90,72,78,78,78,60,38,66,66,94,100,100,100,100,100,60,100,87,87,87,87,87,84,80,100,100,100,100,100,100,83,100,95],"gold":465,"neow_bonus":"","is_prod":false,"is_daily":true,"chose_seed":false,"campfire_upgraded":0,"win_rate":0,"timestamp":1561908615,"path_taken":["M","?","?","M","$","R","E","?","T","E","E","?","?","?","R","BOSS","M","?","?","?","?","E","E","R","T","R","?","E","?","M","R","BOSS","M","?","?","$","?","E","E","R","T","?","E","$","?","E","R","BOSS"],"build_version":"2019-01-23","purchased_purges":0,"victory":true,"max_hp_per_floor":[80,80,85,85,85,85,85,85,85,85,85,85,85,85,85,85,90,90,95,95,95,95,95,95,95,95,95,100,100,100,100,100,100,100,100,100,100,100,100,100,100,100,100,100,100,100,100,100,100,100],"card_choices":[{"not_picked":["Hemokinesis","Pommel Strike"],"picked":"Reckless Charge","floor":1},{"not_picked":["Clothesline","Whirlwind"],"picked":"Armaments","floor":4},{"not_picked":["Anger","Clash"],"picked":"Second Wind","floor":7},{"not_picked":["Anger","Rampage"],"picked":"Pommel Strike","floor":10},{"not_picked":["Searing Blow","Entrench+1"],"picked":"Armaments+1","floor":11},{"not_picked":["Havoc+1","True Grit+1"],"picked":"Inflame","floor":12},{"not_picked":["Brutality","Immolate"],"picked":"Double Tap+1","floor":16},{"not_picked":["Uppercut","Clash"],"picked":"Headbutt","floor":17},{"not_picked":["Entrench+1","Heavy Blade+1"],"picked":"Warcry+1","floor":18},{"not_picked":["Armaments+1","Dropkick"],"picked":"Pummel","floor":20},{"not_picked":["Wild Strike+1","Rupture+1"],"picked":"Flex+1","floor":23},{"not_picked":["Blood for Blood+1","Thunderclap"],"picked":"Cleave+1","floor":24},{"not_picked":["Searing Blow","Sever Soul"],"picked":"Battle Trance+1","floor":28},{"not_picked":["Shrug It Off+1","Heavy Blade"],"picked":"Warcry+1","floor":29},{"not_picked":["Second Wind+1","Cleave+1"],"picked":"Dark Embrace","floor":31},{"not_picked":["Impervious+1","Double Tap+1"],"picked":"Barricade","floor":33},{"not_picked":["Wild Strike+1","Clash+1"],"picked":"Flex+1","floor":35},{"not_picked":["Wild Strike","Shrug It Off+1"],"picked":"True Grit+1","floor":40},{"not_picked":["Pummel+1","Sever Soul+1"],"picked":"Dual Wield+1","floor":41},{"not_picked":["Clothesline+1","Iron Wave+1"],"picked":"Pummel+1","floor":44},{"not_picked":["Immolate","Heavy Blade"],"picked":"True Grit+1","floor":45},{"not_picked":["Metamorphosis+1","Dramatic Entrance"],"picked":"Finesse+1","floor":47},{"not_picked":["Immolate","Pummel"],"picked":"Inflame+1","floor":48}],"player_experience":44470,"relics_obtained":[{"floor":7,"key":"Toxic Egg 2"},{"floor":9,"key":"Ornamental Fan"},{"floor":10,"key":"Vajra"},{"floor":11,"key":"Mercury Hourglass"},{"floor":20,"key":"Red Mask"},{"floor":23,"key":"Orichalcum"},{"floor":24,"key":"MawBank"},{"floor":26,"key":"Sundial"},{"floor":29,"key":"Ice Cream"},{"floor":40,"key":"Potion Belt"},{"floor":41,"key":"Anchor"},{"floor":43,"key":"Meat on the Bone"},{"floor":44,"key":"Bird Faced Urn"},{"floor":45,"key":"PreservedInsect"},{"floor":48,"key":"Centennial Puzzle"}],"event_choices":[{"damage_healed":0,"gold_gain":75,"player_choice":"Gather Gold","damage_taken":11,"max_hp_gain":0,"max_hp_loss":0,"event_name":"World of Goop","floor":2,"gold_loss":0},{"damage_healed":0,"gold_gain":0,"player_choice":"Donut","damage_taken":0,"max_hp_gain":5,"max_hp_loss":0,"event_name":"Big Fish","floor":3,"gold_loss":0},{"damage_healed":0,"gold_gain":0,"player_choice":"Got Potions","damage_taken":0,"max_hp_gain":0,"max_hp_loss":0,"event_name":"Lab","floor":8,"gold_loss":0},{"damage_healed":0,"gold_gain":0,"player_choice":"Entered Light","damage_taken":17,"max_hp_gain":0,"max_hp_loss":0,"event_name":"Shining Light","floor":14,"gold_loss":0,"cards_upgraded":["Pommel Strike","Reckless Charge"]},{"damage_healed":0,"gold_gain":0,"player_choice":"Shed Blood","damage_taken":23,"max_hp_gain":5,"max_hp_loss":0,"event_name":"Forgotten Altar","floor":19,"gold_loss":0},{"damage_healed":0,"gold_gain":0,"player_choice":"Fought Bandits","damage_taken":0,"max_hp_gain":0,"max_hp_loss":0,"event_name":"Masked Bandits","floor":20,"gold_loss":0},{"damage_healed":0,"gold_gain":0,"player_choice":"Ignored","damage_taken":0,"max_hp_gain":0,"max_hp_loss":0,"event_name":"Ghosts","floor":22,"gold_loss":0},{"damage_healed":0,"gold_gain":0,"player_choice":"Ignored","damage_taken":0,"max_hp_gain":0,"max_hp_loss":0,"event_name":"Vampires","floor":30,"gold_loss":0},{"damage_healed":0,"gold_gain":0,"player_choice":"Ignored","damage_taken":0,"max_hp_gain":0,"max_hp_loss":0,"event_name":"Mysterious Sphere","floor":36,"gold_loss":0},{"cards_removed":["Armaments"],"damage_healed":0,"gold_gain":0,"player_choice":"Removed Skill","damage_taken":0,"max_hp_gain":0,"max_hp_loss":0,"event_name":"Falling","floor":37,"gold_loss":0},{"damage_healed":0,"gold_gain":222,"player_choice":"Wore Mask","damage_taken":0,"max_hp_gain":0,"max_hp_loss":0,"event_name":"Tomb of Lord Red Mask","floor":39,"gold_loss":0},{"damage_healed":0,"gold_gain":0,"player_choice":"Fight","damage_taken":0,"max_hp_gain":0,"max_hp_loss":0,"event_name":"MindBloom","floor":44,"gold_loss":0},{"damage_healed":0,"gold_gain":0,"player_choice":"Memory 1","damage_taken":0,"max_hp_gain":0,"max_hp_loss":0,"event_name":"SensoryStone","floor":47,"gold_loss":0}],"is_beta":false,"boss_relics":[{"not_picked":["Astrolabe","Sozu"],"picked":"Tiny House"},{"not_picked":["Velvet Choker","Calling Bell"],"picked":"Mark of Pain"}],"items_purged_floors":[],"is_endless":false,"potions_floor_spawned":[7,12,16,20,24,28,29,31,41,45,48],"ascension_level":0}