{"gold_per_floor":[109,109,109,109,123,123,141,154,154,154,154,154],"floor_reached":12,"playtime":365,"items_purged":[],"score":78,"play_id":"be06520f-73a0-4f5e-a4fd-ba2b81404381","local_time":"20190708171639","is_ascension_mode":true,"campfire_choices":[{"data":"Brutality","floor":6,"key":"SMITH"},{"data":"Flex","floor":11,"key":"SMITH"}],"neow_cost":"NONE","seed_source_timestamp":860619168001000,"circlet_count":0,"master_deck":["Strike_R","Strike_R","Strike_R","Strike_R","Strike_R","Defend_R","Defend_R","Defend_R","Defend_R","Bash","Brutality+1","Shrug It Off","Rupture","Flex+1"],"relics":["Burning Blood","Self Forming Clay","Golden Idol","Gremlin Horn","Dead Branch"],"potions_floor_usage":[12],"damage_taken":[{"damage":21,"enemies":"Jaw Worm","floor":1,"turns":4},{"damage":3,"enemies":"2 Louse","floor":5,"turns":5},{"damage":8,"enemies":"Cultist","floor":7,"turns":5},{"damage":26,"enemies":"Lots of Slimes","floor":8,"turns":7},{"damage":30,"enemies":"Gremlin Nob","floor":12,"turns":4}],"seed_played":"-489819934745575427","potions_obtained":[{"floor":7,"key":"Regen Potion"}],"is_trial":false,"path_per_floor":["M","?","?","?","M","R","M","M","T","T","R","E"],"character_chosen":"IRONCLAD","items_purchased":[],"campfire_rested":0,"item_purchase_floors":[],"current_hp_per_floor":[65,53,53,53,56,56,54,34,34,34,34,13],"gold":154,"neow_bonus":"ONE_RANDOM_RARE_CARD","is_prod":false,"is_daily":false,"chose_seed":false,"campfire_upgraded":2,"win_rate":0,"timestamp":1562620599,"path_taken":["M","?","?","?","M","R","M","M","T","?","R","E"],"build_version":"2019-01-23","purchased_purges":0,"victory":false,"max_hp_per_floor":[80,80,74,74,74,74,74,74,74,74,74,74],"card_choices":[{"not_picked":["Carnage","Metallicize"],"picked":"Shrug It Off","floor":1},{"not_picked":["Body Slam","Headbutt"],"picked":"Rupture","floor":5},{"not_picked":["Anger","Perfected Strike","Clothesline"],"picked":"SKIP","floor":7},{"not_picked":["Iron Wave","Warcry"],"picked":"Flex","floor":8}],"player_experience":183999,"relics_obtained":[{"floor":9,"key":"Gremlin Horn"},{"floor":10,"key":"Dead Branch"}],"event_choices":[{"damage_healed":0,"gold_gain":0,"player_choice":"Success","damage_taken":12,"relics_obtained":["Self Forming Clay"],"max_hp_gain":0,"max_hp_loss":0,"event_name":"Scrap Ooze","floor":2,"gold_loss":0},{"damage_healed":0,"gold_gain":0,"player_choice":"Lose Max HP","damage_taken":0,"relics_obtained":["Golden Idol"],"max_hp_gain":0,"max_hp_loss":6,"event_name":"Golden Idol","floor":3,"gold_loss":0},{"damage_healed":0,"gold_gain":0,"player_choice":"Ignored","damage_taken":0,"max_hp_gain":0,"max_hp_loss":0,"event_name":"Liars Game","floor":4,"gold_loss":0}],"is_beta":false,"boss_relics":[],"items_purged_floors":[],"is_endless":false,"potions_floor_spawned":[7],"killed_by":"Gremlin Nob","ascension_level":3}