{"gold_per_floor":[109,128,128,203,10,36,36,64,64,64,82,82,93,64,64,64],"floor_reached":16,"playtime":469,"items_purged":[],"score":127,"play_id":"d82eab00-6c7c-461d-95e7-ef9fc6356eda","local_time":"20190708165854","is_ascension_mode":true,"campfire_choices":[{"data":"True Grit","floor":7,"key":"SMITH"},{"floor":12,"key":"REST"},{"data":"Bloodletting","floor":15,"key":"SMITH"}],"neow_cost":"NONE","seed_source_timestamp":859450752150600,"circlet_count":0,"master_deck":["Strike_R","Strike_R","Strike_R","Strike_R","Strike_R","Defend_R","Defend_R","Defend_R","Defend_R","Bash","Deep Breath","Cleave","True Grit+1","Body Slam","Ghostly Armor+1","Impervious","Armaments","Shrug It Off","Iron Wave","Bloodletting+1"],"relics":["Burning Blood","Bronze Scales","Bird Faced Urn","Dream Catcher","Question Card"],"potions_floor_usage":[6,8,14,14],"damage_taken":[{"damage":3,"enemies":"Small Slimes","floor":1,"turns":6},{"damage":9,"enemies":"Jaw Worm","floor":2,"turns":5},{"damage":25,"enemies":"Gremlin Nob","floor":6,"turns":5},{"damage":59,"enemies":"Lagavulin","floor":8,"turns":8},{"damage":6,"enemies":"2 Louse","floor":11,"turns":2},{"damage":9,"enemies":"Red Slaver","floor":13,"turns":3},{"damage":7,"enemies":"Exordium Thugs","floor":14,"turns":5},{"damage":47,"enemies":"Hexaghost","floor":16,"turns":11}],"seed_played":"-567519434457114225","potions_obtained":[{"floor":2,"key":"SpeedPotion"},{"floor":6,"key":"Regen Potion"},{"floor":11,"key":"Ancient Potion"},{"floor":13,"key":"BloodPotion"}],"is_trial":false,"path_per_floor":["M","M","?","?","$","E","R","E","T","?","M","R","M","M","R","B"],"character_chosen":"IRONCLAD","items_purchased":["Bronze Scales","Body Slam"],"campfire_rested":1,"item_purchase_floors":[5,5],"current_hp_per_floor":[80,77,82,71,71,52,52,14,14,14,14,39,36,43,43,0],"gold":64,"neow_bonus":"RANDOM_COLORLESS","is_prod":false,"is_daily":false,"chose_seed":false,"campfire_upgraded":2,"win_rate":0,"timestamp":1562619534,"path_taken":["M","M","?","?","$","E","R","E","T","?","M","R","?","M","R","BOSS"],"build_version":"2019-01-23","purchased_purges":0,"victory":false,"max_hp_per_floor":[80,80,85,85,85,85,85,85,85,85,85,85,85,85,85,85],"card_choices":[{"not_picked":["Spot Weakness","Perfected Strike"],"picked":"Cleave","floor":1},{"not_picked":["Anger","Pommel Strike"],"picked":"True Grit","floor":2},{"not_picked":["Dropkick","Wild Strike"],"picked":"Ghostly Armor","floor":6},{"not_picked":["Shrug It Off","Fire Breathing"],"picked":"Impervious","floor":8},{"not_picked":["Pommel Strike","Blood for Blood","Wild Strike"],"picked":"Armaments","floor":11},{"not_picked":["Twin Strike","Havoc","Metallicize"],"picked":"Shrug It Off","floor":12},{"not_picked":["Twin Strike","Heavy Blade","Clothesline"],"picked":"Iron Wave","floor":13},{"not_picked":["Warcry","Dark Embrace","Rupture"],"picked":"Bloodletting","floor":14}],"player_experience":183530,"relics_obtained":[{"floor":6,"key":"Bird Faced Urn"},{"floor":8,"key":"Dream Catcher"},{"floor":9,"key":"Question Card"}],"event_choices":[{"damage_healed":0,"gold_gain":0,"player_choice":"Donut","damage_taken":0,"max_hp_gain":5,"max_hp_loss":0,"event_name":"Big Fish","floor":3,"gold_loss":0},{"damage_healed":0,"gold_gain":75,"player_choice":"Gather Gold","damage_taken":11,"max_hp_gain":0,"max_hp_loss":0,"event_name":"World of Goop","floor":4,"gold_loss":0},{"damage_healed":0,"gold_gain":0,"player_choice":"Forge","damage_taken":0,"max_hp_gain":0,"max_hp_loss":0,"event_name":"Accursed Blacksmith","floor":10,"gold_loss":0,"cards_upgraded":["Ghostly Armor"]}],"is_beta":false,"boss_relics":[],"items_purged_floors":[],"is_endless":false,"potions_floor_spawned":[2,6,11,13],"killed_by":"Hexaghost","ascension_level":3}