{"gold_per_floor":[112,123,123,133,133,162,162,174,174,174,189,203,203,222,222,318,318,333,333,30,30,0,30,98,12,81,116,128,128,138,150,150,252,252,264,264,284,284,300,330,330,330,379,379,453,467,478,478,478,478],"floor_reached":51,"playtime":3120,"items_purged":["Catalyst"],"score":784,"play_id":"136678cb-08b2-411e-bf91-46aa10511539","local_time":"20190306214735","is_ascension_mode":true,"campfire_choices":[{"floor":7.0,"key":"REST"},{"floor":15.0,"key":"REST"},{"floor":32.0,"key":"REST"},{"floor":41.0,"key":"REST"},{"data":"Choke","floor":44.0,"key":"SMITH"},{"floor":49,"key":"REST"}],"neow_cost":"PERCENT_DAMAGE","seed_source_timestamp":99322607189979,"circlet_count":0,"master_deck":["Defend_G","Defend_G","Defend_G","Defend_G","Defend_G","Strike_G","Strike_G","Survivor","Neutralize","Dagger Spray","Backflip","Blade Dance","Infinite Blades","Leg Sweep+1","All Out Attack","Glass Knife","Cloak And Dagger+1","Choke+1","Blade Dance","Well Laid Plans","Backstab","Trip","Adrenaline","Infinite Blades+1","Tools of the Trade+1","Calculated Gamble+1","Writhe"],"special_seed":0,"relics":["Ring of the Snake","Du-Vu Doll","Shuriken","Vajra","Kunai","WarpedTongs","Orrery","War Paint","MutagenicStrength","Meat on the Bone","Letter Opener","Frozen Egg 2","Bag of Marbles","Eternal Feather","Boot","Snake Skull","Pantograph"],"potions_floor_usage":[47,50,50],"damage_taken":[{"damage":4.0,"enemies":"Jaw Worm","floor":1.0,"turns":3.0},{"damage":0.0,"enemies":"2 Louse","floor":2.0,"turns":4.0},{"damage":2.0,"enemies":"Cultist","floor":4.0,"turns":4.0},{"damage":32.0,"enemies":"Lagavulin","floor":6.0,"turns":8.0},{"damage":0.0,"enemies":"Gremlin Gang","floor":8.0,"turns":1.0},{"damage":11.0,"enemies":"Large Slime","floor":11.0,"turns":4.0},{"damage":8.0,"enemies":"Lots of Slimes","floor":12.0,"turns":3.0},{"damage":3.0,"enemies":"Blue Slaver","floor":14.0,"turns":5.0},{"damage":12.0,"enemies":"Slime Boss","floor":16.0,"turns":8.0},{"damage":8.0,"enemies":"Spheric Guardian","floor":18.0,"turns":4.0},{"damage":18.0,"enemies":"Book of Stabbing","floor":23.0,"turns":7.0},{"damage":12.0,"enemies":"Slavers","floor":27.0,"turns":3.0},{"damage":0.0,"enemies":"Chosen","floor":28.0,"turns":1.0},{"damage":10.0,"enemies":"Centurion and Healer","floor":30.0,"turns":5.0},{"damage":0.0,"enemies":"3 Cultists","floor":31.0,"turns":3.0},{"damage":27.0,"enemies":"Collector","floor":33.0,"turns":6.0},{"damage":0.0,"enemies":"3 Darklings","floor":35.0,"turns":2.0},{"damage":21.0,"enemies":"3 Shapes","floor":37.0,"turns":6.0},{"damage":30.0,"enemies":"3 Darklings","floor":39.0,"turns":3.0},{"damage":19.0,"enemies":"Nemesis","floor":40.0,"turns":7.0},{"damage":30.0,"enemies":"Jaw Worm Horde","floor":46.0,"turns":4.0},{"damage":34,"enemies":"4 Shapes","floor":47,"turns":3},{"damage":30,"enemies":"Donu and Deca","floor":50,"turns":9}],"seed_played":"7586296121380198140","potions_obtained":[{"floor":2.0,"key":"Regen Potion"},{"floor":8.0,"key":"SteroidPotion"},{"floor":11.0,"key":"SpeedPotion"},{"floor":14.0,"key":"Regen Potion"},{"floor":16.0,"key":"Swift Potion"},{"floor":23.0,"key":"AttackPotion"},{"floor":28.0,"key":"FearPotion"},{"floor":31.0,"key":"Swift Potion"},{"floor":33.0,"key":"Strength Potion"},{"floor":39.0,"key":"FearPotion"},{"floor":47,"key":"Weak Potion"}],"is_trial":false,"path_per_floor":["M","M","?","M","?","E","R","M","T","?","M","M","?","M","R","B",null,"M","$","$","?","?","E","T","$","T","E","M","$","M","M","R","B",null,"M","?","M","?","M","E","R","?","T","R","T","M","M","?","R","B",null],"character_chosen":"THE_SILENT","items_purchased":["Well Laid Plans","War Paint","Trip"],"campfire_rested":5,"item_purchase_floors":[20,20,25],"current_hp_per_floor":[45,45,45,43,43,26,47,47,47,47,36,28,28,25,46,34,70,62,62,62,62,62,58,58,58,58,46,46,46,36,36,57,42,70,70,70,49,49,31,24,60,70,70,70,70,40,18,18,54,40],"gold":478,"neow_bonus":"ONE_RARE_RELIC","is_prod":false,"is_daily":false,"chose_seed":false,"campfire_upgraded":1,"win_rate":0,"timestamp":1551926855,"path_taken":["M","M","?","M","?","E","R","M","T","?","?","?","?","M","R","BOSS","M","?","$","?","?","E","?","?","T","E","M","$","?","M","R","BOSS","M","?","M","?","?","E","R","?","T","R","?","?","?","?","R","BOSS"],"build_version":"2019-01-23","purchased_purges":1,"victory":true,"max_hp_per_floor":[70,70,70,70,70,70,70,70,70,70,70,70,70,70,70,70,70,70,70,70,70,70,70,70,70,70,70,70,70,70,70,70,70,70,70,70,70,70,70,70,70,70,70,70,70,70,70,70,70,70],"card_choices":[{"not_picked":["Sucker Punch","Cloak And Dagger"],"picked":"Dagger Spray","floor":1.0},{"not_picked":["Masterful Stab","Acrobatics"],"picked":"Backflip","floor":2.0},{"not_picked":["Escape Plan","Dagger Throw","Choke"],"picked":"SKIP","floor":4.0},{"not_picked":["Acrobatics","Dagger Spray"],"picked":"Blade Dance","floor":6.0},{"not_picked":["PiercingWail","Burst"],"picked":"Infinite Blades","floor":8.0},{"not_picked":["Endless Agony","Acrobatics","Sucker Punch"],"picked":"SKIP","floor":11.0},{"not_picked":["Backflip","Predator"],"picked":"Leg Sweep","floor":12.0},{"not_picked":["Flying Knee","Dodge and Roll"],"picked":"All Out Attack","floor":14.0},{"not_picked":["Wraith Form v2","Venomology"],"picked":"Glass Knife","floor":16.0},{"not_picked":["Quick Slash","Acrobatics"],"picked":"Cloak And Dagger","floor":17.0},{"not_picked":["Deflect","Deadly Poison"],"picked":"Choke","floor":17.0},{"not_picked":["Riddle With Holes","Sucker Punch"],"picked":"Blade Dance","floor":17.0},{"not_picked":["Backflip","Poisoned Stab","Deadly Poison+1"],"picked":"SKIP","floor":18.0},{"not_picked":["Deflect","Calculated Gamble"],"picked":"Backstab","floor":23.0},{"not_picked":["Quick Slash","Terror"],"picked":"Adrenaline","floor":27.0},{"not_picked":["Dagger Spray","Bane","Poisoned Stab"],"picked":"SKIP","floor":28.0},{"not_picked":["PiercingWail","Underhanded Strike","Slice+1"],"picked":"SKIP","floor":30.0},{"not_picked":["Sucker Punch+1","Dagger Spray"],"picked":"Infinite Blades+1","floor":31.0},{"not_picked":["Corpse Explosion","Phantasmal Killer"],"picked":"Tools of the Trade+1","floor":33.0},{"not_picked":["Dagger Throw","Poisoned Stab","PiercingWail"],"picked":"SKIP","floor":35.0},{"not_picked":["Flying Knee","Dodge and Roll+1"],"picked":"Calculated Gamble+1","floor":37.0},{"not_picked":["Distraction","Underhanded Strike+1","Sucker Punch"],"picked":"SKIP","floor":39.0},{"not_picked":["Poisoned Stab+1","Blade Dance","Endless Agony+1"],"picked":"SKIP","floor":40.0},{"not_picked":["Dagger Throw","All Out Attack","Acrobatics"],"picked":"SKIP","floor":46.0},{"not_picked":["Sucker Punch+1","Dagger Spray","Underhanded Strike"],"picked":"SKIP","floor":47}],"player_experience":99992,"relics_obtained":[{"floor":6.0,"key":"Vajra"},{"floor":9.0,"key":"Kunai"},{"floor":23.0,"key":"Meat on the Bone"},{"floor":24.0,"key":"Letter Opener"},{"floor":26.0,"key":"Frozen Egg 2"},{"floor":27.0,"key":"Bag of Marbles"},{"floor":40.0,"key":"Boot"},{"floor":43.0,"key":"Snake Skull"},{"floor":45.0,"key":"Pantograph"}],"event_choices":[{"damage_healed":0.0,"max_hp_gain":0.0,"max_hp_loss":0.0,"gold_gain":0.0,"cards_transformed":["Strike_G"],"event_name":"Living Wall","player_choice":"Change","floor":3.0,"gold_loss":0.0,"damage_taken":0.0,"cards_obtained":["Catalyst"]},{"damage_healed":0.0,"max_hp_gain":0.0,"max_hp_loss":0.0,"gold_gain":0.0,"event_name":"Big Fish","player_choice":"Box","floor":5.0,"gold_loss":0.0,"damage_taken":0.0,"relics_obtained":["Shuriken"],"cards_obtained":["Regret"]},{"damage_healed":0.0,"max_hp_gain":0.0,"max_hp_loss":0.0,"gold_gain":0.0,"event_name":"Accursed Blacksmith","player_choice":"Rummage","floor":10.0,"gold_loss":0.0,"damage_taken":0.0,"relics_obtained":["WarpedTongs"],"cards_obtained":["Pain"]},{"cards_removed":["Pain","Regret"],"damage_healed":0.0,"max_hp_gain":0.0,"max_hp_loss":0.0,"gold_gain":0.0,"event_name":"Fountain of Cleansing","player_choice":"Removed Curses","floor":13.0,"gold_loss":0.0,"damage_taken":0.0},{"damage_healed":0.0,"max_hp_gain":0.0,"max_hp_loss":0.0,"gold_gain":0.0,"event_name":"Drug Dealer","player_choice":"Inject Mutagens","floor":21.0,"gold_loss":0.0,"damage_taken":0.0,"relics_obtained":["MutagenicStrength"]},{"damage_healed":0.0,"max_hp_gain":0.0,"max_hp_loss":0.0,"gold_gain":0.0,"event_name":"Masked Bandits","player_choice":"Paid Fearfully","floor":22.0,"gold_loss":30.0,"damage_taken":0.0},{"damage_healed":0.0,"max_hp_gain":0.0,"max_hp_loss":0.0,"gold_gain":0.0,"event_name":"Tomb of Lord Red Mask","player_choice":"Ignored","floor":36.0,"gold_loss":0.0,"damage_taken":0.0},{"cards_removed":["Strike_G"],"damage_healed":0.0,"max_hp_gain":0.0,"max_hp_loss":0.0,"gold_gain":0.0,"event_name":"Purifier","player_choice":"Purged","floor":38.0,"gold_loss":0.0,"damage_taken":0.0},{"damage_healed":18.0,"max_hp_gain":0.0,"max_hp_loss":0.0,"gold_gain":0.0,"event_name":"Winding Halls","player_choice":"Writhe","floor":42.0,"gold_loss":0.0,"damage_taken":0.0,"cards_obtained":["Writhe"]},{"cards_removed":["Strike_G"],"damage_healed":0,"gold_gain":0,"player_choice":"Purged","damage_taken":0,"max_hp_gain":0,"max_hp_loss":0,"event_name":"Purifier","floor":48,"gold_loss":0}],"is_beta":false,"boss_relics":[{"not_picked":["Runic Dome","Snecko Eye"],"picked":"Orrery"},{"not_picked":["Pandora\u0027s Box","Lizard Tail"],"picked":"Eternal Feather"}],"items_purged_floors":[20],"is_endless":false,"potions_floor_spawned":[2,8,11,14,16,23,28,31,33,39,47],"ascension_level":2}