{"gold_per_floor":[112,132,207,382,401,401,412,412,436,436,246,265,67,107,107,228,228,252,267,182,182,30,30,54,54],"floor_reached":25,"playtime":758,"items_purged":["Strike_R"],"score":231,"play_id":"36504b16-4793-4e1a-bbb7-0493c1edd92b","local_time":"20190703112026","is_ascension_mode":true,"campfire_choices":[{"data":"Double Tap","floor":6,"key":"SMITH"},{"data":"Evolve","floor":10,"key":"SMITH"},{"data":"Whirlwind","floor":15,"key":"SMITH"},{"data":"Shrug It Off","floor":23,"key":"SMITH"}],"neow_cost":"NONE","seed_source_timestamp":406849483210100,"circlet_count":0,"master_deck":["Strike_R","Strike_R","Defend_R","Defend_R","Defend_R","Defend_R","Bash","Double Tap+1","Infernal Blade","Doubt","Evolve+1","Spot Weakness","Inflame","Whirlwind+1","Clothesline","Shrug It Off+1","Infernal Blade","Juggernaut","Flex","Entrench","Infernal Blade","Clothesline+1"],"relics":["Burning Blood","Golden Idol","Bag of Marbles","Ancient Tea Set","Art of War","Busted Crown","Oddly Smooth Stone","Bag of Preparation"],"potions_floor_usage":[14,16,19,19],"damage_taken":[{"damage":9,"enemies":"Jaw Worm","floor":1,"turns":4},{"damage":0,"enemies":"Small Slimes","floor":2,"turns":3},{"damage":3,"enemies":"2 Louse","floor":5,"turns":3},{"damage":0,"enemies":"Looter","floor":7,"turns":1},{"damage":0,"enemies":"3 Louse","floor":12,"turns":1},{"damage":42,"enemies":"Lagavulin","floor":14,"turns":8},{"damage":23,"enemies":"Hexaghost","floor":16,"turns":7},{"damage":19,"enemies":"3 Byrds","floor":18,"turns":4},{"damage":27,"enemies":"Spheric Guardian","floor":19,"turns":4},{"damage":42,"enemies":"Snecko","floor":24,"turns":5},{"damage":20,"enemies":"Gremlin Leader","floor":25,"turns":2}],"seed_played":"7074196087730964050","potions_obtained":[{"floor":12,"key":"PowerPotion"},{"floor":14,"key":"PowerPotion"},{"floor":16,"key":"Regen Potion"},{"floor":18,"key":"SneckoOil"}],"is_trial":false,"path_per_floor":["M","M","?","?","M","R","M","?","T","R","$","M","$","E","R","B",null,"M","M","?","?","$","R","M","E"],"character_chosen":"IRONCLAD","items_purchased":["Inflame","Whirlwind","Ancient Tea Set","Shrug It Off","Bag of Preparation"],"campfire_rested":0,"item_purchase_floors":[11,11,13,13,22],"current_hp_per_floor":[77,80,69,69,72,72,78,74,74,74,74,74,74,38,38,21,74,61,49,49,49,49,49,13,0],"gold":54,"neow_bonus":"ONE_RANDOM_RARE_CARD","is_prod":false,"is_daily":false,"chose_seed":false,"campfire_upgraded":4,"win_rate":0,"timestamp":1562167226,"path_taken":["M","M","?","?","M","R","M","?","T","R","$","M","?","E","R","BOSS","M","M","?","?","?","R","M","E"],"build_version":"2019-01-23","purchased_purges":1,"victory":false,"max_hp_per_floor":[80,80,80,80,80,80,80,74,74,74,74,74,74,74,74,74,74,74,74,74,74,74,74,74,74],"card_choices":[{"not_picked":["Heavy Blade","Iron Wave","Headbutt"],"picked":"SKIP","floor":1},{"not_picked":["Clash","Wild Strike"],"picked":"Infernal Blade","floor":2},{"not_picked":["Heavy Blade","Dual Wield"],"picked":"Evolve","floor":5},{"not_picked":["Headbutt","Perfected Strike"],"picked":"Spot Weakness","floor":7},{"not_picked":["Searing Blow","Burning Pact"],"picked":"Clothesline","floor":12},{"not_picked":["Impervious","Hemokinesis"],"picked":"Infernal Blade","floor":14},{"not_picked":["Exhume","Fiend Fire"],"picked":"Juggernaut","floor":16},{"not_picked":[],"picked":"Flex","floor":18},{"not_picked":["Second Wind"],"picked":"SKIP","floor":19},{"not_picked":[],"picked":"Clothesline+1","floor":24}],"player_experience":161140,"relics_obtained":[{"floor":9,"key":"Bag of Marbles"},{"floor":14,"key":"Art of War"}],"event_choices":[{"damage_healed":0,"gold_gain":75,"player_choice":"Gather Gold","damage_taken":11,"max_hp_gain":0,"max_hp_loss":0,"event_name":"World of Goop","floor":3,"gold_loss":0},{"damage_healed":0,"gold_gain":175,"player_choice":"AGREE","damage_taken":0,"max_hp_gain":0,"max_hp_loss":0,"event_name":"Liars Game","floor":4,"gold_loss":0,"cards_obtained":["Doubt"]},{"damage_healed":0,"gold_gain":0,"player_choice":"Lose Max HP","damage_taken":0,"relics_obtained":["Golden Idol"],"max_hp_gain":0,"max_hp_loss":6,"event_name":"Golden Idol","floor":8,"gold_loss":0},{"damage_healed":0,"gold_gain":0,"player_choice":"Obtained Relic","damage_taken":0,"relics_obtained":["Oddly Smooth Stone"],"max_hp_gain":0,"max_hp_loss":0,"event_name":"Addict","floor":20,"gold_loss":85},{"damage_healed":0,"gold_gain":0,"cards_transformed":["Strike_R","Strike_R"],"player_choice":"Became Test Subject","damage_taken":0,"max_hp_gain":0,"max_hp_loss":0,"event_name":"Drug Dealer","floor":21,"gold_loss":0,"cards_obtained":["Entrench","Infernal Blade"]}],"is_beta":false,"boss_relics":[{"not_picked":["Fusion Hammer","Orrery"],"picked":"Busted Crown"}],"items_purged_floors":[11],"is_endless":false,"potions_floor_spawned":[12,14,16,18],"killed_by":"Gremlin Leader","ascension_level":3}