{"gold_per_floor":[219,58,78,48,59,59,69,69,69,98,109,109,141,158,158,263,263,275,29,29,29,29,29,29,29,29,54,54,389,389,389,389,491,491,508,524,524,524,624,624,624,655,679,679],"floor_reached":44,"playtime":1878,"items_purged":["Strike_R","Strike_R"],"score":575,"play_id":"4dcfe309-b252-4aae-971f-40dd43a19732","local_time":"20190708175911","is_ascension_mode":true,"campfire_choices":[{"data":"True Grit","floor":6,"key":"SMITH"},{"data":"Body Slam","floor":8,"key":"SMITH"},{"data":"Shrug It Off","floor":12,"key":"SMITH"},{"data":"Shrug It Off","floor":15,"key":"SMITH"},{"data":"Double Tap","floor":23,"key":"SMITH"},{"data":"Ghostly Armor","floor":25,"key":"SMITH"},{"floor":28,"key":"REST"},{"floor":32,"key":"REST"},{"data":"Clothesline","floor":40,"key":"SMITH"}],"neow_cost":"NONE","seed_source_timestamp":861657049181700,"circlet_count":0,"master_deck":["Strike_R+1","Strike_R+1","Strike_R+1","Defend_R+1","Defend_R+1","Defend_R+1","Defend_R+1","Bash","Body Slam+1","Ghostly Armor+1","Shrug It Off+1","True Grit+1","Shrug It Off+1","Clash","Pummel","Demon Form+1","Double Tap+1","Clumsy","Clash+1","Barricade+1","Clothesline+1","Mind Blast","Clothesline+1","Doubt","Shockwave","Bash","Dropkick","Shame"],"relics":["Burning Blood","Self Forming Clay","Frozen Egg 2","Happy Flower","Cursed Key","Pen Nib","Bag of Marbles","Mercury Hourglass","Old Coin","Snecko Eye","Gambling Chip","FossilizedHelix","Oddly Smooth Stone"],"potions_floor_usage":[7,7,7,10,13,16,16,16,16,29,33,39,44],"damage_taken":[{"damage":4,"enemies":"Jaw Worm","floor":1,"turns":4},{"damage":3,"enemies":"Cultist","floor":3,"turns":6},{"damage":1,"enemies":"Small Slimes","floor":5,"turns":5},{"damage":19,"enemies":"2 Fungi Beasts","floor":7,"turns":7},{"damage":12,"enemies":"Lagavulin","floor":10,"turns":8},{"damage":3,"enemies":"3 Louse","floor":11,"turns":10},{"damage":29,"enemies":"Gremlin Nob","floor":13,"turns":4},{"damage":8,"enemies":"Large Slime","floor":14,"turns":8},{"damage":11,"enemies":"The Guardian","floor":16,"turns":14},{"damage":2,"enemies":"Chosen","floor":18,"turns":5},{"damage":61,"enemies":"Gremlin Leader","floor":27,"turns":9},{"damage":18,"enemies":"Book of Stabbing","floor":29,"turns":5},{"damage":0,"enemies":"Colosseum Slavers","floor":31,"turns":4},{"damage":34,"enemies":"Champ","floor":33,"turns":7},{"damage":0,"enemies":"3 Darklings","floor":35,"turns":5},{"damage":0,"enemies":"3 Shapes","floor":36,"turns":3},{"damage":32,"enemies":"Mind Bloom Boss Battle","floor":39,"turns":5},{"damage":45,"enemies":"Giant Head","floor":42,"turns":8},{"damage":28,"enemies":"Nemesis","floor":44,"turns":2}],"seed_played":"7436823282224552290","potions_obtained":[{"floor":4,"key":"GamblersBrew"},{"floor":4,"key":"EntropicBrew"},{"floor":5,"key":"Dexterity Potion"},{"floor":10,"key":"Dexterity Potion"},{"floor":14,"key":"EntropicBrew"},{"floor":16,"key":"Ancient Potion"},{"floor":27,"key":"Dexterity Potion"},{"floor":29,"key":"FearPotion"},{"floor":36,"key":"SkillPotion"}],"is_trial":false,"path_per_floor":["M","$","M","?","M","R","M","R","T","E","M","R","E","M","R","B",null,"M","$","?","$","?","R","?","R","T","E","R","E","?","?","R","B",null,"M","M","?","?","?","R","?","E","T","E"],"character_chosen":"IRONCLAD","items_purchased":["Ghostly Armor","Shrug It Off","Pen Nib"],"campfire_rested":2,"item_purchase_floors":[2,2,19],"current_hp_per_floor":[80,80,80,80,80,80,80,80,80,74,77,77,54,52,52,47,80,80,80,80,80,80,80,80,80,80,25,49,37,22,28,53,25,85,85,85,85,85,59,59,59,20,20,0],"gold":679,"neow_bonus":"HUNDRED_GOLD","is_prod":false,"is_daily":false,"chose_seed":false,"campfire_upgraded":7,"win_rate":0,"timestamp":1562623151,"path_taken":["M","$","M","?","?","R","M","R","T","E","M","R","E","M","R","BOSS","M","?","?","$","?","R","?","R","T","E","R","E","?","?","R","BOSS","M","M","?","?","?","R","?","E","T","E"],"build_version":"2019-01-23","purchased_purges":2,"victory":false,"max_hp_per_floor":[80,80,80,80,80,80,80,80,80,80,80,80,80,80,80,80,80,80,80,80,80,80,80,80,80,80,80,80,80,85,85,85,85,85,85,85,85,85,85,85,85,85,85,85],"card_choices":[{"not_picked":["Thunderclap","Wild Strike"],"picked":"Body Slam","floor":1},{"not_picked":["Perfected Strike","Havoc","Clothesline"],"picked":"SKIP","floor":3},{"not_picked":["Searing Blow","Disarm"],"picked":"True Grit","floor":5},{"not_picked":["Clothesline","Offering"],"picked":"Shrug It Off","floor":7},{"not_picked":["Fire Breathing","Reaper","Anger"],"picked":"SKIP","floor":10},{"not_picked":["Clothesline","Cleave"],"picked":"Clash","floor":11},{"not_picked":["Heavy Blade","Pommel Strike"],"picked":"Pummel","floor":13},{"not_picked":["Sever Soul","Wild Strike","Burning Pact"],"picked":"SKIP","floor":14},{"not_picked":["Impervious","Reaper"],"picked":"Demon Form+1","floor":16},{"not_picked":["Thunderclap+1","Havoc","Cleave+1"],"picked":"SKIP","floor":18},{"not_picked":["Cleave","Clothesline","Combust+1"],"picked":"SKIP","floor":27},{"not_picked":["Evolve+1","Rage+1"],"picked":"Clash+1","floor":29},{"not_picked":["Bludgeon","Immolate"],"picked":"Barricade+1","floor":33},{"not_picked":["Anger+1","Pommel Strike"],"picked":"Clothesline+1","floor":35},{"not_picked":["Warcry+1","Wild Strike","Thunderclap"],"picked":"SKIP","floor":36},{"not_picked":["Violence","Good Instincts"],"picked":"Mind Blast","floor":37},{"not_picked":["Flex","Twin Strike+1"],"picked":"Clothesline","floor":39},{"not_picked":["Cleave","Headbutt+1"],"picked":"Dropkick","floor":42}],"player_experience":185005,"relics_obtained":[{"floor":9,"key":"Self Forming Clay"},{"floor":10,"key":"Frozen Egg 2"},{"floor":13,"key":"Happy Flower"},{"floor":26,"key":"Bag of Marbles"},{"floor":27,"key":"Mercury Hourglass"},{"floor":29,"key":"Old Coin"},{"floor":39,"key":"Gambling Chip"},{"floor":42,"key":"FossilizedHelix"},{"floor":43,"key":"Oddly Smooth Stone"}],"event_choices":[{"damage_healed":0,"gold_gain":0,"player_choice":"Bought 2 Potions","damage_taken":0,"max_hp_gain":0,"max_hp_loss":0,"event_name":"The Woman in Blue","floor":4,"gold_loss":0},{"damage_healed":0,"gold_gain":0,"player_choice":"Simplicity","damage_taken":0,"max_hp_gain":0,"max_hp_loss":0,"event_name":"Back to Basics","floor":20,"gold_loss":0,"cards_upgraded":["Strike_R","Strike_R","Strike_R","Defend_R","Defend_R","Defend_R","Defend_R"]},{"damage_healed":0,"gold_gain":0,"player_choice":"Read","damage_taken":0,"max_hp_gain":0,"max_hp_loss":0,"event_name":"The Library","floor":22,"gold_loss":0,"cards_obtained":["Double Tap"]},{"damage_healed":0,"gold_gain":0,"player_choice":"Ignored","damage_taken":0,"max_hp_gain":0,"max_hp_loss":0,"event_name":"Beggar","floor":24,"gold_loss":0},{"damage_healed":0,"gold_gain":0,"player_choice":"Shed Blood","damage_taken":20,"max_hp_gain":5,"max_hp_loss":0,"event_name":"Forgotten Altar","floor":30,"gold_loss":0},{"damage_healed":0,"gold_gain":0,"player_choice":"Fight","damage_taken":0,"max_hp_gain":0,"max_hp_loss":0,"event_name":"Colosseum","floor":31,"gold_loss":0},{"damage_healed":0,"gold_gain":0,"player_choice":"Fled From Nobs","damage_taken":0,"max_hp_gain":0,"max_hp_loss":0,"event_name":"Colosseum","floor":31,"gold_loss":0},{"damage_healed":0,"gold_gain":0,"player_choice":"Memory 1","damage_taken":0,"max_hp_gain":0,"max_hp_loss":0,"event_name":"SensoryStone","floor":37,"gold_loss":0},{"damage_healed":0,"gold_gain":0,"player_choice":"Ignored","damage_taken":0,"max_hp_gain":0,"max_hp_loss":0,"event_name":"Tomb of Lord Red Mask","floor":38,"gold_loss":0},{"damage_healed":0,"gold_gain":0,"player_choice":"Fight","damage_taken":0,"max_hp_gain":0,"max_hp_loss":0,"event_name":"MindBloom","floor":39,"gold_loss":0},{"damage_healed":0,"gold_gain":0,"player_choice":"3 cards matched","damage_taken":0,"max_hp_gain":0,"max_hp_loss":0,"event_name":"Match and Keep!","floor":41,"gold_loss":0,"cards_obtained":["Doubt","Shockwave","Bash"]}],"is_beta":false,"boss_relics":[{"not_picked":["Lizard Tail","Coffee Dripper"],"picked":"Cursed Key"},{"not_picked":["Velvet Choker","Astrolabe"],"picked":"Snecko Eye"}],"items_purged_floors":[2,19],"is_endless":false,"potions_floor_spawned":[5,10,14,16,27,29,31,36],"killed_by":"Nemesis","ascension_level":3}