{"gold_per_floor":[112,126,137,152,162,162,237,256,301,313,325,372,384,411,423,556,568,565,577],"floor_reached":19,"playtime":2123,"items_purged":[],"score":171,"play_id":"cca9d4a1-598d-4367-83ae-5904e85fa62c","local_time":"20190703173642","is_ascension_mode":false,"campfire_choices":[{"floor":6,"key":"REST"},{"floor":11,"key":"REST"},{"floor":15,"key":"REST"}],"neow_cost":"NONE","seed_source_timestamp":245081363196251,"circlet_count":0,"master_deck":["Strike_B","Strike_B","Strike_B","Strike_B","Defend_B","Defend_B","Defend_B","Defend_B","Zap","Dualcast","Creative AI","Rebound","Gash","Stack","Gash","Sweeping Beam","Streamline","Injury","Doom and Gloom","Hologram","All For One","Hologram+1"],"relics":["Cracked Core","MawBank","Golden Idol","Darkstone Periapt","Runic Pyramid"],"potions_floor_usage":[8,16,16],"damage_taken":[{"damage":3,"enemies":"Cultist","floor":1,"turns":5},{"damage":2,"enemies":"2 Louse","floor":2,"turns":2},{"damage":6,"enemies":"Jaw Worm","floor":3,"turns":3},{"damage":5,"enemies":"Looter","floor":4,"turns":4},{"damage":5,"enemies":"3 Louse","floor":5,"turns":4},{"damage":1,"enemies":"Red Slaver","floor":8,"turns":3},{"damage":30,"enemies":"3 Sentries","floor":12,"turns":8},{"damage":19,"enemies":"Gremlin Gang","floor":14,"turns":4},{"damage":43,"enemies":"Hexaghost","floor":16,"turns":9},{"damage":37,"enemies":"2 Thieves","floor":18,"turns":5},{"damage":38,"enemies":"3 Byrds","floor":19,"turns":3}],"seed_played":"7079037836224737647","potions_obtained":[{"floor":1,"key":"Block Potion"},{"floor":5,"key":"SteroidPotion"},{"floor":8,"key":"AttackPotion"}],"is_trial":false,"path_per_floor":["M","M","M","M","M","R","?","M","T","?","R","E","$","M","R","B",null,"M","M"],"character_chosen":"DEFECT","items_purchased":[],"campfire_rested":3,"item_purchase_floors":[],"current_hp_per_floor":[72,70,64,59,54,75,64,63,63,63,75,45,45,26,48,5,75,38,0],"gold":577,"neow_bonus":"ONE_RANDOM_RARE_CARD","is_prod":false,"is_daily":false,"chose_seed":false,"campfire_upgraded":0,"win_rate":0.0,"timestamp":1562186202,"path_taken":["M","M","?","M","M","R","?","M","T","?","R","E","?","M","R","BOSS","M","M"],"build_version":"2019-07-01","purchased_purges":0,"victory":false,"max_hp_per_floor":[75,75,75,75,75,75,75,75,75,75,75,75,75,75,75,75,75,75,75],"card_choices":[{"not_picked":["Conserve Battery","Leap"],"picked":"Rebound","floor":1},{"not_picked":["Conserve Battery","Fusion"],"picked":"Gash","floor":2},{"not_picked":["Go for the Eyes","Barrage"],"picked":"Stack","floor":3},{"not_picked":["Go for the Eyes","Stack"],"picked":"Gash","floor":4},{"not_picked":["Stack","Beam Cell"],"picked":"Sweeping Beam","floor":5},{"not_picked":["Biased Cognition","Compile Driver"],"picked":"Streamline","floor":8},{"not_picked":["Fission","Steam Power"],"picked":"Doom and Gloom","floor":12},{"not_picked":["Darkness","Steam"],"picked":"Hologram","floor":14},{"not_picked":["Electrodynamics","Rainbow"],"picked":"All For One","floor":16},{"not_picked":["Cold Snap","Stack"],"picked":"Hologram+1","floor":18}],"player_experience":33078,"relics_obtained":[{"floor":9,"key":"MawBank"},{"floor":12,"key":"Darkstone Periapt"}],"event_choices":[{"damage_healed":0,"gold_gain":75,"player_choice":"Gather Gold","damage_taken":11,"max_hp_gain":0,"max_hp_loss":0,"event_name":"World of Goop","floor":7,"gold_loss":0},{"damage_healed":0,"gold_gain":0,"player_choice":"Take Wound","damage_taken":0,"relics_obtained":["Golden Idol"],"max_hp_gain":0,"max_hp_loss":0,"event_name":"Golden Idol","floor":10,"gold_loss":0,"cards_obtained":["Injury"]}],"is_beta":false,"boss_relics":[{"not_picked":["FrozenCore","White Beast Statue"],"picked":"Runic Pyramid"}],"items_purged_floors":[],"is_endless":false,"potions_floor_spawned":[1,5,8],"killed_by":"3 Byrds","ascension_level":0}