{"gold_per_floor":[117,117,164,188,207,207,282,282,305,305,344,344,384,403,403,527,590,615,615,629,629,629],"floor_reached":22,"playtime":1034,"items_purged":[],"score":265,"play_id":"035fa670-512c-4a1b-b6a7-72705a3d28a3","local_time":"20190127174256","is_ascension_mode":true,"campfire_choices":[{"data":"Zap","floor":6,"key":"SMITH"},{"data":"Loop","floor":8,"key":"SMITH"},{"data":"Dualcast","floor":10,"key":"SMITH"},{"data":"Redo","floor":12,"key":"SMITH"},{"data":"Loop","floor":15,"key":"SMITH"}],"neow_cost":"NONE","seed_source_timestamp":1145477915328021,"circlet_count":0,"master_deck":["Defend_B","Defend_B","Defend_B","Defend_B","Zap+1","Dualcast+1","Self Repair","Conserve Battery","Loop+1","Redo+1","Hologram","Loop+1","Core Surge+1","Conserve Battery","Chill+1","Self Repair","Bite","Bite","Bite","Bite","Bite"],"relics":["Cracked Core","Blood Vial","Golden Idol","Lantern","Whetstone","Emotion Chip","Tiny House","Nloth\u0027s Gift"],"potions_floor_usage":[13,16,18],"damage_taken":[{"damage":1,"enemies":"Jaw Worm","floor":1,"turns":4},{"damage":6,"enemies":"Cultist","floor":4,"turns":3},{"damage":0,"enemies":"Small Slimes","floor":5,"turns":2},{"damage":32,"enemies":"Gremlin Nob","floor":11,"turns":4},{"damage":23,"enemies":"3 Sentries","floor":13,"turns":6},{"damage":6,"enemies":"Looter","floor":14,"turns":3},{"damage":26,"enemies":"The Guardian","floor":16,"turns":9},{"damage":25,"enemies":"2 Thieves","floor":18,"turns":3},{"damage":6,"enemies":"Shell Parasite","floor":20,"turns":6},{"damage":65,"enemies":"Chosen and Byrds","floor":22,"turns":8}],"seed_played":"631828720093049877","potions_obtained":[{"floor":1,"key":"LiquidBronze"},{"floor":13,"key":"Weak Potion"},{"floor":14,"key":"SteroidPotion"},{"floor":17,"key":"Strength Potion"},{"floor":18,"key":"EssenceOfSteel"}],"is_trial":false,"path_per_floor":["M","?","T","M","M","R","T","R","T","R","E","R","E","M","R","B",null,"M","?","M","?","M"],"character_chosen":"DEFECT","items_purchased":[],"campfire_rested":0,"item_purchase_floors":[],"current_hp_per_floor":[74,69,69,69,69,69,69,69,69,69,44,44,23,26,26,9,59,43,43,46,46,0],"gold":629,"neow_bonus":"RANDOM_COMMON_RELIC","is_prod":false,"is_daily":false,"chose_seed":false,"campfire_upgraded":5,"win_rate":0,"timestamp":1548582176,"path_taken":["M","?","?","?","M","R","?","R","T","R","E","R","E","M","R","BOSS","M","?","?","?","M"],"build_version":"2019-01-23","purchased_purges":0,"victory":false,"max_hp_per_floor":[75,69,69,69,69,69,69,69,69,69,69,69,69,69,69,69,74,74,74,74,51,51],"card_choices":[{"not_picked":["Skim","Steam"],"picked":"Self Repair","floor":1},{"not_picked":["Lockon","Skim"],"picked":"Conserve Battery","floor":4},{"not_picked":["Turbo","Compile Driver"],"picked":"Loop","floor":5},{"not_picked":["Ball Lightning","Streamline"],"picked":"Redo","floor":11},{"not_picked":["Steam","Creative AI"],"picked":"Hologram","floor":13},{"not_picked":["White Noise","Tempest"],"picked":"Loop","floor":14},{"not_picked":["Creative AI","Hyperbeam"],"picked":"Core Surge","floor":16},{"not_picked":["Consume","Double Energy"],"picked":"Conserve Battery","floor":17},{"not_picked":["Leap","Coolheaded"],"picked":"Chill+1","floor":18},{"not_picked":["Loop","Gash"],"picked":"Self Repair","floor":20}],"player_experience":204466,"relics_obtained":[{"floor":3,"key":"Lantern"},{"floor":7,"key":"Bottled Tornado"},{"floor":11,"key":"Whetstone"},{"floor":13,"key":"Emotion Chip"}],"event_choices":[{"damage_healed":0,"gold_gain":0,"player_choice":"Lose Max HP","damage_taken":0,"relics_obtained":["Golden Idol"],"max_hp_gain":0,"max_hp_loss":6,"event_name":"Golden Idol","floor":2,"gold_loss":0},{"damage_healed":0,"gold_gain":0,"player_choice":"Traded Relic","damage_taken":0,"relics_obtained":["Nloth\u0027s Gift"],"max_hp_gain":0,"max_hp_loss":0,"event_name":"N\u0027loth","floor":19,"relics_lost":["Bottled Tornado"],"gold_loss":0},{"damage_healed":0,"gold_gain":0,"player_choice":"Became a vampire","damage_taken":0,"max_hp_gain":0,"max_hp_loss":23,"event_name":"Vampires","floor":21,"gold_loss":0,"cards_obtained":["Bite","Bite","Bite","Bite","Bite"]}],"is_beta":false,"boss_relics":[{"not_picked":["Velvet Choker","FrozenCore"],"picked":"Tiny House"}],"items_purged_floors":[],"is_endless":false,"potions_floor_spawned":[1,13,14,18],"killed_by":"Chosen and Byrds","ascension_level":5}