{"gold_per_floor":[109,129,129,3,3,32,61,76,76,92,92,110,110,129,129,226,226,246,31,48,58,71,71],"floor_reached":23,"playtime":1723,"items_purged":["Strike_R"],"score":195,"play_id":"127bd6d6-79b5-4e2e-b9e2-8d4a8db53ab0","local_time":"20181007205123","is_ascension_mode":false,"campfire_choices":[{"data":"Armaments","floor":11,"key":"SMITH"},{"data":"Flex","floor":13,"key":"SMITH"},{"data":"Armaments","floor":15,"key":"SMITH"}],"neow_cost":"NONE","seed_source_timestamp":34600258088127,"circlet_count":0,"master_deck":["Strike_R","Strike_R","Strike_R","Defend_R","Defend_R","Defend_R","Defend_R","Bash","Clash","Armaments+1","Twin Strike","Flex+1","Flex","Impervious","Flex","Headbutt","Shrug It Off","Armaments+1","Fiend Fire","Body Slam+1","Offering","Inflame","Warcry+1"],"relics":["Burning Blood","NlothsMask","Lantern","Odd Mushroom","Runic Cube"],"potions_floor_usage":[21,23],"damage_taken":[{"damage":0,"enemies":"2 Louse","floor":1,"turns":2},{"damage":0,"enemies":"Cultist","floor":2,"turns":2},{"damage":13,"enemies":"Gremlin Nob","floor":6,"turns":3},{"damage":13,"enemies":"The Mushroom Lair","floor":7,"turns":4},{"damage":0,"enemies":"Jaw Worm","floor":8,"turns":3},{"damage":0,"enemies":"Large Slime","floor":10,"turns":5},{"damage":8,"enemies":"Lots of Slimes","floor":12,"turns":4},{"damage":0,"enemies":"3 Louse","floor":14,"turns":3},{"damage":63,"enemies":"The Guardian","floor":16,"turns":13},{"damage":47,"enemies":"3 Byrds","floor":18,"turns":9},{"damage":6,"enemies":"Chosen","floor":20,"turns":3},{"damage":13,"enemies":"Snecko","floor":21,"turns":5},{"damage":21,"enemies":"Snake Plant","floor":22,"turns":4},{"damage":21,"enemies":"Slavers","floor":23,"turns":2}],"seed_played":"5761203595685799975","potions_obtained":[{"floor":8,"key":"Regen Potion"},{"floor":10,"key":"SkillPotion"},{"floor":12,"key":"Block Potion"},{"floor":20,"key":"FearPotion"},{"floor":21,"key":"AttackPotion"}],"is_trial":false,"path_per_floor":["M","M","?","$","?","E","?","M","T","M","R","M","R","M","R","B",null,"M","$","M","M","M"],"character_chosen":"IRONCLAD","items_purchased":["Flex","Offering","Inflame"],"campfire_rested":0,"item_purchase_floors":[4,19,19],"current_hp_per_floor":[80,80,80,80,80,73,66,72,72,78,78,76,76,80,80,23,80,39,39,39,32,17,0],"gold":71,"neow_bonus":"THREE_CARDS","is_prod":false,"is_daily":false,"chose_seed":false,"campfire_upgraded":3,"win_rate":0,"timestamp":1538934683,"path_taken":["M","M","?","$","?","E","?","M","T","?","R","M","R","M","R","BOSS","M","$","M","M","M","E"],"build_version":"2018-10-04v2","purchased_purges":1,"victory":false,"max_hp_per_floor":[80,80,80,80,80,80,80,80,80,80,80,80,80,80,80,80,80,80,80,80,80,80,80],"card_choices":[{"not_picked":["Shrug It Off","Clothesline"],"picked":"Clash","floor":0},{"not_picked":["Iron Wave","Pommel Strike"],"picked":"Armaments","floor":1},{"not_picked":["Clothesline","Thunderclap"],"picked":"Twin Strike","floor":2},{"not_picked":["Pommel Strike","Wild Strike"],"picked":"Flex","floor":6},{"not_picked":["Perfected Strike","Clash"],"picked":"Impervious","floor":7},{"not_picked":["Clash","Dropkick"],"picked":"Flex","floor":8},{"not_picked":["Pommel Strike","Warcry"],"picked":"Headbutt","floor":10},{"not_picked":["Clash","Heavy Blade"],"picked":"Shrug It Off","floor":12},{"not_picked":["Hemokinesis","Wild Strike"],"picked":"Armaments","floor":14},{"not_picked":["Reaper","Immolate"],"picked":"Fiend Fire","floor":16},{"not_picked":["Heavy Blade+1","Perfected Strike"],"picked":"Body Slam+1","floor":18},{"not_picked":["Intimidate+1","Clothesline"],"picked":"Warcry+1","floor":20},{"not_picked":["Feel No Pain+1","Thunderclap","Headbutt"],"picked":"SKIP","floor":21},{"not_picked":["Pommel Strike","Perfected Strike+1","Warcry"],"picked":"SKIP","floor":22}],"player_experience":51220,"relics_obtained":[{"floor":6,"key":"Lantern"},{"floor":7,"key":"Odd Mushroom"}],"event_choices":[{"event_name":"FaceTrader","player_choice":"Trade","floor":3,"damage_taken":0},{"event_name":"Bonfire Elementals","player_choice":"BASIC","floor":5,"damage_taken":0},{"event_name":"Mushrooms","player_choice":"Fought Mushrooms","floor":7,"damage_taken":0}],"is_beta":false,"boss_relics":[{"not_picked":["Philosopher\u0027s Stone","Runic Pyramid"],"picked":"Runic Cube"}],"items_purged_floors":[4],"is_endless":false,"potions_floor_spawned":[8,10,12,20,21],"killed_by":"Slavers","ascension_level":0}