{"gold_per_floor":[118,132,152,152,327,327,297,313,386,386,417,417,430,444,444,567,567,562,562,242,268,168,182,210,210,210,210,221,18,18],"floor_reached":30,"playtime":1307,"items_purged":["Strike_B","Doubt","Injury"],"score":228,"play_id":"f7c2aa16-9c1c-4f3b-b0ff-613498256098","local_time":"20181208162935","is_ascension_mode":false,"campfire_choices":[{"data":"Fusion","floor":6,"key":"SMITH"},{"data":"White Noise","floor":10,"key":"SMITH"},{"floor":12,"key":"REST"},{"data":"Reinforced Body","floor":15,"key":"SMITH"},{"floor":25,"key":"REST"}],"neow_cost":"NONE","seed_source_timestamp":20404894856045,"circlet_count":0,"master_deck":["Strike_B","Strike_B","Strike_B","Defend_B","Defend_B","Defend_B","Defend_B","Zap","Dualcast","White Noise+1","Fusion+1","Loop","Reinforced Body+1","Go for the Eyes+1","Beam Cell+1","Creative AI","Glacier","Defragment","The Bomb","Conserve Battery+1","Self Repair+1","Defragment"],"relics":["Cracked Core","Molten Egg 2","Potion Belt","Cursed Key","Nloth\u0027s Gift","Omamori","Red Mask","Pantograph"],"potions_floor_usage":[8,11,16,24],"damage_taken":[{"damage":0,"enemies":"Cultist","floor":1,"turns":3},{"damage":1,"enemies":"2 Louse","floor":2,"turns":2},{"damage":2,"enemies":"Small Slimes","floor":3,"turns":4},{"damage":17,"enemies":"Exordium Thugs","floor":8,"turns":3},{"damage":26,"enemies":"3 Sentries","floor":11,"turns":8},{"damage":4,"enemies":"Exordium Wildlife","floor":13,"turns":5},{"damage":3,"enemies":"2 Fungi Beasts","floor":14,"turns":3},{"damage":21,"enemies":"Slime Boss","floor":16,"turns":15},{"damage":24,"enemies":"2 Thieves","floor":18,"turns":5},{"damage":0,"enemies":"Shell Parasite","floor":23,"turns":8},{"damage":34,"enemies":"Masked Bandits","floor":24,"turns":5},{"damage":36,"enemies":"Snake Plant","floor":28,"turns":5},{"damage":10,"enemies":"Snecko","floor":30,"turns":2}],"seed_played":"3190828952134166240","potions_obtained":[{"floor":2,"key":"SteroidPotion"},{"floor":7,"key":"Explosive Potion"},{"floor":7,"key":"Strength Potion"},{"floor":8,"key":"Regen Potion"},{"floor":14,"key":"FocusPotion"},{"floor":16,"key":"Strength Potion"},{"floor":18,"key":"Dexterity Potion"}],"is_trial":false,"path_per_floor":["M","M","M","?","?","R","?","M","T","R","E","R","M","M","R","B",null,"M","?","$","T","$","M","?","R","T","?","M","$","M"],"character_chosen":"DEFECT","items_purchased":["Defragment","The Bomb","Defragment"],"campfire_rested":2,"item_purchase_floors":[20,20,29],"current_hp_per_floor":[75,74,72,54,54,54,54,37,37,37,26,48,44,41,41,20,75,51,51,51,51,51,51,17,39,39,39,3,3,0],"gold":18,"neow_bonus":"THREE_CARDS","is_prod":false,"is_daily":false,"chose_seed":false,"campfire_upgraded":3,"win_rate":0,"timestamp":1544275775,"path_taken":["M","M","M","?","?","R","?","?","T","R","E","R","M","M","R","BOSS","M","?","$","?","?","M","?","R","T","?","M","$","M"],"build_version":"2018-12-06","purchased_purges":3,"victory":false,"max_hp_per_floor":[75,75,75,75,75,75,75,75,75,75,75,75,75,75,75,75,75,75,75,75,75,75,75,75,75,75,75,75,75,75],"card_choices":[{"not_picked":["Beam Cell","Hologram"],"picked":"White Noise","floor":0},{"not_picked":["Ball Lightning","Sunder","Stack"],"picked":"SKIP","floor":1},{"not_picked":["Hologram","Force Field"],"picked":"Fusion","floor":2},{"not_picked":["Steam Power","Static Discharge"],"picked":"Loop","floor":3},{"not_picked":["Darkness","Compile Driver"],"picked":"Reinforced Body","floor":8},{"not_picked":["Machine Learning","Loop"],"picked":"Go for the Eyes+1","floor":11},{"not_picked":["Steam","Streamline+1","Sweeping Beam+1"],"picked":"SKIP","floor":13},{"not_picked":["Turbo","Stack"],"picked":"Beam Cell+1","floor":14},{"not_picked":["Biased Cognition","Thunder Strike+1"],"picked":"Creative AI","floor":16},{"not_picked":["Doom and Gloom+1","Lockon+1"],"picked":"Glacier","floor":18},{"not_picked":["Melter+1","Compile Driver+1","Sunder+1"],"picked":"SKIP","floor":23},{"not_picked":["Scrape+1","Coolheaded"],"picked":"Conserve Battery+1","floor":24},{"not_picked":["Steam","Skim"],"picked":"Self Repair+1","floor":28}],"player_experience":271123,"relics_obtained":[{"floor":9,"key":"Molten Egg 2"},{"floor":11,"key":"Potion Belt"},{"floor":21,"key":"Omamori"},{"floor":24,"key":"Red Mask"},{"floor":26,"key":"Pantograph"}],"event_choices":[{"damage_healed":0,"gold_gain":0,"player_choice":"Take Damage","damage_taken":18,"relics_obtained":["Golden Idol"],"max_hp_gain":0,"max_hp_loss":0,"event_name":"Golden Idol","floor":4,"gold_loss":0},{"damage_healed":0,"gold_gain":175,"player_choice":"AGREE","damage_taken":0,"max_hp_gain":0,"max_hp_loss":0,"event_name":"Liars Game","floor":5,"gold_loss":0,"cards_obtained":["Doubt"]},{"damage_healed":0,"gold_gain":0,"player_choice":"Bought 2 Potions","damage_taken":0,"max_hp_gain":0,"max_hp_loss":0,"event_name":"The Woman in Blue","floor":7,"gold_loss":0},{"damage_healed":0,"gold_gain":0,"player_choice":"Traded Relic","damage_taken":0,"relics_obtained":["Nloth\u0027s Gift"],"max_hp_gain":0,"max_hp_loss":0,"event_name":"N\u0027loth","floor":19,"relics_lost":["Golden Idol"],"gold_loss":0},{"damage_healed":0,"gold_gain":0,"player_choice":"Fought Bandits","damage_taken":0,"max_hp_gain":0,"max_hp_loss":0,"event_name":"Masked Bandits","floor":24,"gold_loss":0},{"damage_healed":0,"gold_gain":0,"player_choice":"Ignored","damage_taken":0,"max_hp_gain":0,"max_hp_loss":0,"event_name":"Ghosts","floor":27,"gold_loss":0}],"is_beta":false,"boss_relics":[{"not_picked":["Eternal Feather","Lizard Tail"],"picked":"Cursed Key"}],"items_purged_floors":[20,22,29],"is_endless":false,"potions_floor_spawned":[2,8,14,16,18],"killed_by":"Snecko","ascension_level":0}