{"gold_per_floor":[366,384,404,72,87,116,116,129,129,129],"floor_reached":10,"playtime":400,"items_purged":["Strike_G"],"score":126,"play_id":"fda1d197-5d47-49a3-8eec-292588de95dc","local_time":"20190429193817","is_ascension_mode":true,"campfire_choices":[{"floor":7.0,"key":"REST"}],"neow_cost":"PERCENT_DAMAGE","seed_source_timestamp":34697192404497,"circlet_count":0,"master_deck":["AscendersBane","Defend_G","Defend_G","Defend_G","Defend_G","Defend_G","Strike_G","Strike_G","Strike_G","Strike_G","Survivor","Neutralize","Deadly Poison","Footwork","Leg Sweep","Footwork","Cloak And Dagger","Caltrops","Acrobatics","Blade Dance"],"special_seed":0,"relics":["Ring of the Snake","PreservedInsect","Pen Nib","Ginger"],"potions_floor_usage":[],"damage_taken":[{"damage":1.0,"enemies":"Small Slimes","floor":1.0,"turns":4.0},{"damage":1.0,"enemies":"2 Louse","floor":2.0,"turns":3.0},{"damage":0.0,"enemies":"Cultist","floor":3.0,"turns":4.0},{"damage":0.0,"enemies":"3 Louse","floor":5.0,"turns":7.0},{"damage":28.0,"enemies":"Gremlin Nob","floor":6.0,"turns":6.0},{"damage":15,"enemies":"Exordium Wildlife","floor":8,"turns":10}],"seed_played":"-1803483651381937387","potions_obtained":[{"floor":2.0,"key":"PowerPotion"},{"floor":8,"key":"FearPotion"}],"is_trial":false,"path_per_floor":["M","M","M","$","M","E","R","M","T","?"],"character_chosen":"THE_SILENT","items_purchased":["Footwork","PreservedInsect","Cloak And Dagger"],"campfire_rested":1,"item_purchase_floors":[4,4,4],"current_hp_per_floor":[43,42,42,42,42,14,33,18,18,0],"gold":129,"neow_bonus":"TWO_FIFTY_GOLD","is_prod":false,"is_daily":false,"chose_seed":false,"campfire_upgraded":0,"win_rate":0,"timestamp":1556534297,"path_taken":["M","M","M","$","M","E","R","M","T","?"],"build_version":"2019-01-23","purchased_purges":1,"victory":false,"max_hp_per_floor":[66,66,66,66,66,66,66,66,66,66],"card_choices":[{"not_picked":["Sucker Punch","Quick Slash"],"picked":"Deadly Poison","floor":1.0},{"not_picked":["Blur","Prepared"],"picked":"Footwork","floor":2.0},{"not_picked":["Riddle With Holes","Deflect"],"picked":"Leg Sweep","floor":3.0},{"not_picked":["PiercingWail","Flying Knee"],"picked":"Caltrops","floor":5.0},{"not_picked":["Deadly Poison","Backflip"],"picked":"Acrobatics","floor":6.0},{"not_picked":["Bouncing Flask","Outmaneuver"],"picked":"Blade Dance","floor":8}],"player_experience":724508,"relics_obtained":[{"floor":6.0,"key":"Pen Nib"},{"floor":9,"key":"Ginger"}],"event_choices":[],"is_beta":false,"boss_relics":[],"items_purged_floors":[4],"is_endless":false,"potions_floor_spawned":[2,8],"ascension_level":16}