{"gold_per_floor":[114,114,114,125,139,139,155,155,204,221,221,246,246,246,246,347,347,357,51,51,65,82,82,82,82,130,150,164,199,209,228,228,332,332,345,7,22,22,38,38,49,49,49,62,62,76,76,93,93,93],"floor_reached":51,"playtime":4608,"items_purged":["Strike_G","Defend_G"],"score":623,"play_id":"358d9f1a-30e3-46af-837a-464c63c78f9d","local_time":"20181216180249","is_ascension_mode":false,"campfire_choices":[{"data":"After Image","floor":6.0,"key":"SMITH"},{"data":"Cloak And Dagger","floor":8.0,"key":"SMITH"},{"floor":11.0,"key":"REST"},{"data":"Cloak And Dagger","floor":13.0,"key":"SMITH"},{"data":"Deadly Poison","floor":15.0,"key":"SMITH"},{"data":"Footwork","floor":23.0,"key":"SMITH"},{"data":"Sucker Punch","floor":25.0,"key":"SMITH"},{"floor":32.0,"key":"REST"},{"data":"Well Laid Plans","floor":40,"key":"SMITH"},{"data":"Night Terror","floor":42,"key":"SMITH"},{"data":"Footwork","floor":47,"key":"SMITH"},{"floor":49,"key":"REST"}],"neow_cost":"PERCENT_DAMAGE","seed_source_timestamp":19708718787536,"circlet_count":0,"master_deck":["Defend_G","Defend_G","Defend_G+1","Survivor","Neutralize+1","Deadly Poison+1","After Image+1","Cloak And Dagger+1","Cloak And Dagger+1","Heel Hook","Backflip+1","Bullet Time","Blade Dance","Footwork+1","Sucker Punch+1","Blur","Prepared+1","Deadly Poison+1","Night Terror+1","Corpse Explosion","Well Laid Plans+1","Backflip","Infinite Blades+1","Footwork+1","After Image+1","Dodge and Roll+1","Blur+1","Noxious Fumes"],"special_seed":0,"relics":["Ring of the Snake","PreservedInsect","Bag of Preparation","Philosopher\u0027s Stone","ClockworkSouvenir","Happy Flower","War Paint","Orrery","Paper Crane","Regal Pillow"],"potions_floor_usage":[50,50],"damage_taken":[{"damage":0.0,"enemies":"Jaw Worm","floor":1.0,"turns":6.0},{"damage":0.0,"enemies":"2 Louse","floor":4.0,"turns":3.0},{"damage":1.0,"enemies":"Cultist","floor":5.0,"turns":4.0},{"damage":0.0,"enemies":"Looter","floor":7.0,"turns":4.0},{"damage":0.0,"enemies":"Exordium Thugs","floor":10.0,"turns":4.0},{"damage":5.0,"enemies":"3 Sentries","floor":12.0,"turns":9.0},{"damage":51.0,"enemies":"Slime Boss","floor":16.0,"turns":19.0},{"damage":16.0,"enemies":"Chosen","floor":18.0,"turns":5.0},{"damage":0.0,"enemies":"3 Byrds","floor":21.0,"turns":7.0},{"damage":3.0,"enemies":"Centurion and Healer","floor":22.0,"turns":7.0},{"damage":9.0,"enemies":"3 Cultists","floor":27.0,"turns":7.0},{"damage":0.0,"enemies":"Snecko","floor":28.0,"turns":6.0},{"damage":12.0,"enemies":"Slavers","floor":29.0,"turns":7.0},{"damage":0.0,"enemies":"Snake Plant","floor":30.0,"turns":5.0},{"damage":0.0,"enemies":"3 Cultists","floor":31.0,"turns":8.0},{"damage":1,"enemies":"Champ","floor":33,"turns":16},{"damage":0,"enemies":"Orb Walker","floor":35,"turns":4},{"damage":11,"enemies":"3 Darklings","floor":37,"turns":5},{"damage":2,"enemies":"4 Shapes","floor":39,"turns":6},{"damage":0,"enemies":"Jaw Worm Horde","floor":41,"turns":7},{"damage":3,"enemies":"Writhing Mass","floor":44,"turns":9},{"damage":0,"enemies":"Maw","floor":46,"turns":9},{"damage":0,"enemies":"Jaw Worm Horde","floor":48,"turns":4},{"damage":19,"enemies":"Awakened One","floor":50,"turns":20}],"seed_played":"5895715889566063850","potions_obtained":[{"floor":1.0,"key":"SpeedPotion"},{"floor":5.0,"key":"Dexterity Potion"},{"floor":7.0,"key":"Ancient Potion"},{"floor":12.0,"key":"Dexterity Potion"},{"floor":20.0,"key":"Dexterity Potion"},{"floor":31.0,"key":"GamblersBrew"}],"is_trial":false,"path_per_floor":["M","?","?","M","M","R","M","R","T","M","R","E","R","?","R","B",null,"M","$","?","M","M","R","?","R","T","M","M","E","M","M","R","B",null,"M","$","M","?","M","R","M","R","T","M","?","M","R","M","R","B",null],"character_chosen":"THE_SILENT","items_purchased":["Footwork","ClockworkSouvenir","Paper Crane"],"campfire_rested":3,"item_purchase_floors":[19,19,36],"current_hp_per_floor":[49,42,42,42,41,41,41,41,41,41,62,57,57,57,57,6,70,54,54,54,54,51,51,51,51,51,42,42,30,30,30,51,50,70,70,70,59,59,57,57,57,57,57,54,54,54,54,54,70,51],"gold":93,"neow_bonus":"REMOVE_TWO","is_prod":false,"is_daily":false,"chose_seed":false,"campfire_upgraded":9,"win_rate":0,"timestamp":1544972569,"path_taken":["M","?","?","M","?","R","M","R","T","M","R","E","R","?","R","BOSS","M","$","?","M","?","R","?","R","T","?","M","E","M","M","R","BOSS","M","$","M","?","M","R","M","R","T","?","?","M","R","M","R","BOSS"],"build_version":"2018-12-13","purchased_purges":2,"victory":true,"max_hp_per_floor":[70,70,70,70,70,70,70,70,70,70,70,70,70,70,70,70,70,70,70,70,70,70,70,70,70,70,70,70,70,70,70,70,70,70,70,70,70,70,70,70,70,70,70,70,70,70,70,70,70,70],"card_choices":[{"not_picked":["Backstab","Prepared"],"picked":"Deadly Poison","floor":1.0},{"not_picked":["Slice","Eviscerate","Reflex"],"picked":"SKIP","floor":4.0},{"not_picked":["Deflect","Masterful Stab"],"picked":"Cloak And Dagger","floor":5.0},{"not_picked":["Deadly Poison","Concentrate"],"picked":"Cloak And Dagger","floor":7.0},{"not_picked":["Flying Knee","Slice"],"picked":"Heel Hook","floor":10.0},{"not_picked":["Venomology","Slice"],"picked":"Backflip","floor":12.0},{"not_picked":["Unload","Wraith Form v2"],"picked":"Bullet Time","floor":16.0},{"not_picked":["Bane","Acrobatics"],"picked":"Blade Dance","floor":18.0},{"not_picked":["Unload","Poisoned Stab"],"picked":"Sucker Punch","floor":21.0},{"not_picked":["Underhanded Strike","Accuracy"],"picked":"Blur","floor":22.0},{"not_picked":["Concentrate+1","Flying Knee","Slice"],"picked":"SKIP","floor":27.0},{"not_picked":["Cloak And Dagger","Deflect"],"picked":"Prepared+1","floor":28.0},{"not_picked":["Flechettes","Deflect"],"picked":"Deadly Poison+1","floor":29.0},{"not_picked":["Deflect","Masterful Stab+1","Quick Slash"],"picked":"SKIP","floor":30.0},{"not_picked":["Underhanded Strike","Dodge and Roll"],"picked":"Night Terror","floor":31.0},{"not_picked":["Doppelganger","Venomology"],"picked":"Corpse Explosion","floor":33},{"not_picked":["Cloak And Dagger","Night Terror"],"picked":"Well Laid Plans","floor":34},{"not_picked":["Underhanded Strike","Predator"],"picked":"Backflip","floor":34},{"not_picked":["Crippling Poison","Leg Sweep+1"],"picked":"Infinite Blades+1","floor":34},{"not_picked":["Accuracy","Bouncing Flask"],"picked":"Footwork","floor":34},{"not_picked":["Poisoned Stab+1","Endless Agony","Expertise+1"],"picked":"SKIP","floor":35},{"not_picked":["Flying Knee+1","Deadly Poison","Underhanded Strike+1"],"picked":"SKIP","floor":37},{"not_picked":["Terror","Sucker Punch+1"],"picked":"Dodge and Roll+1","floor":39},{"not_picked":["PiercingWail","Deflect+1","Endless Agony"],"picked":"SKIP","floor":41},{"not_picked":["Underhanded Strike","Finisher"],"picked":"Blur+1","floor":44},{"not_picked":["Predator","Deflect"],"picked":"Noxious Fumes","floor":46},{"not_picked":["Outmaneuver","Dodge and Roll+1","Flying Knee+1"],"picked":"SKIP","floor":48}],"player_experience":341322,"relics_obtained":[{"floor":9.0,"key":"PreservedInsect"},{"floor":12.0,"key":"Bag of Preparation"},{"floor":26.0,"key":"Happy Flower"},{"floor":29.0,"key":"War Paint"},{"floor":43,"key":"Regal Pillow"}],"event_choices":[{"cards_removed":["Strike_G"],"damage_healed":0.0,"max_hp_gain":0.0,"max_hp_loss":0.0,"gold_gain":0.0,"event_name":"Golden Wing","player_choice":"Card Removal","floor":2.0,"gold_loss":0.0,"damage_taken":7.0},{"damage_healed":0.0,"max_hp_gain":0.0,"max_hp_loss":0.0,"gold_gain":0.0,"cards_transformed":["Strike_G"],"event_name":"Transmorgrifier","player_choice":"Transformed","floor":3.0,"gold_loss":0.0,"damage_taken":0.0,"cards_obtained":["After Image"]},{"damage_healed":0.0,"max_hp_gain":0.0,"max_hp_loss":0.0,"gold_gain":0.0,"event_name":"Upgrade Shrine","player_choice":"Upgraded","floor":14.0,"gold_loss":0.0,"damage_taken":0.0,"cards_upgraded":["Neutralize"]},{"damage_healed":0.0,"max_hp_gain":0.0,"max_hp_loss":0.0,"gold_gain":0.0,"event_name":"Lab","player_choice":"Got Potions","floor":20.0,"gold_loss":0.0,"damage_taken":0.0},{"cards_removed":["Strike_G"],"damage_healed":0.0,"max_hp_gain":0.0,"max_hp_loss":0.0,"gold_gain":0.0,"event_name":"Bonfire Elementals","player_choice":"Offered Basic","floor":24.0,"gold_loss":0.0,"damage_taken":0.0},{"damage_healed":0,"gold_gain":0,"player_choice":"Copied","damage_taken":0,"max_hp_gain":0,"max_hp_loss":0,"event_name":"Duplicator","floor":38,"gold_loss":0,"cards_obtained":["After Image"]},{"damage_healed":0,"gold_gain":0,"player_choice":"Memory 1","damage_taken":0,"max_hp_gain":0,"max_hp_loss":0,"event_name":"SensoryStone","floor":45,"gold_loss":0}],"is_beta":false,"boss_relics":[{"not_picked":["HoveringKite","Ring of the Serpent"],"picked":"Philosopher\u0027s Stone"},{"not_picked":["Coffee Dripper","Empty Cage"],"picked":"Orrery"}],"items_purged_floors":[19,36],"is_endless":false,"potions_floor_spawned":[1,5,7,12,21,22,29,31,33,37,41,48],"ascension_level":0}