{"gold_per_floor":[111,125,50,50,20,20,34,48,48,123,123,133,147,164,164,263,263,248,47,57,70,87,87,87],"floor_reached":24,"playtime":1727,"items_purged":["Strike_R","Strike_R"],"score":192,"play_id":"fcda0a9e-7bcd-4c0b-997e-936036f35855","local_time":"20181019220321","is_ascension_mode":false,"campfire_choices":[{"data":"True Grit","floor":6,"key":"SMITH"},{"data":"Entrench","floor":11,"key":"SMITH"},{"floor":15,"key":"REST"},{"data":"Armaments","floor":23,"key":"SMITH"}],"neow_cost":"NONE","seed_source_timestamp":8613317277006,"circlet_count":0,"master_deck":["Strike_R+1","Strike_R+1","Strike_R","Defend_R","Defend_R","Defend_R","Defend_R","Bash+1","True Grit+1","Berserk","Dark Shackles","Entrench+1","Flex","Reaper","Pommel Strike","Double Tap","Evolve","Body Slam","Inflame","Armaments+1","Shrug It Off","Shrug It Off"],"relics":["Burning Blood","Whetstone","Mark of Pain"],"potions_floor_usage":[7,14,16,16,24],"damage_taken":[{"damage":1,"enemies":"Cultist","floor":1,"turns":3},{"damage":0,"enemies":"2 Louse","floor":2,"turns":4},{"damage":0,"enemies":"Small Slimes","floor":7,"turns":5},{"damage":3,"enemies":"Looter","floor":8,"turns":4},{"damage":13,"enemies":"Lots of Slimes","floor":12,"turns":7},{"damage":32,"enemies":"Gremlin Gang","floor":13,"turns":9},{"damage":9,"enemies":"Blue Slaver","floor":14,"turns":4},{"damage":51,"enemies":"Slime Boss","floor":16,"turns":17},{"damage":32,"enemies":"2 Thieves","floor":18,"turns":4},{"damage":24,"enemies":"Shell Parasite","floor":20,"turns":7},{"damage":21,"enemies":"Shelled Parasite and Fungi","floor":21,"turns":8},{"damage":24,"enemies":"Snake Plant","floor":22,"turns":6},{"damage":57,"enemies":"Slavers","floor":24,"turns":5}],"seed_played":"-7866349200418811986","potions_obtained":[{"floor":2,"key":"Fruit Juice"},{"floor":5,"key":"FearPotion"},{"floor":5,"key":"AttackPotion"},{"floor":7,"key":"FearPotion"},{"floor":14,"key":"Dexterity Potion"},{"floor":16,"key":"FearPotion"}],"is_trial":false,"path_per_floor":["M","M","$","?","?","R","M","M","T","?","R","M","M","M","R","B",null,"M","$","M","M","M","R"],"character_chosen":"IRONCLAD","items_purchased":["Body Slam","Inflame"],"campfire_rested":1,"item_purchase_floors":[19,19],"current_hp_per_floor":[80,80,80,80,80,80,85,85,85,74,74,67,41,38,63,26,85,80,80,71,56,42,42,0],"gold":87,"neow_bonus":"UPGRADE_CARD","is_prod":false,"is_daily":false,"chose_seed":false,"campfire_upgraded":3,"win_rate":0,"timestamp":1539975801,"path_taken":["M","M","$","?","?","R","?","M","T","?","R","M","?","M","R","BOSS","M","$","M","?","M","R","E"],"build_version":"2018-10-18","purchased_purges":2,"victory":false,"max_hp_per_floor":[80,80,80,80,80,80,85,85,85,85,85,85,85,85,85,85,85,85,85,85,85,85,85,85],"card_choices":[{"not_picked":["Anger","Flex","Fire Breathing"],"picked":"SKIP","floor":1},{"not_picked":["Shrug It Off","Heavy Blade"],"picked":"True Grit","floor":2},{"not_picked":["Sentinel","Flex"],"picked":"Entrench","floor":7},{"not_picked":["Entrench","Heavy Blade"],"picked":"Flex","floor":8},{"not_picked":["True Grit","Sword Boomerang","Perfected Strike"],"picked":"SKIP","floor":12},{"not_picked":["Pommel Strike","Flex"],"picked":"Reaper","floor":13},{"not_picked":["Wild Strike","Whirlwind"],"picked":"Pommel Strike","floor":14},{"not_picked":["Immolate","Brutality"],"picked":"Double Tap","floor":16},{"not_picked":["Twin Strike+1","Whirlwind"],"picked":"Evolve","floor":18},{"not_picked":["Clothesline","Corruption+1"],"picked":"Armaments","floor":20},{"not_picked":["Pommel Strike+1","Wild Strike"],"picked":"Shrug It Off","floor":21},{"not_picked":["Fire Breathing","Anger+1"],"picked":"Shrug It Off","floor":22}],"player_experience":78455,"relics_obtained":[{"floor":9,"key":"Whetstone"}],"event_choices":[{"damage_healed":0,"gold_gain":0,"player_choice":"2 cards matched","damage_taken":0,"max_hp_gain":0,"max_hp_loss":0,"event_name":"Match and Keep!","floor":4,"gold_loss":0,"cards_obtained":["Berserk","Dark Shackles"]},{"damage_healed":0,"gold_gain":0,"player_choice":"2 cards matched","damage_taken":0,"max_hp_gain":0,"max_hp_loss":0,"event_name":"Match and Keep!","floor":4,"gold_loss":0,"cards_obtained":["Berserk","Dark Shackles"]},{"damage_healed":0,"gold_gain":0,"player_choice":"Bought 2 Potions","damage_taken":0,"max_hp_gain":0,"max_hp_loss":0,"event_name":"The Woman in Blue","floor":5,"gold_loss":0},{"damage_healed":0,"gold_gain":75,"player_choice":"Gather Gold","damage_taken":11,"max_hp_gain":0,"max_hp_loss":0,"event_name":"World of Goop","floor":10,"gold_loss":0}],"is_beta":false,"boss_relics":[{"not_picked":["Black Star","Runic Pyramid"],"picked":"Mark of Pain"}],"items_purged_floors":[3,19],"is_endless":false,"potions_floor_spawned":[2,7,14,16],"killed_by":"Slavers","ascension_level":0}