{"gold_per_floor":[117,132,151,168,178,206,216,216,270,283,283,247,260,18,18,116,116,132,152,168,183,98,123,123,134,158,158,171,184,184,194,194,296,296,307,325,343,343,343,343,11,11,11,38,38,52,70,85,85,85],"floor_reached":50,"playtime":3659,"items_purged":[],"score":554,"play_id":"6ac9ca72-7df7-45c8-8d14-44783bdf3757","local_time":"20190106023256","is_ascension_mode":false,"campfire_choices":[{"data":"Zap","floor":8,"key":"SMITH"},{"data":"Loop","floor":11,"key":"SMITH"},{"floor":15,"key":"REST"},{"data":"Dualcast","floor":27,"key":"SMITH"},{"data":"Electrodynamics","floor":30,"key":"SMITH"},{"data":"Lockon","floor":32,"key":"SMITH"},{"data":"Fission","floor":40,"key":"SMITH"},{"data":"Blizzard","floor":45,"key":"SMITH"},{"floor":49,"key":"REST"}],"neow_cost":"NONE","seed_source_timestamp":190515447772961,"circlet_count":0,"master_deck":["Strike_B+1","Defend_B","Defend_B","Defend_B","Defend_B","Zap+1","Dualcast+1","Cold Snap","Doom and Gloom","Coolheaded","Rebound+1","Sweeping Beam","FTL","Loop+1","Gash","Loop","Lockon+1","Electrodynamics+1","Doom and Gloom","Hello World","Rebound","Steam+1","Sweeping Beam","Glacier","Coolheaded","Ball Lightning","Redo","Streamline+1","Fission+1","Rebound+1","Steam","Dramatic Entrance","Blizzard+1","Ball Lightning","Coolheaded","Turbo+1","Hologram","Stack+1","Coolheaded+1"],"relics":["Cracked Core","PreservedInsect","Centennial Puzzle","Whetstone","Meat on the Bone","Eternal Feather","Thread and Needle","Kunai","Bag of Marbles","Empty Cage","Happy Flower","Frozen Egg 2","Smiling Mask","Lantern"],"potions_floor_usage":[4,16,21,23,29,33,37,37,44,50,50,50],"damage_taken":[{"damage":1,"enemies":"Cultist","floor":1,"turns":3},{"damage":0,"enemies":"Small Slimes","floor":2,"turns":3},{"damage":4,"enemies":"Jaw Worm","floor":3,"turns":2},{"damage":5,"enemies":"Exordium Thugs","floor":4,"turns":4},{"damage":11,"enemies":"Exordium Wildlife","floor":5,"turns":3},{"damage":18,"enemies":"3 Sentries","floor":6,"turns":4},{"damage":5,"enemies":"3 Louse","floor":7,"turns":3},{"damage":10,"enemies":"Exordium Thugs","floor":10,"turns":3},{"damage":5,"enemies":"Gremlin Gang","floor":13,"turns":2},{"damage":17,"enemies":"Slime Boss","floor":16,"turns":11},{"damage":8,"enemies":"Spheric Guardian","floor":18,"turns":3},{"damage":12,"enemies":"Chosen","floor":19,"turns":5},{"damage":29,"enemies":"3 Cultists","floor":20,"turns":4},{"damage":11,"enemies":"Snake Plant","floor":21,"turns":4},{"damage":9,"enemies":"Gremlin Leader","floor":23,"turns":3},{"damage":0,"enemies":"Snecko","floor":25,"turns":5},{"damage":8,"enemies":"Centurion and Healer","floor":28,"turns":4},{"damage":0,"enemies":"3 Cultists","floor":29,"turns":2},{"damage":13,"enemies":"Snake Plant","floor":31,"turns":3},{"damage":28,"enemies":"Collector","floor":33,"turns":6},{"damage":3,"enemies":"3 Shapes","floor":35,"turns":4},{"damage":31,"enemies":"3 Darklings","floor":36,"turns":3},{"damage":19,"enemies":"Spire Growth","floor":37,"turns":6},{"damage":4,"enemies":"Nemesis","floor":44,"turns":5},{"damage":7,"enemies":"4 Shapes","floor":46,"turns":4},{"damage":23,"enemies":"Maw","floor":47,"turns":7},{"damage":24,"enemies":"Transient","floor":48,"turns":5},{"damage":77,"enemies":"Donu and Deca","floor":50,"turns":8}],"seed_played":"2917363223622517150","potions_obtained":[{"floor":3,"key":"AttackPotion"},{"floor":6,"key":"SkillPotion"},{"floor":7,"key":"Strength Potion"},{"floor":13,"key":"Block Potion"},{"floor":19,"key":"Energy Potion"},{"floor":23,"key":"Poison Potion"},{"floor":28,"key":"Explosive Potion"},{"floor":29,"key":"FocusPotion"},{"floor":36,"key":"SkillPotion"},{"floor":46,"key":"Poison Potion"},{"floor":47,"key":"Dexterity Potion"},{"floor":48,"key":"LiquidBronze"}],"is_trial":false,"path_per_floor":["M","M","M","M","M","E","M","R","T","M","R","$","M","$","R","B",null,"M","M","M","M","?","E","?","M","T","R","M","M","R","M","R","B",null,"M","M","M","?","?","R","$","T","T","E","R","M","M","M","R","B"],"character_chosen":"DEFECT","items_purchased":["Loop","Meat on the Bone","Happy Flower","Blizzard","Ball Lightning","Coolheaded"],"campfire_rested":2,"item_purchase_floors":[12,14,41,41,41,41],"current_hp_per_floor":[74,74,70,65,54,36,31,31,31,21,21,21,16,16,38,33,75,67,55,38,39,39,42,42,42,42,57,49,49,64,51,69,41,75,72,41,34,34,34,52,52,52,52,48,69,62,39,27,70,0],"gold":85,"neow_bonus":"RANDOM_COMMON_RELIC","is_prod":false,"is_daily":false,"chose_seed":false,"campfire_upgraded":7,"win_rate":0.0,"timestamp":1546713176,"path_taken":["M","M","M","M","M","E","?","R","T","M","R","$","M","$","R","BOSS","M","M","M","M","?","E","?","M","T","R","M","M","R","M","R","BOSS","M","M","M","?","?","R","$","?","T","E","R","M","M","M","R","BOSS"],"build_version":"2019-01-03v4","purchased_purges":0,"victory":false,"max_hp_per_floor":[75,75,75,75,75,75,75,75,75,75,75,75,75,75,75,75,75,75,75,75,75,75,75,75,75,75,75,75,75,75,75,75,75,75,75,75,75,75,75,75,75,75,75,75,75,75,75,75,75,75],"card_choices":[{"not_picked":["Compile Driver","Go for the Eyes"],"picked":"Cold Snap","floor":1},{"not_picked":["Force Field","Go for the Eyes"],"picked":"Doom and Gloom","floor":2},{"not_picked":["Steam","Stack"],"picked":"Coolheaded","floor":3},{"not_picked":["Sweeping Beam","Stack"],"picked":"Rebound","floor":4},{"not_picked":["Rebound","Defragment"],"picked":"Sweeping Beam","floor":5},{"not_picked":["Tempest","Scrape"],"picked":"FTL","floor":6},{"not_picked":["Redo","BootSequence"],"picked":"Loop","floor":7},{"not_picked":["Hologram","Amplify"],"picked":"Gash","floor":10},{"not_picked":["Go for the Eyes","Hologram"],"picked":"Lockon","floor":13},{"not_picked":["Biased Cognition","Multi-Cast"],"picked":"Electrodynamics","floor":16},{"not_picked":["Barrage","Go for the Eyes+1"],"picked":"Doom and Gloom","floor":18},{"not_picked":["Turbo","Steam"],"picked":"Hello World","floor":19},{"not_picked":["Biased Cognition","Auto Shields"],"picked":"Rebound","floor":20},{"not_picked":["Barrage","Fusion"],"picked":"Steam+1","floor":21},{"not_picked":["Heatsinks","Leap+1"],"picked":"Sweeping Beam","floor":23},{"not_picked":["Beam Cell","Steam+1"],"picked":"Coolheaded","floor":25},{"not_picked":["Seek","Doom and Gloom+1"],"picked":"Ball Lightning","floor":28},{"not_picked":["Leap+1","Gash+1"],"picked":"Redo","floor":29},{"not_picked":["Coolheaded","Hologram"],"picked":"Streamline+1","floor":31},{"not_picked":["Biased Cognition","Multi-Cast"],"picked":"Fission","floor":33},{"not_picked":["Beam Cell","Sweeping Beam"],"picked":"Rebound+1","floor":35},{"not_picked":["Melter","Defragment"],"picked":"Hello World","floor":36},{"not_picked":["Sweeping Beam","Rebound"],"picked":"Steam","floor":37},{"not_picked":["Apotheosis","HandOfGreed"],"picked":"Dramatic Entrance","floor":38},{"not_picked":["FTL","Undo+1"],"picked":"Turbo+1","floor":44},{"not_picked":["Genetic Algorithm+1","Capacitor+1"],"picked":"Hologram","floor":46},{"not_picked":["Reprogram+1","Barrage"],"picked":"Stack+1","floor":47},{"not_picked":["Force Field","Lockon"],"picked":"Coolheaded+1","floor":48}],"player_experience":59020,"relics_obtained":[{"floor":6,"key":"Centennial Puzzle"},{"floor":9,"key":"Whetstone"},{"floor":23,"key":"Kunai"},{"floor":26,"key":"Bag of Marbles"},{"floor":42,"key":"Frozen Egg 2"},{"floor":43,"key":"Smiling Mask"},{"floor":44,"key":"Lantern"}],"event_choices":[{"damage_healed":0,"gold_gain":0,"player_choice":"Obtained Relic","damage_taken":0,"relics_obtained":["Thread and Needle"],"max_hp_gain":0,"max_hp_loss":0,"event_name":"Addict","floor":22,"gold_loss":85},{"damage_healed":0,"gold_gain":0,"cards_transformed":["Strike_B"],"player_choice":"Transformed","damage_taken":0,"max_hp_gain":0,"max_hp_loss":0,"event_name":"Transmorgrifier","floor":24,"gold_loss":0,"cards_obtained":["Glacier"]},{"damage_healed":0,"gold_gain":0,"player_choice":"Memory 1","damage_taken":0,"max_hp_gain":0,"max_hp_loss":0,"event_name":"SensoryStone","floor":38,"gold_loss":0},{"cards_removed":["Hello World"],"damage_healed":0,"gold_gain":0,"player_choice":"Removed Power","damage_taken":0,"max_hp_gain":0,"max_hp_loss":0,"event_name":"Falling","floor":39,"gold_loss":0}],"is_beta":false,"boss_relics":[{"not_picked":["Inserter","Lizard Tail"],"picked":"Eternal Feather"},{"not_picked":["Snecko Eye","FrozenCore"],"picked":"Empty Cage"}],"items_purged_floors":[],"is_endless":false,"potions_floor_spawned":[3,6,7,13,19,23,28,29,36,46,47,48],"killed_by":"Donu and Deca","ascension_level":0}