{"gold_per_floor":[111,121,121,140,156,188,188,213,264,264,539,539,127,144,144,222,222,237,237,254,254,20,20,20,20,20,49,1,21,21,21,21,99,99,110,121,136,236,236,236,248,261,286,101,101,115,115,127,127,127],"floor_reached":51,"playtime":4525,"items_purged":["Regret","Strike_G","Strike_G"],"score":1094,"play_id":"892dd8ee-7040-4c8f-8c18-21b88eb233ca","local_time":"20190112191525","is_ascension_mode":true,"campfire_choices":[{"floor":7.0,"key":"REST"},{"floor":12.0,"key":"REST"},{"floor":15.0,"key":"REST"},{"floor":23.0,"key":"REST"},{"floor":25.0,"key":"REST"},{"floor":32.0,"key":"REST"},{"floor":40.0,"key":"REST"},{"floor":45.0,"key":"REST"},{"floor":47.0,"key":"REST"},{"floor":49.0,"key":"REST"}],"neow_cost":"NONE","seed_source_timestamp":28436855042454,"circlet_count":0,"master_deck":["AscendersBane","Defend_G","Defend_G","Defend_G","Defend_G","Defend_G","Strike_G+1","Survivor","Neutralize","Acrobatics","Dash","Choke+1","Escape Plan","Well Laid Plans+1","Predator+1","Deflect+1","Secret Weapon+1","Backstab+1","Burst+1","Sucker Punch+1","Cloak And Dagger+1","Caltrops","Infinite Blades","Backflip+1","Prepared+1","Blur+1","Night Terror+1","Escape Plan+1","Blur+1","Noxious Fumes","Backflip+1","Phantasmal Killer+1","Acrobatics+1","Prepared+1"],"special_seed":0,"relics":["Fusion Hammer","Molten Egg 2","Toxic Egg 2","Smiling Mask","Juzu Bracelet","Philosopher\u0027s Stone","Whetstone","Gremlin Horn","Oddly Smooth Stone","Mummified Hand","White Beast Statue","Calipers","Strawberry"],"potions_floor_usage":[50,50],"damage_taken":[{"damage":5.0,"enemies":"Cultist","floor":1.0,"turns":5.0},{"damage":4.0,"enemies":"Small Slimes","floor":2.0,"turns":3.0},{"damage":0.0,"enemies":"2 Louse","floor":4.0,"turns":3.0},{"damage":15.0,"enemies":"Exordium Thugs","floor":5.0,"turns":4.0},{"damage":11.0,"enemies":"Gremlin Nob","floor":6.0,"turns":4.0},{"damage":20.0,"enemies":"Lagavulin","floor":8.0,"turns":8.0},{"damage":0.0,"enemies":"3 Louse","floor":14.0,"turns":3.0},{"damage":11.0,"enemies":"Hexaghost","floor":16.0,"turns":12.0},{"damage":0.0,"enemies":"Chosen","floor":18.0,"turns":4.0},{"damage":27.0,"enemies":"3 Byrds","floor":20.0,"turns":5.0},{"damage":11.0,"enemies":"Book of Stabbing","floor":27.0,"turns":5.0},{"damage":0.0,"enemies":"Centurion and Healer","floor":29.0,"turns":5.0},{"damage":16.0,"enemies":"Collector","floor":33.0,"turns":12.0},{"damage":0.0,"enemies":"3 Darklings","floor":35.0,"turns":6.0},{"damage":0.0,"enemies":"Orb Walker","floor":36.0,"turns":4.0},{"damage":25.0,"enemies":"Jaw Worm Horde","floor":37.0,"turns":8.0},{"damage":0.0,"enemies":"Mind Bloom Boss Battle","floor":38.0,"turns":9.0},{"damage":28.0,"enemies":"Transient","floor":41.0,"turns":5.0},{"damage":0.0,"enemies":"4 Shapes","floor":42.0,"turns":5.0},{"damage":0.0,"enemies":"Sphere and 2 Shapes","floor":46.0,"turns":9.0},{"damage":5.0,"enemies":"Jaw Worm Horde","floor":48.0,"turns":6.0},{"damage":61,"enemies":"Donu and Deca","floor":50,"turns":16}],"seed_played":"-670309820047904297","potions_obtained":[{"floor":5.0,"key":"Explosive Potion"},{"floor":6.0,"key":"Strength Potion"},{"floor":8.0,"key":"Energy Potion"},{"floor":16.0,"key":"EssenceOfSteel"},{"floor":27.0,"key":"SpeedPotion"},{"floor":29.0,"key":"SkillPotion"},{"floor":35.0,"key":"SkillPotion"},{"floor":36.0,"key":"GhostInAJar"},{"floor":41.0,"key":"GhostInAJar"}],"is_trial":false,"path_per_floor":["M","M","?","M","M","E","R","E","T","?","?","R","$","M","R","B",null,"M","?","M","?","$","R","?","R","T","E","$","M","T","?","R","B",null,"M","M","M","?","?","R","M","M","T","$","R","M","R","M","R","B",null],"character_chosen":"THE_SILENT","items_purchased":["Deflect+1","Secret Weapon+1","Juzu Bracelet","Whetstone","Infinite Blades","Prepared+1","Phantasmal Killer+1"],"campfire_rested":10,"item_purchase_floors":[13,13,13,22,22,28,44],"current_hp_per_floor":[54,50,50,50,35,24,43,23,23,23,23,42,42,42,61,50,62,62,44,17,17,17,38,38,59,59,48,48,48,48,48,69,53,67,67,67,42,42,42,63,35,35,42,42,65,65,78,73,78,17],"gold":127,"neow_bonus":"BOSS_RELIC","is_prod":false,"is_daily":false,"chose_seed":false,"campfire_upgraded":0,"win_rate":0,"timestamp":1547309725,"path_taken":["M","M","?","M","?","E","R","E","T","?","?","R","$","M","R","BOSS","M","?","M","?","$","R","?","R","T","E","$","M","?","?","R","BOSS","M","M","M","?","?","R","M","M","T","$","R","M","R","M","R","BOSS"],"build_version":"2019-01-10","purchased_purges":3,"victory":true,"max_hp_per_floor":[66,66,66,66,66,66,66,66,66,66,66,66,66,66,66,66,66,66,71,71,71,71,71,71,71,71,71,71,71,71,71,71,71,71,71,71,71,71,71,71,71,71,78,78,78,78,78,78,78,78],"card_choices":[{"not_picked":["Outmaneuver","Dagger Spray"],"picked":"Acrobatics","floor":1.0},{"not_picked":["Slice","Eviscerate"],"picked":"Dash","floor":2.0},{"not_picked":["Bane","Quick Slash"],"picked":"Escape Plan","floor":4.0},{"not_picked":["Eviscerate","Outmaneuver","Crippling Poison"],"picked":"SKIP","floor":5.0},{"not_picked":["Dagger Throw","Poisoned Stab"],"picked":"Well Laid Plans","floor":6.0},{"not_picked":["Acrobatics","Flying Knee+1"],"picked":"Predator+1","floor":8.0},{"not_picked":["Endless Agony+1","Predator+1"],"picked":"Backstab+1","floor":14.0},{"not_picked":["Storm of Steel+1","Wraith Form v2"],"picked":"Burst+1","floor":16.0},{"not_picked":["Dagger Throw+1","Heel Hook+1"],"picked":"Sucker Punch+1","floor":18.0},{"not_picked":["Expertise+1","Deflect+1"],"picked":"Cloak And Dagger+1","floor":20.0},{"not_picked":["Cloak And Dagger+1","Tactician+1"],"picked":"Backflip+1","floor":27.0},{"not_picked":["Dagger Spray+1","Poisoned Stab+1"],"picked":"Blur+1","floor":29.0},{"not_picked":["After Image","Bullet Time+1"],"picked":"Night Terror+1","floor":33.0},{"not_picked":["Backstab+1","Quick Slash+1","Dagger Throw+1"],"picked":"SKIP","floor":35.0},{"not_picked":["Blade Dance+1","PiercingWail+1"],"picked":"Escape Plan+1","floor":36.0},{"not_picked":["Sucker Punch+1","Prepared+1"],"picked":"Blur+1","floor":37.0},{"not_picked":["Bane+1","Outmaneuver+1"],"picked":"Noxious Fumes","floor":38.0},{"not_picked":["PiercingWail+1","Blade Dance+1"],"picked":"Backflip+1","floor":41.0},{"not_picked":["Deadly Poison+1","PiercingWail+1","Concentrate+1"],"picked":"SKIP","floor":42.0},{"not_picked":["Skewer+1","Underhanded Strike+1"],"picked":"Acrobatics+1","floor":46.0},{"not_picked":["Quick Slash+1","Cloak And Dagger+1"],"picked":"Prepared+1","floor":48.0}],"player_experience":445105,"relics_obtained":[{"floor":6.0,"key":"Molten Egg 2"},{"floor":8.0,"key":"Toxic Egg 2"},{"floor":9.0,"key":"Smiling Mask"},{"floor":26.0,"key":"Gremlin Horn"},{"floor":27.0,"key":"Oddly Smooth Stone"},{"floor":30.0,"key":"Mummified Hand"},{"floor":38.0,"key":"Calipers"},{"floor":43.0,"key":"Strawberry"}],"event_choices":[{"damage_healed":0.0,"max_hp_gain":0.0,"max_hp_loss":0.0,"gold_gain":0.0,"event_name":"Match and Keep!","player_choice":"1 cards matched","floor":3.0,"gold_loss":0.0,"damage_taken":0.0,"cards_obtained":["Choke"]},{"damage_healed":0.0,"max_hp_gain":0.0,"max_hp_loss":0.0,"gold_gain":0.0,"event_name":"Living Wall","player_choice":"Grow","floor":10.0,"gold_loss":0.0,"damage_taken":0.0,"cards_upgraded":["Well Laid Plans"]},{"damage_healed":0.0,"max_hp_gain":0.0,"max_hp_loss":0.0,"gold_gain":275.0,"event_name":"Golden Shrine","player_choice":"Desecrate","floor":11.0,"gold_loss":0.0,"damage_taken":0.0,"cards_obtained":["Regret"]},{"damage_healed":0.0,"max_hp_gain":5.0,"max_hp_loss":0.0,"gold_gain":0.0,"event_name":"Forgotten Altar","player_choice":"Shed Blood","floor":19.0,"gold_loss":0.0,"damage_taken":23.0},{"damage_healed":0.0,"max_hp_gain":0.0,"max_hp_loss":0.0,"gold_gain":0.0,"cards_transformed":["Strike_G"],"event_name":"Transmorgrifier","player_choice":"Transformed","floor":21.0,"gold_loss":0.0,"damage_taken":0.0,"cards_obtained":["Caltrops"]},{"cards_removed":["Strike_G"],"damage_healed":0.0,"max_hp_gain":0.0,"max_hp_loss":0.0,"gold_gain":0.0,"event_name":"Bonfire Elementals","player_choice":"Offered Basic","floor":24.0,"gold_loss":0.0,"damage_taken":0.0},{"damage_healed":0.0,"max_hp_gain":0.0,"max_hp_loss":0.0,"gold_gain":0.0,"event_name":"MindBloom","player_choice":"Fight","floor":38.0,"gold_loss":0.0,"damage_taken":0.0},{"damage_healed":0.0,"max_hp_gain":0.0,"max_hp_loss":0.0,"gold_gain":0.0,"event_name":"Mysterious Sphere","player_choice":"Ignored","floor":39.0,"gold_loss":0.0,"damage_taken":0.0}],"is_beta":false,"boss_relics":[{"not_picked":["Black Star","HoveringKite"],"picked":"Philosopher\u0027s Stone"},{"not_picked":["WristBlade","Snecko Eye"],"picked":"White Beast Statue"}],"items_purged_floors":[13,22,44],"is_endless":false,"potions_floor_spawned":[5,6,8,16,27,29,35,36,37,38,41,42,46,48],"ascension_level":15}