{"gold_per_floor":[117,127,127,127,151,151,172,172,172,172],"floor_reached":10,"playtime":522,"items_purged":[],"score":104,"play_id":"7409488e-4e12-4b58-a0f4-9afe70ad9325","local_time":"20190112193341","is_ascension_mode":true,"campfire_choices":[{"floor":6,"key":"REST"},{"data":"Wraith Form v2","floor":8,"key":"SMITH"}],"neow_cost":"NONE","seed_source_timestamp":34075082398610,"circlet_count":0,"master_deck":["AscendersBane","Defend_G","Defend_G","Defend_G","Defend_G","Defend_G","Strike_G","Strike_G","Strike_G","Strike_G","Strike_G","Survivor","Neutralize","After Image","Blur","Cloak And Dagger","Cloak And Dagger","Wraith Form v2+1"],"relics":["Ring of the Snake","Golden Idol","Tough Bandages","Singing Bowl"],"potions_floor_usage":[],"damage_taken":[{"damage":6,"enemies":"Small Slimes","floor":1,"turns":6},{"damage":6,"enemies":"Cultist","floor":2,"turns":6},{"damage":0,"enemies":"Jaw Worm","floor":5,"turns":6},{"damage":5,"enemies":"3 Louse","floor":7,"turns":6},{"damage":54,"enemies":"Lagavulin","floor":10,"turns":13}],"seed_played":"6415662121263561918","potions_obtained":[{"floor":2,"key":"SteroidPotion"}],"is_trial":false,"path_per_floor":["M","M","?","?","M","R","M","R","T","E"],"character_chosen":"THE_SILENT","items_purchased":[],"campfire_rested":1,"item_purchase_floors":[],"current_hp_per_floor":[53,47,24,24,24,43,38,38,38,0],"gold":172,"neow_bonus":"ONE_RANDOM_RARE_CARD","is_prod":false,"is_daily":false,"chose_seed":false,"campfire_upgraded":1,"win_rate":0,"timestamp":1547310821,"path_taken":["M","M","?","?","M","R","M","R","T","E"],"build_version":"2019-01-10","purchased_purges":0,"victory":false,"max_hp_per_floor":[66,66,66,66,66,66,66,66,66,66],"card_choices":[{"not_picked":["Poisoned Stab","Blade Dance"],"picked":"Blur","floor":1},{"not_picked":["Underhanded Strike","Infinite Blades"],"picked":"Cloak And Dagger","floor":2},{"not_picked":["Dagger Throw","Deflect"],"picked":"Cloak And Dagger","floor":5},{"not_picked":["Slice","Distraction"],"picked":"Wraith Form v2","floor":7}],"player_experience":449630,"relics_obtained":[{"floor":9,"key":"Singing Bowl"}],"event_choices":[{"damage_healed":0,"gold_gain":0,"player_choice":"Take Damage","damage_taken":23,"relics_obtained":["Golden Idol"],"max_hp_gain":0,"max_hp_loss":0,"event_name":"Golden Idol","floor":3,"gold_loss":0},{"damage_healed":0,"gold_gain":0,"player_choice":"Gave Potion","damage_taken":0,"relics_obtained":["Tough Bandages"],"max_hp_gain":0,"max_hp_loss":0,"event_name":"WeMeetAgain","floor":4,"gold_loss":0}],"is_beta":false,"boss_relics":[],"items_purged_floors":[],"is_endless":false,"potions_floor_spawned":[2],"killed_by":"Lagavulin","ascension_level":16}