{"gold_per_floor":[119,49,65,65,84,84,115,115,140,140,140,159,175,198,198,317,317,335,68,68,92,106,106,137,137,162,174,186,148,148,73,73,203,203,228,32,32,32,32,57,57,75,75,75,114,139,157,33,33,33],"floor_reached":50,"playtime":2208,"items_purged":["Strike_B","Strike_B","Defend_B"],"score":488,"play_id":"7d5c7667-8392-4df7-94ff-109feed6ecde","local_time":"20190309135110","is_ascension_mode":false,"campfire_choices":[{"data":"Genetic Algorithm","floor":6.0,"key":"SMITH"},{"floor":8.0,"key":"REST"},{"data":"Zap","floor":10.0,"key":"SMITH"},{"floor":15.0,"key":"REST"},{"data":"Static Discharge","floor":23.0,"key":"SMITH"},{"data":"Echo Form","floor":25.0,"key":"SMITH"},{"floor":28.0,"key":"REST"},{"data":"Heatsinks","floor":30.0,"key":"SMITH"},{"floor":32.0,"key":"REST"},{"data":"Biased Cognition","floor":41.0,"key":"SMITH"},{"data":"Dualcast","floor":44.0,"key":"SMITH"},{"floor":49.0,"key":"RECALL"}],"neow_cost":"PERCENT_DAMAGE","seed_source_timestamp":10842097910980,"circlet_count":0,"master_deck":["Defend_B","Defend_B+1","Zap+1","Dualcast+1","Genetic Algorithm+1","Storm+1","BootSequence","Heatsinks+1","Biased Cognition+1","Static Discharge+1","Echo Form+1","Core Surge","Capacitor+1","Static Discharge+1","Reinforced Body","Reprogram+1","Defragment"],"special_seed":0,"relics":["Cracked Core","Golden Idol","Smiling Mask","Blood Vial","Sozu","PreservedInsect","Bag of Marbles","MawBank","Lantern","Philosopher\u0027s Stone","ClockworkSouvenir","Letter Opener"],"potions_floor_usage":[50],"damage_taken":[{"damage":0.0,"enemies":"Cultist","floor":1.0,"turns":2.0},{"damage":6.0,"enemies":"Jaw Worm","floor":3.0,"turns":4.0},{"damage":0.0,"enemies":"2 Louse","floor":5.0,"turns":2.0},{"damage":40.0,"enemies":"3 Sentries","floor":7.0,"turns":8.0},{"damage":3.0,"enemies":"Red Slaver","floor":12.0,"turns":3.0},{"damage":9.0,"enemies":"Exordium Thugs","floor":13.0,"turns":5.0},{"damage":2.0,"enemies":"Exordium Wildlife","floor":14.0,"turns":5.0},{"damage":25.0,"enemies":"Slime Boss","floor":16.0,"turns":6.0},{"damage":17.0,"enemies":"Shell Parasite","floor":18.0,"turns":8.0},{"damage":10.0,"enemies":"3 Byrds","floor":21.0,"turns":2.0},{"damage":3.0,"enemies":"Snecko","floor":22.0,"turns":5.0},{"damage":27.0,"enemies":"Slavers","floor":24.0,"turns":3.0},{"damage":54.0,"enemies":"Champ","floor":33.0,"turns":12.0},{"damage":6.0,"enemies":"Orb Walker","floor":35.0,"turns":3.0},{"damage":12.0,"enemies":"3 Darklings","floor":40.0,"turns":3.0},{"damage":23.0,"enemies":"Transient","floor":42.0,"turns":5.0},{"damage":16.0,"enemies":"Nemesis","floor":45.0,"turns":3.0},{"damage":12.0,"enemies":"Jaw Worm Horde","floor":46.0,"turns":3.0},{"damage":5.0,"enemies":"3 Darklings","floor":47.0,"turns":4.0},{"damage":14,"enemies":"Donu and Deca","floor":50,"turns":2}],"seed_played":"8491340657979891253","potions_obtained":[{"floor":3.0,"key":"Explosive Potion"},{"floor":7.0,"key":"SkillPotion"},{"floor":12.0,"key":"Poison Potion"},{"floor":16.0,"key":"PowerPotion"}],"is_trial":false,"path_per_floor":["M","$","M","?","M","R","E","R","T","R","?","M","M","M","R","B",null,"M","$","?","M","M","R","E","R","T","T","R","$","R","?","R","B",null,"M","$","?","?","$","M","R","M","T","R","E","M","M","$","R","B"],"character_chosen":"DEFECT","items_purchased":["Storm","PreservedInsect","Static Discharge","ClockworkSouvenir","Defragment"],"campfire_rested":4,"item_purchase_floors":[2,19,19,36,48],"current_hp_per_floor":[54,54,48,48,48,48,8,28,28,28,14,13,6,6,26,3,69,52,52,52,44,43,43,18,18,18,18,38,38,38,38,58,6,69,63,63,63,63,63,53,53,32,32,32,18,8,5,5,5,0],"gold":33,"neow_bonus":"REMOVE_TWO","is_prod":false,"is_daily":false,"chose_seed":false,"campfire_upgraded":7,"win_rate":0,"timestamp":1552128670,"path_taken":["M","$","M","?","M","R","E","R","T","R","?","M","M","M","R","BOSS","M","$","?","?","M","R","E","R","T","?","R","?","R","?","R","BOSS","M","$","?","?","$","M","R","M","T","R","E","M","M","?","R","BOSS"],"build_version":"2019-01-23","purchased_purges":3,"victory":false,"max_hp_per_floor":[75,75,75,69,69,69,69,69,69,69,69,69,69,69,69,69,69,69,69,69,69,69,69,69,69,69,69,69,69,69,69,69,69,69,69,69,69,66,66,66,66,66,66,66,66,66,66,66,66,66],"card_choices":[{"not_picked":["Ball Lightning","Steam"],"picked":"Genetic Algorithm","floor":1.0},{"not_picked":["Streamline","Turbo"],"picked":"BootSequence","floor":3.0},{"not_picked":["Conserve Battery","Steam","Rainbow"],"picked":"SKIP","floor":5.0},{"not_picked":["Turbo","Rebound","Go for the Eyes"],"picked":"SKIP","floor":7.0},{"not_picked":["Go for the Eyes","Double Energy","Undo"],"picked":"SKIP","floor":12.0},{"not_picked":["Coolheaded","Rebound","Genetic Algorithm"],"picked":"SKIP","floor":13.0},{"not_picked":["Gash","Steam"],"picked":"Heatsinks","floor":14.0},{"not_picked":["Hyperbeam","Meteor Strike"],"picked":"Biased Cognition","floor":16.0},{"not_picked":["Coolheaded+1","Stack","Cold Snap"],"picked":"SKIP","floor":18.0},{"not_picked":["White Noise","Hello World"],"picked":"Echo Form","floor":21.0},{"not_picked":["Leap","Redo","Compile Driver"],"picked":"SKIP","floor":22.0},{"not_picked":["Chaos","Redo","Coolheaded"],"picked":"SKIP","floor":24.0},{"not_picked":["Rainbow","Thunder Strike"],"picked":"Core Surge","floor":33.0},{"not_picked":["Aggregate+1","Cold Snap","Compile Driver"],"picked":"SKIP","floor":35.0},{"not_picked":["Stack","BootSequence"],"picked":"Capacitor+1","floor":40.0},{"not_picked":["Recycle+1","Stack+1"],"picked":"Static Discharge+1","floor":42.0},{"not_picked":["Conserve Battery","Self Repair","Cold Snap+1"],"picked":"SKIP","floor":45.0},{"not_picked":["Amplify","Fusion+1"],"picked":"Reinforced Body","floor":46.0},{"not_picked":["Chaos+1","Turbo"],"picked":"Reprogram+1","floor":47.0}],"player_experience":968785,"relics_obtained":[{"floor":7.0,"key":"Smiling Mask"},{"floor":9.0,"key":"Blood Vial"},{"floor":24.0,"key":"Bag of Marbles"},{"floor":26.0,"key":"MawBank"},{"floor":27.0,"key":"Lantern"},{"floor":45.0,"key":"Letter Opener"}],"event_choices":[{"damage_healed":0.0,"max_hp_gain":0.0,"max_hp_loss":6.0,"gold_gain":0.0,"event_name":"Golden Idol","player_choice":"Lose Max HP","floor":4.0,"gold_loss":0.0,"damage_taken":0.0,"relics_obtained":["Golden Idol"]},{"damage_healed":0.0,"max_hp_gain":0.0,"max_hp_loss":0.0,"gold_gain":0.0,"event_name":"Shining Light","player_choice":"Entered Light","floor":11.0,"gold_loss":0.0,"damage_taken":14.0,"cards_upgraded":["Storm","Defend_B"]},{"damage_healed":0.0,"max_hp_gain":0.0,"max_hp_loss":0.0,"gold_gain":0.0,"event_name":"Lab","player_choice":"Got Potions","floor":20.0,"gold_loss":0.0,"damage_taken":0.0},{"cards_removed":["Strike_B"],"damage_healed":0.0,"max_hp_gain":0.0,"max_hp_loss":0.0,"gold_gain":0.0,"event_name":"Beggar","player_choice":"Gave Gold","floor":31.0,"gold_loss":75.0,"damage_taken":0.0},{"damage_healed":0.0,"max_hp_gain":0.0,"max_hp_loss":0.0,"gold_gain":0.0,"event_name":"Mysterious Sphere","player_choice":"Ignored","floor":37.0,"gold_loss":0.0,"damage_taken":0.0},{"damage_healed":0.0,"max_hp_gain":0.0,"max_hp_loss":3.0,"gold_gain":0.0,"event_name":"Winding Halls","player_choice":"Max HP","floor":38.0,"gold_loss":0.0,"damage_taken":0.0}],"is_beta":false,"boss_relics":[{"not_picked":["Inserter","Black Star"],"picked":"Sozu"},{"not_picked":["Calling Bell","Coffee Dripper"],"picked":"Philosopher\u0027s Stone"}],"items_purged_floors":[19,29,48],"is_endless":false,"potions_floor_spawned":[3,7,12,16,22,24,40,45],"killed_by":"Donu and Deca","ascension_level":0}