{"gold_per_floor":[112,33,33,43,58,87,87,112,112,123,123,123,156,0,0,74,74,88,100,199,199,43,43,70,70,117,146,162,162,162,177,177,251,251,264,280,280,52,62,90,90,90,115,141,16,31,42,60,60,60],"floor_reached":51,"playtime":6429,"items_purged":["Strike_G","Strike_G","Strike_G"],"score":1243,"play_id":"25266ed2-ccfb-481d-a557-bb1d3bfd598a","local_time":"20190421224402","is_ascension_mode":true,"campfire_choices":[{"floor":7.0,"key":"REST"},{"data":"Leg Sweep","floor":12.0,"key":"SMITH"},{"floor":15.0,"key":"REST"},{"data":"Infinite Blades","floor":23,"key":"SMITH"},{"floor":25,"key":"REST"},{"floor":29,"key":"REST"},{"floor":32,"key":"REST"},{"data":"Infinite Blades","floor":41,"key":"SMITH"},{"floor":49,"key":"REST"}],"neow_cost":"NONE","seed_source_timestamp":0,"circlet_count":0,"master_deck":["AscendersBane","Defend_G","Defend_G","Defend_G","Defend_G","Defend_G","Strike_G","Strike_G","Survivor","Neutralize","Leg Sweep+1","Infinite Blades+1","PiercingWail","Cloak And Dagger","Backflip","Deflect","Escape Plan","Well Laid Plans","After Image","Burst","Finisher","Backstab","Noxious Fumes","Dagger Spray","Blade Dance","Infinite Blades+1","Blind","Corpse Explosion","Die Die Die","Deadly Poison","Impatience","PiercingWail","Escape Plan","Cloak And Dagger+1","Finisher+1","Bullet Time","Deflect"],"special_seed":0,"relics":["Ring of the Snake","Vajra","Letter Opener","Blue Candle","Art of War","Mercury Hourglass","Juzu Bracelet","Philosopher\u0027s Stone","Omamori","Snake Skull","Kunai","Lizard Tail","Bag of Preparation","Orichalcum","Bottled Tornado"],"potions_floor_usage":[24,24,28,36,40,46,50,50],"damage_taken":[{"damage":2.0,"enemies":"2 Louse","floor":1.0,"turns":3.0},{"damage":2.0,"enemies":"Jaw Worm","floor":4.0,"turns":5.0},{"damage":1.0,"enemies":"Small Slimes","floor":5.0,"turns":4.0},{"damage":24.0,"enemies":"3 Sentries","floor":6.0,"turns":9.0},{"damage":28.0,"enemies":"Lagavulin","floor":8.0,"turns":10.0},{"damage":0.0,"enemies":"Gremlin Gang","floor":10.0,"turns":3.0},{"damage":27.0,"enemies":"Gremlin Nob","floor":13.0,"turns":5.0},{"damage":34.0,"enemies":"Slime Boss","floor":16.0,"turns":13.0},{"damage":16,"enemies":"Spheric Guardian","floor":18,"turns":5},{"damage":3,"enemies":"Shell Parasite","floor":19,"turns":6},{"damage":0,"enemies":"Gremlin Leader","floor":24,"turns":5},{"damage":30,"enemies":"Slavers","floor":27,"turns":4},{"damage":20,"enemies":"Cultist and Chosen","floor":28,"turns":7},{"damage":7,"enemies":"Shelled Parasite and Fungi","floor":31,"turns":4},{"damage":10,"enemies":"Automaton","floor":33,"turns":12},{"damage":5,"enemies":"3 Darklings","floor":35,"turns":2},{"damage":3,"enemies":"3 Shapes","floor":36,"turns":4},{"damage":3,"enemies":"Jaw Worm Horde","floor":39,"turns":4},{"damage":34,"enemies":"Nemesis","floor":40,"turns":8},{"damage":20,"enemies":"Giant Head","floor":44,"turns":11},{"damage":0,"enemies":"3 Darklings","floor":46,"turns":3},{"damage":17,"enemies":"4 Shapes","floor":47,"turns":4},{"damage":2,"enemies":"Jaw Worm Horde","floor":48,"turns":2},{"damage":40,"enemies":"Awakened One","floor":50,"turns":19}],"seed_played":"8343255254557043329","potions_obtained":[{"floor":4.0,"key":"PowerPotion"},{"floor":6.0,"key":"Ancient Potion"},{"floor":13.0,"key":"PowerPotion"},{"floor":16.0,"key":"Strength Potion"},{"floor":18,"key":"AttackPotion"},{"floor":24,"key":"Energy Potion"},{"floor":33,"key":"Fire Potion"},{"floor":35,"key":"Explosive Potion"},{"floor":40,"key":"Fire Potion"},{"floor":44,"key":"GhostInAJar"},{"floor":47,"key":"SkillPotion"}],"is_trial":false,"path_per_floor":["M","$","?","M","M","E","R","E","T","M","?","R","E","$","R","B",null,"M","M","?","?","$","R","E","R","T","E","M","R","?","M","R","B",null,"M","M","?","$","M","E","R","?","T","E","$","M","M","M","R","B",null],"character_chosen":"THE_SILENT","items_purchased":["Infinite Blades","After Image","Regen Potion","Noxious Fumes","Dagger Spray","Regen Potion","PiercingWail"],"campfire_rested":6,"item_purchase_floors":[2,14,14,22,22,38,38],"current_hp_per_floor":[61,61,54,52,51,27,48,20,20,20,37,37,10,10,31,12,56,40,37,37,37,37,37,37,57,57,27,7,27,27,20,40,30,58,53,50,50,50,47,28,28,28,28,8,8,8,33,31,51,11],"gold":60,"neow_bonus":"RANDOM_COMMON_RELIC","is_prod":false,"is_daily":false,"chose_seed":false,"campfire_upgraded":3,"win_rate":0,"timestamp":1555911842,"path_taken":["M","$","?","M","M","E","R","E","T","M","?","R","E","?","R","BOSS","M","M","?","?","$","R","E","R","T","E","M","R","?","M","R","BOSS","M","M","?","$","M","E","R","?","T","E","$","M","M","M","R","BOSS"],"build_version":"2019-01-23","purchased_purges":3,"victory":true,"max_hp_per_floor":[70,70,70,70,70,70,70,70,70,70,70,70,70,70,70,70,70,70,70,70,67,67,67,67,67,67,67,67,67,67,67,67,67,67,67,67,67,67,67,67,67,67,67,67,67,67,67,67,67,67],"card_choices":[{"not_picked":["Deflect","Blade Dance"],"picked":"Leg Sweep","floor":1.0},{"not_picked":["Prepared","Choke"],"picked":"PiercingWail","floor":4.0},{"not_picked":["Leg Sweep","Bane"],"picked":"Cloak And Dagger","floor":5.0},{"not_picked":["Bane","Acrobatics"],"picked":"Backflip","floor":6.0},{"not_picked":["Setup","Flechettes"],"picked":"Deflect","floor":8.0},{"not_picked":["Reflex","Setup"],"picked":"Escape Plan","floor":10.0},{"not_picked":["Calculated Gamble","Sucker Punch"],"picked":"Well Laid Plans","floor":13.0},{"not_picked":["Wraith Form v2","Night Terror"],"picked":"Burst","floor":16.0},{"not_picked":["Caltrops","Deflect"],"picked":"Finisher","floor":18},{"not_picked":["Slice","Underhanded Strike"],"picked":"Backstab","floor":19},{"not_picked":["Bane","Quick Slash","Prepared"],"picked":"SKIP","floor":24},{"not_picked":["Sucker Punch","Backflip"],"picked":"Blade Dance","floor":27},{"not_picked":["Crippling Poison","Underhanded Strike"],"picked":"Infinite Blades","floor":28},{"not_picked":["Reflex","Setup","Calculated Gamble"],"picked":"SKIP","floor":31},{"not_picked":["Glass Knife","Burst"],"picked":"Die Die Die","floor":33},{"not_picked":["Sucker Punch","Skewer","Underhanded Strike+1"],"picked":"SKIP","floor":35},{"not_picked":["Concentrate","Prepared+1"],"picked":"Deadly Poison","floor":36},{"not_picked":["Enlightenment","Discovery"],"picked":"Impatience","floor":37},{"not_picked":["Dodge and Roll","Endless Agony+1"],"picked":"Escape Plan","floor":39},{"not_picked":["Concentrate","Dagger Spray"],"picked":"Cloak And Dagger+1","floor":40},{"not_picked":["Infinite Blades","All Out Attack"],"picked":"Finisher+1","floor":44},{"not_picked":["Predator","Outmaneuver+1","Quick Slash"],"picked":"SKIP","floor":46},{"not_picked":["Blade Dance","Riddle With Holes"],"picked":"Bullet Time","floor":47},{"not_picked":["Dagger Spray+1","Flechettes+1"],"picked":"Deflect","floor":48}],"player_experience":413658,"relics_obtained":[{"floor":6.0,"key":"Blue Candle"},{"floor":8.0,"key":"Art of War"},{"floor":9.0,"key":"Mercury Hourglass"},{"floor":13.0,"key":"Juzu Bracelet"},{"floor":24,"key":"Omamori"},{"floor":26,"key":"Snake Skull"},{"floor":27,"key":"Kunai"},{"floor":40,"key":"Bag of Preparation"},{"floor":43,"key":"Orichalcum"},{"floor":44,"key":"Bottled Tornado"}],"event_choices":[{"damage_healed":0.0,"max_hp_gain":0.0,"max_hp_loss":0.0,"gold_gain":0.0,"event_name":"Scrap Ooze","player_choice":"Success","floor":3.0,"gold_loss":0.0,"damage_taken":7.0,"relics_obtained":["Letter Opener"]},{"damage_healed":17.0,"max_hp_gain":0.0,"max_hp_loss":0.0,"gold_gain":0.0,"event_name":"Mushrooms","player_choice":"Healed and dodged fight","floor":11.0,"gold_loss":0.0,"damage_taken":0.0,"cards_obtained":["Parasite"]},{"damage_healed":0,"gold_gain":99,"player_choice":"Stole From Cult","damage_taken":0,"max_hp_gain":0,"max_hp_loss":0,"event_name":"Nest","floor":20,"gold_loss":0},{"cards_removed":["Parasite"],"damage_healed":0,"gold_gain":0,"player_choice":"Card Removal","damage_taken":0,"max_hp_gain":0,"max_hp_loss":0,"event_name":"Wheel of Change","floor":21,"gold_loss":0},{"damage_healed":0,"gold_gain":0,"player_choice":"2 cards matched","damage_taken":0,"max_hp_gain":0,"max_hp_loss":0,"event_name":"Match and Keep!","floor":30,"gold_loss":0,"cards_obtained":["Blind","Corpse Explosion"]},{"damage_healed":0,"gold_gain":0,"player_choice":"Memory 1","damage_taken":0,"max_hp_gain":0,"max_hp_loss":0,"event_name":"SensoryStone","floor":37,"gold_loss":0},{"damage_healed":0,"gold_gain":0,"player_choice":"Ignored","damage_taken":0,"max_hp_gain":0,"max_hp_loss":0,"event_name":"Mysterious Sphere","floor":42,"gold_loss":0}],"is_beta":false,"boss_relics":[{"not_picked":["WristBlade","Coffee Dripper"],"picked":"Philosopher\u0027s Stone"},{"not_picked":["Black Star","Fusion Hammer"],"picked":"Lizard Tail"}],"items_purged_floors":[22,38,45],"is_endless":false,"potions_floor_spawned":[4,6,13,16,18,24,33,35,39,40,44,47],"ascension_level":13}