{"gold_per_floor":[114,39,55,69,84,84,114,114,194,207,225,225],"floor_reached":12,"playtime":630,"items_purged":["Strike_B"],"score":72,"play_id":"d5c8dac9-309d-45cf-ae78-71c7f1062ece","local_time":"20181125225000","is_ascension_mode":false,"campfire_choices":[{"data":"Zap","floor":6,"key":"SMITH"},{"data":"Dualcast","floor":8,"key":"SMITH"}],"neow_cost":"NONE","seed_source_timestamp":36184913467029,"circlet_count":0,"master_deck":["Strike_B","Defend_B","Defend_B","Defend_B","Defend_B","Zap+1","Dualcast+1","Auto Shields","Conserve Battery","Capacitor","BootSequence"],"relics":["Empty Cage","Tiny Chest","Bottled Flame"],"potions_floor_usage":[4,12,12],"damage_taken":[{"damage":4,"enemies":"2 Louse","floor":1,"turns":4},{"damage":0,"enemies":"Cultist","floor":3,"turns":4},{"damage":1,"enemies":"Jaw Worm","floor":4,"turns":6},{"damage":0,"enemies":"Blue Slaver","floor":5,"turns":6},{"damage":5,"enemies":"Large Slime","floor":10,"turns":8},{"damage":4,"enemies":"3 Louse","floor":11,"turns":5},{"damage":88,"enemies":"Gremlin Nob","floor":12,"turns":7}],"seed_played":"-6157841724516074788","potions_obtained":[{"floor":4,"key":"Fruit Juice"},{"floor":5,"key":"Ancient Potion"},{"floor":10,"key":"Poison Potion"},{"floor":11,"key":"Energy Potion"}],"is_trial":false,"path_per_floor":["M","$","M","M","M","R","?","R","T","M","M","E"],"character_chosen":"DEFECT","items_purchased":[],"campfire_rested":0,"item_purchase_floors":[],"current_hp_per_floor":[71,71,71,75,75,75,75,75,75,70,66,0],"gold":225,"neow_bonus":"BOSS_RELIC","is_prod":false,"is_daily":false,"chose_seed":false,"campfire_upgraded":2,"win_rate":0,"timestamp":1543175400,"path_taken":["M","$","M","M","M","R","?","R","T","M","M","E"],"build_version":"2018-11-15","purchased_purges":1,"victory":false,"max_hp_per_floor":[75,75,75,80,80,80,80,80,80,80,80,80],"card_choices":[{"not_picked":["Beam Cell","Rebound"],"picked":"Auto Shields","floor":1},{"not_picked":["Go for the Eyes","Rip and Tear","Coolheaded"],"picked":"SKIP","floor":3},{"not_picked":["Amplify","Beam Cell"],"picked":"Conserve Battery","floor":4},{"not_picked":["Aggregate","Lockon","Rebound"],"picked":"SKIP","floor":5},{"not_picked":["Tempest","Aggregate"],"picked":"Capacitor","floor":10},{"not_picked":["Sunder","Steam"],"picked":"BootSequence","floor":11}],"player_experience":230902,"relics_obtained":[{"floor":7,"key":"Tiny Chest"},{"floor":9,"key":"Bottled Flame"}],"event_choices":[{"damage_healed":0,"gold_gain":0,"player_choice":"Relic","damage_taken":0,"max_hp_gain":0,"max_hp_loss":0,"event_name":"Wheel of Change","floor":7,"gold_loss":0}],"is_beta":false,"boss_relics":[],"items_purged_floors":[2],"is_endless":false,"potions_floor_spawned":[4,5,10,11],"killed_by":"Gremlin Nob","ascension_level":0}