{"gold_per_floor":[112,131,150,150,167,197,197,222,222,222,240,21,34,49,49,149,149,164,184,184,196,211,246,246,274,274,30,43,61,61],"floor_reached":30,"playtime":2511,"items_purged":["Strike_R"],"score":383,"play_id":"acf4c4a9-58db-48db-844a-c8becf85b4ba","local_time":"20190112022042","is_ascension_mode":true,"campfire_choices":[{"data":"Armaments","floor":7.0,"key":"SMITH"},{"data":"Rampage","floor":10,"key":"SMITH"},{"data":"Shrug It Off","floor":15,"key":"SMITH"},{"data":"Uppercut","floor":24,"key":"SMITH"}],"neow_cost":"PERCENT_DAMAGE","seed_source_timestamp":0,"circlet_count":0,"master_deck":["Strike_R","Defend_R","Defend_R","Defend_R","Defend_R","Bash","Rampage+1","Cleave","Armaments+1","Rampage","Cleave","Cleave","Cleave","Shrug It Off","Shrug It Off+1","Offering","Uppercut+1","Clash","Warcry","Iron Wave","Clothesline","Disarm+1","Thunderclap","Armaments"],"special_seed":0,"relics":["Burning Blood","Sundial","Self Forming Clay","Champion Belt","Bag of Marbles","Runic Pyramid","Pocketwatch","Pantograph","MawBank","Shuriken"],"potions_floor_usage":[16,23,23,23,30,30,30],"damage_taken":[{"damage":0.0,"enemies":"Small Slimes","floor":1.0,"turns":6.0},{"damage":0.0,"enemies":"Cultist","floor":2.0,"turns":3.0},{"damage":9.0,"enemies":"Jaw Worm","floor":3.0,"turns":3.0},{"damage":9.0,"enemies":"Exordium Wildlife","floor":5.0,"turns":3.0},{"damage":30.0,"enemies":"Gremlin Nob","floor":6.0,"turns":4.0},{"damage":30.0,"enemies":"3 Sentries","floor":8.0,"turns":7.0},{"damage":13,"enemies":"Exordium Thugs","floor":11,"turns":4},{"damage":0,"enemies":"Gremlin Gang","floor":13,"turns":1},{"damage":8,"enemies":"Large Slime","floor":14,"turns":5},{"damage":11,"enemies":"Hexaghost","floor":16,"turns":10},{"damage":10,"enemies":"Shell Parasite","floor":18,"turns":3},{"damage":8,"enemies":"2 Thieves","floor":19,"turns":4},{"damage":9,"enemies":"3 Cultists","floor":21,"turns":4},{"damage":14,"enemies":"Snake Plant","floor":22,"turns":5},{"damage":29,"enemies":"Book of Stabbing","floor":23,"turns":6},{"damage":6,"enemies":"Gremlin Leader","floor":25,"turns":6},{"damage":15,"enemies":"Cultist and Chosen","floor":28,"turns":7},{"damage":13,"enemies":"3 Cultists","floor":29,"turns":4},{"damage":6,"enemies":"Colosseum Slavers","floor":30,"turns":5},{"damage":67,"enemies":"Colosseum Nobs","floor":30,"turns":5}],"seed_played":"2368039085902534222","potions_obtained":[{"floor":2.0,"key":"Poison Potion"},{"floor":3.0,"key":"SteroidPotion"},{"floor":11,"key":"BloodPotion"},{"floor":14,"key":"SpeedPotion"},{"floor":18,"key":"Poison Potion"},{"floor":22,"key":"Regen Potion"},{"floor":23,"key":"LiquidBronze"},{"floor":25,"key":"Regen Potion"},{"floor":28,"key":"SpeedPotion"}],"is_trial":false,"path_per_floor":["M","M","M","?","M","E","R","E","T","R","M","$","M","M","R","B",null,"M","M","?","M","M","E","R","E","T","$","M","M","?"],"character_chosen":"IRONCLAD","items_purchased":["Bag of Marbles","Shuriken"],"campfire_rested":0,"item_purchase_floors":[12,27],"current_hp_per_floor":[62,68,65,65,62,38,38,14,14,14,7,7,13,11,11,14,80,76,74,74,71,63,55,55,55,55,55,46,39,0],"gold":61,"neow_bonus":"REMOVE_TWO","is_prod":false,"is_daily":false,"chose_seed":false,"campfire_upgraded":4,"win_rate":0,"timestamp":1547230842,"path_taken":["M","M","M","?","M","E","R","E","T","R","M","?","M","?","R","BOSS","M","M","?","M","M","E","R","E","T","?","?","M","?"],"build_version":"2019-01-10","purchased_purges":1,"victory":false,"max_hp_per_floor":[80,80,80,80,80,80,80,80,80,80,80,80,80,80,80,80,80,80,80,80,80,80,80,80,80,80,80,80,80,80],"card_choices":[{"not_picked":["Shrug It Off","Blood for Blood"],"picked":"Rampage","floor":1.0},{"not_picked":["Perfected Strike","Battle Trance"],"picked":"Cleave","floor":2.0},{"not_picked":["Flame Barrier","Fire Breathing"],"picked":"Armaments","floor":3.0},{"not_picked":["True Grit","Heavy Blade"],"picked":"Rampage","floor":5.0},{"not_picked":["Impervious","Heavy Blade"],"picked":"Cleave","floor":6.0},{"not_picked":["Flex","Infernal Blade"],"picked":"Cleave","floor":8.0},{"not_picked":["Perfected Strike","Corruption"],"picked":"Cleave","floor":11},{"not_picked":["Perfected Strike","Anger"],"picked":"Shrug It Off","floor":13},{"not_picked":["Fiend Fire","Reckless Charge"],"picked":"Shrug It Off","floor":14},{"not_picked":["Exhume","Barricade"],"picked":"Offering","floor":16},{"not_picked":["Body Slam","Shockwave"],"picked":"Uppercut","floor":18},{"not_picked":["Iron Wave","Disarm+1"],"picked":"Clash","floor":19},{"not_picked":["Twin Strike","Body Slam+1"],"picked":"Warcry","floor":21},{"not_picked":["True Grit","Heavy Blade+1"],"picked":"Iron Wave","floor":22},{"not_picked":["Pummel","Spot Weakness"],"picked":"Clothesline","floor":23},{"not_picked":["Spot Weakness","Carnage"],"picked":"Disarm+1","floor":25},{"not_picked":["Blood for Blood","Warcry+1"],"picked":"Thunderclap","floor":28},{"not_picked":["True Grit","Rampage"],"picked":"Armaments","floor":29}],"player_experience":127210,"relics_obtained":[{"floor":6.0,"key":"Sundial"},{"floor":8.0,"key":"Self Forming Clay"},{"floor":9,"key":"Champion Belt"},{"floor":23,"key":"Pocketwatch"},{"floor":25,"key":"Pantograph"},{"floor":26,"key":"MawBank"}],"event_choices":[{"cards_removed":["Strike_R"],"damage_healed":0.0,"max_hp_gain":0.0,"max_hp_loss":0.0,"gold_gain":0.0,"event_name":"Purifier","player_choice":"Purged","floor":4.0,"gold_loss":0.0,"damage_taken":0.0},{"damage_healed":0,"gold_gain":0,"player_choice":"Bought 0 Potions","damage_taken":0,"max_hp_gain":0,"max_hp_loss":0,"event_name":"The Woman in Blue","floor":20,"gold_loss":0},{"damage_healed":0,"gold_gain":0,"player_choice":"Fight","damage_taken":0,"max_hp_gain":0,"max_hp_loss":0,"event_name":"Colosseum","floor":30,"gold_loss":0},{"damage_healed":0,"gold_gain":0,"player_choice":"Fought Nobs","damage_taken":0,"max_hp_gain":0,"max_hp_loss":0,"event_name":"Colosseum","floor":30,"gold_loss":0}],"is_beta":false,"boss_relics":[{"not_picked":["Snecko Eye","Fusion Hammer"],"picked":"Runic Pyramid"}],"items_purged_floors":[12],"is_endless":false,"potions_floor_spawned":[2,3,11,14,18,22,23,25,28,30],"killed_by":"Colosseum Nobs","ascension_level":3}