{"gold_per_floor":[15,32,42,42,42,76,91,111,111,111,167,92,104,4,4,105,105,115,115,15,15,33,33,50,50,122,122,133,145,157,176,176,274,274,285,285,297,309,51,51,85,85,112,0,14,34,34,48,48,48],"floor_reached":51,"playtime":5030,"items_purged":["Strike_R","Strike_R"],"score":658,"play_id":"f6a28a94-e9c4-42dc-83b3-f2292ed64081","local_time":"20181011001505","is_ascension_mode":false,"campfire_choices":[{"data":"Flame Barrier","floor":10,"key":"SMITH"},{"floor":15,"key":"REST"},{"floor":23,"key":"REST"},{"floor":27,"key":"REST"},{"data":"Discovery","floor":32,"key":"SMITH"},{"data":"Double Tap","floor":40,"key":"SMITH"},{"floor":47,"key":"REST"},{"data":"Armaments","floor":49,"key":"SMITH"}],"neow_cost":"NO_GOLD","seed_source_timestamp":14536088930825,"circlet_count":0,"master_deck":["Defend_R","Defend_R","Defend_R","Bash","Flex","Iron Wave","Flame Barrier+1","Pommel Strike+1","Thunderclap+1","Searing Blow+1","Shrug It Off","Shrug It Off","Discovery+1","Impervious","Pommel Strike+1","Dropkick+1","Reaper+1","Armaments+1","Double Tap+1","Metallicize","Pommel Strike+1","Iron Wave+1","Dark Shackles"],"relics":["Burning Blood","Gremlin Horn","Molten Egg 2","Kunai","Bag of Preparation","Empty Cage","Sundial","Sozu","Ornamental Fan","Darkstone Periapt","Potion Belt","Red Mask"],"potions_floor_usage":[19,19,28,33,33,33,33,33,33],"damage_taken":[{"damage":11,"enemies":"2 Louse","floor":1,"turns":4},{"damage":9,"enemies":"Small Slimes","floor":2,"turns":3},{"damage":10,"enemies":"Jaw Worm","floor":3,"turns":4},{"damage":52,"enemies":"Gremlin Nob","floor":6,"turns":6},{"damage":2,"enemies":"Large Slime","floor":7,"turns":7},{"damage":9,"enemies":"Gremlin Gang","floor":8,"turns":2},{"damage":28,"enemies":"Gremlin Nob","floor":11,"turns":5},{"damage":1,"enemies":"Exordium Thugs","floor":13,"turns":4},{"damage":15,"enemies":"Slime Boss","floor":16,"turns":15},{"damage":60,"enemies":"3 Byrds","floor":18,"turns":10},{"damage":27,"enemies":"Colosseum Slavers","floor":19,"turns":4},{"damage":6,"enemies":"Shell Parasite","floor":22,"turns":11},{"damage":13,"enemies":"Snake Plant","floor":24,"turns":5},{"damage":26,"enemies":"Snecko","floor":28,"turns":7},{"damage":9,"enemies":"Centurion and Healer","floor":29,"turns":9},{"damage":7,"enemies":"Chosen and Byrds","floor":30,"turns":6},{"damage":0,"enemies":"Snecko","floor":31,"turns":5},{"damage":30,"enemies":"Automaton","floor":33,"turns":13},{"damage":18,"enemies":"3 Darklings","floor":35,"turns":6},{"damage":12,"enemies":"3 Shapes","floor":37,"turns":5},{"damage":0,"enemies":"3 Darklings","floor":38,"turns":6},{"damage":51,"enemies":"Nemesis","floor":41,"turns":11},{"damage":23,"enemies":"4 Shapes","floor":45,"turns":8},{"damage":13,"enemies":"Maw","floor":46,"turns":9},{"damage":0,"enemies":"Reptomancer","floor":48,"turns":5},{"damage":117,"enemies":"Awakened One","floor":50,"turns":17}],"seed_played":"-7053728226449304012","potions_obtained":[{"floor":2,"key":"SpeedPotion"},{"floor":6,"key":"Explosive Potion"},{"floor":11,"key":"Energy Potion"},{"floor":11,"key":"Energy Potion"},{"floor":13,"key":"FearPotion"},{"floor":18,"key":"Energy Potion"},{"floor":28,"key":"Explosive Potion"},{"floor":29,"key":"Strength Potion"},{"floor":31,"key":"EntropicBrew"}],"is_trial":false,"path_per_floor":["M","M","M","?","?","E","M","M","T","R","?","$","M","$","R","B",null,"M","?","$","?","M","R","M","$","T","R","M","M","M","M","R","B",null,"M","?","M","M","$","R","E","?","T","?","M","M","R","M","R","B"],"character_chosen":"IRONCLAD","items_purchased":["Discovery","Ornamental Fan"],"campfire_rested":4,"item_purchase_floors":[14,39],"current_hp_per_floor":[91,88,84,77,77,31,35,32,32,32,10,10,15,15,43,34,96,42,21,21,21,21,49,42,42,42,70,50,64,63,74,74,55,96,84,84,93,96,96,96,51,51,51,51,54,61,89,96,96,13],"gold":48,"neow_bonus":"TWENTY_PERCENT_HP_BONUS","is_prod":false,"is_daily":false,"chose_seed":false,"campfire_upgraded":4,"win_rate":0,"timestamp":1539206105,"path_taken":["M","M","M","?","?","E","?","?","T","R","?","$","M","?","R","BOSS","M","?","$","?","M","R","M","$","T","R","M","?","M","M","R","BOSS","M","?","M","M","?","R","E","?","T","?","?","M","R","M","R","BOSS"],"build_version":"2018-10-04v2","purchased_purges":2,"victory":true,"max_hp_per_floor":[96,96,96,96,96,96,96,96,96,96,96,96,96,96,96,96,96,96,96,96,96,96,96,96,96,96,96,96,96,96,96,96,96,96,96,96,96,96,96,96,96,96,96,96,96,96,96,96,96,96],"card_choices":[{"not_picked":["Havoc","Cleave"],"picked":"Flex","floor":1},{"not_picked":["Wild Strike","Second Wind"],"picked":"Iron Wave","floor":2},{"not_picked":["Sentinel","Cleave"],"picked":"Flame Barrier","floor":3},{"not_picked":["Rupture","Demon Form"],"picked":"Pommel Strike","floor":6},{"not_picked":["Cleave+1","Armaments"],"picked":"Thunderclap+1","floor":7},{"not_picked":["Hemokinesis+1","Cleave+1"],"picked":"Searing Blow+1","floor":8},{"not_picked":["Power Through","Fire Breathing"],"picked":"Shrug It Off","floor":11},{"not_picked":["Shockwave","Cleave+1"],"picked":"Shrug It Off","floor":13},{"not_picked":["Berserk","Fiend Fire+1"],"picked":"Impervious","floor":16},{"not_picked":["Warcry","Wild Strike+1"],"picked":"Pommel Strike+1","floor":18},{"not_picked":["Shrug It Off","Evolve"],"picked":"Pommel Strike+1","floor":22},{"not_picked":["Thunderclap+1","Heavy Blade+1"],"picked":"Dropkick+1","floor":24},{"not_picked":["Headbutt+1","Sword Boomerang+1"],"picked":"Reaper+1","floor":28},{"not_picked":["Twin Strike+1","Heavy Blade+1","Warcry"],"picked":"SKIP","floor":29},{"not_picked":["Shrug It Off","Disarm"],"picked":"Armaments","floor":30},{"not_picked":["Thunderclap+1","Shrug It Off","Evolve"],"picked":"SKIP","floor":31},{"not_picked":["Reaper+1","Bludgeon+1"],"picked":"Double Tap","floor":33},{"not_picked":["Sentinel+1","Rampage+1"],"picked":"Metallicize","floor":35},{"not_picked":["Headbutt+1","True Grit+1"],"picked":"Pommel Strike+1","floor":37},{"not_picked":["Sword Boomerang+1","Clash+1","Thunderclap+1"],"picked":"SKIP","floor":38},{"not_picked":["Twin Strike+1","Uppercut+1"],"picked":"Iron Wave+1","floor":41},{"not_picked":["Metamorphosis","Deep Breath"],"picked":"Dark Shackles","floor":42},{"not_picked":["Sword Boomerang+1","Wild Strike+1","Warcry"],"picked":"SKIP","floor":45},{"not_picked":["Sentinel","Corruption","Fire Breathing"],"picked":"SKIP","floor":46},{"not_picked":["Sentinel+1","Perfected Strike+1","Heavy Blade+1"],"picked":"SKIP","floor":48}],"player_experience":65968,"relics_obtained":[{"floor":6,"key":"Molten Egg 2"},{"floor":9,"key":"Kunai"},{"floor":26,"key":"Sundial"},{"floor":41,"key":"Darkstone Periapt"},{"floor":43,"key":"Potion Belt"}],"event_choices":[{"event_name":"Golden Wing","player_choice":"Card Removal","floor":4,"damage_taken":0},{"event_name":"WeMeetAgain","player_choice":"Potion","floor":5,"damage_taken":0},{"event_name":"Dead Adventurer","player_choice":"Searched \u00272\u0027 times","floor":11,"damage_taken":0},{"event_name":"Colosseum","player_choice":"Fight","floor":19,"damage_taken":0},{"event_name":"Colosseum","player_choice":"Fled From Nobs","floor":19,"damage_taken":0},{"event_name":"Back to Basics","player_choice":"Elegance","floor":21,"damage_taken":0},{"event_name":"Falling","player_choice":"Removed Attack","floor":36,"damage_taken":0},{"event_name":"SensoryStone","player_choice":"Memory 1","floor":42,"damage_taken":0},{"event_name":"Tomb of Lord Red Mask","player_choice":"Paid","floor":44,"damage_taken":0}],"is_beta":false,"boss_relics":[{"not_picked":["Cursed Key","Snecko Eye"],"picked":"Empty Cage"},{"not_picked":["Black Star","Calling Bell"],"picked":"Sozu"}],"items_purged_floors":[12,20],"is_endless":false,"potions_floor_spawned":[2,6,11,11,13,18,28,29,31,45,48],"ascension_level":0}