{"gold_per_floor":[109,109,129,146,48,75,75,107,134,134,4,4,16,16,16,112,112,127,137,156,156,156,166,179,179],"floor_reached":25,"playtime":831,"items_purged":[],"score":288,"play_id":"9a241e5a-b881-4446-bcc9-479d21733cd3","local_time":"20190425020626","is_ascension_mode":true,"campfire_choices":[{"data":"Blood for Blood","floor":7,"key":"SMITH"},{"data":"Barricade","floor":10,"key":"SMITH"},{"data":"Pommel Strike","floor":15,"key":"SMITH"}],"neow_cost":"NONE","seed_source_timestamp":744577134174477,"circlet_count":0,"master_deck":["Strike_R+1","Strike_R+1","Strike_R+1","Strike_R+1","Strike_R+1","Defend_R+1","Defend_R+1","Defend_R+1","Defend_R+1","Bash+1","Pommel Strike+1","Blood for Blood+1","Hemokinesis","Anger","Shrug It Off","Barricade+1","Flex","Inflame+1","Cleave","Iron Wave","Juggernaut","Headbutt","Thunderclap","Cleave","Metallicize+1","Heavy Blade+1"],"relics":["Burning Blood","NlothsMask","Bag of Preparation","Red Skull","Regal Pillow","Philosopher\u0027s Stone"],"potions_floor_usage":[23,24,25,25],"damage_taken":[{"damage":5,"enemies":"2 Louse","floor":1,"turns":4},{"damage":1,"enemies":"Cultist","floor":3,"turns":3},{"damage":2,"enemies":"Jaw Worm","floor":4,"turns":3},{"damage":20,"enemies":"Lagavulin","floor":6,"turns":7},{"damage":12,"enemies":"3 Sentries","floor":8,"turns":7},{"damage":9,"enemies":"Red Slaver","floor":13,"turns":2},{"damage":47,"enemies":"The Guardian","floor":16,"turns":8},{"damage":19,"enemies":"2 Thieves","floor":18,"turns":4},{"damage":4,"enemies":"Chosen","floor":19,"turns":3},{"damage":37,"enemies":"Shelled Parasite and Fungi","floor":20,"turns":3},{"damage":36,"enemies":"Snecko","floor":23,"turns":5},{"damage":14,"enemies":"Centurion and Healer","floor":24,"turns":4},{"damage":12,"enemies":"Book of Stabbing","floor":25,"turns":4}],"seed_played":"3803807175574474562","potions_obtained":[{"floor":6,"key":"LiquidBronze"},{"floor":13,"key":"Swift Potion"},{"floor":16,"key":"Strength Potion"},{"floor":19,"key":"Strength Potion"},{"floor":24,"key":"Weak Potion"}],"is_trial":false,"path_per_floor":["M","?","M","M","$","E","R","E","T","R","$","?","M","?","R","B",null,"M","M","M","?","?","M","M","E"],"character_chosen":"IRONCLAD","items_purchased":["Anger","Shrug It Off","Inflame","Cleave"],"campfire_rested":0,"item_purchase_floors":[5,5,11,11],"current_hp_per_floor":[73,73,78,80,80,66,66,60,60,60,60,60,57,57,57,16,64,51,53,22,22,48,18,10,0],"gold":179,"neow_bonus":"UPGRADE_CARD","is_prod":false,"is_daily":false,"chose_seed":false,"campfire_upgraded":3,"win_rate":0,"timestamp":1556129186,"path_taken":["M","?","M","M","?","E","R","E","T","R","$","?","?","?","R","BOSS","M","M","?","?","?","M","M","E"],"build_version":"2019-01-23","purchased_purges":0,"victory":false,"max_hp_per_floor":[80,80,80,80,80,80,80,80,80,80,80,80,80,80,80,80,80,80,80,80,80,80,80,80,80],"card_choices":[{"not_picked":["Heavy Blade","Second Wind"],"picked":"Pommel Strike","floor":1},{"not_picked":["Perfected Strike","Headbutt"],"picked":"Blood for Blood","floor":3},{"not_picked":["Fire Breathing","Sword Boomerang"],"picked":"Hemokinesis","floor":4},{"not_picked":["Combust","Perfected Strike"],"picked":"Barricade","floor":6},{"not_picked":["Shrug It Off","Body Slam"],"picked":"Flex","floor":8},{"not_picked":["Havoc","Power Through"],"picked":"Iron Wave","floor":13},{"not_picked":["Immolate","Exhume"],"picked":"Juggernaut","floor":16},{"not_picked":["Rampage","Power Through+1"],"picked":"Headbutt","floor":18},{"not_picked":["Havoc","Iron Wave+1"],"picked":"Thunderclap","floor":19},{"not_picked":["Clothesline","Wild Strike"],"picked":"Cleave","floor":20},{"not_picked":["Rampage+1","Rupture"],"picked":"Metallicize+1","floor":23},{"not_picked":["Wild Strike","Anger+1"],"picked":"Heavy Blade+1","floor":24}],"player_experience":247869,"relics_obtained":[{"floor":6,"key":"Bag of Preparation"},{"floor":8,"key":"Red Skull"}],"event_choices":[{"damage_healed":0,"gold_gain":0,"player_choice":"Trade","damage_taken":0,"relics_obtained":["NlothsMask"],"max_hp_gain":0,"max_hp_loss":0,"event_name":"FaceTrader","floor":2,"gold_loss":0},{"damage_healed":0,"gold_gain":0,"player_choice":"Forge","damage_taken":0,"max_hp_gain":0,"max_hp_loss":0,"event_name":"Accursed Blacksmith","floor":12,"gold_loss":0,"cards_upgraded":["Inflame"]},{"damage_healed":0,"gold_gain":0,"player_choice":"Gave Potion","damage_taken":0,"relics_obtained":["Regal Pillow"],"max_hp_gain":0,"max_hp_loss":0,"event_name":"WeMeetAgain","floor":14,"gold_loss":0},{"damage_healed":0,"gold_gain":0,"player_choice":"Simplicity","damage_taken":0,"max_hp_gain":0,"max_hp_loss":0,"event_name":"Back to Basics","floor":21,"gold_loss":0,"cards_upgraded":["Strike_R","Strike_R","Strike_R","Strike_R","Strike_R","Defend_R","Defend_R","Defend_R","Defend_R"]},{"damage_healed":26,"gold_gain":0,"player_choice":"Heal","damage_taken":0,"max_hp_gain":0,"max_hp_loss":0,"event_name":"The Library","floor":22,"gold_loss":0}],"is_beta":false,"boss_relics":[{"not_picked":["Cursed Key","Runic Cube"],"picked":"Philosopher\u0027s Stone"}],"items_purged_floors":[],"is_endless":false,"potions_floor_spawned":[6,13,16,19,24],"killed_by":"Book of Stabbing","ascension_level":7}