{"gold_per_floor":[109,128,128,128,128,128,167,167,167,167,185,235,258,15,15,140,140,164,164,188,35,55,55,71,71,71,87,112,132,132,155,155,279,279,299,399,419,433,136,160,160,200,200,225,268,107,147,272,272,272],"floor_reached":51,"playtime":8045,"items_purged":["Defend_G","Strike_G","Doubt"],"score":789,"play_id":"11bd94c4-05f0-492c-a9cb-b1a68a1e44d2","local_time":"20181110172554","is_ascension_mode":false,"campfire_choices":[{"floor":6,"key":"REST"},{"floor":8,"key":"REST"},{"data":"Night Terror","floor":10,"key":"SMITH"},{"floor":15,"key":"REST"},{"data":"Footwork","floor":23,"key":"SMITH"},{"data":"Footwork","floor":25,"key":"SMITH"},{"data":"Adrenaline","floor":30,"key":"SMITH"},{"data":"Terror","floor":32,"key":"SMITH"},{"data":"Panache","floor":41,"key":"SMITH"},{"data":"A Thousand Cuts","floor":49,"key":"SMITH"}],"neow_cost":"PERCENT_DAMAGE","seed_source_timestamp":29181339244089,"circlet_count":0,"master_deck":["Defend_G","Defend_G","Defend_G","Strike_G","Strike_G","Survivor","Neutralize","Cloak And Dagger","Infinite Blades","Night Terror+1","Dodge and Roll","Footwork+1","Noxious Fumes","Secret Technique","Adrenaline+1","Backflip","Footwork+1","Deadly Poison+1","Blur","Terror+1","A Thousand Cuts+1","Poisoned Stab+1","Footwork+1","Accuracy+1","Panache+1","Infinite Blades","Blade Dance+1"],"relics":["Ring of the Serpent","Golden Idol","Pen Nib","Bird Faced Urn","Potion Belt","Enchiridion","Mummified Hand","Cursed Key","Shuriken","WingedGreaves","Bronze Scales","Boot","Unceasing Top"],"potions_floor_usage":[16,33,50,50,50,50],"damage_taken":[{"damage":0,"enemies":"Jaw Worm","floor":1,"turns":4},{"damage":0,"enemies":"2 Louse","floor":2,"turns":3},{"damage":38,"enemies":"3 Sentries","floor":7,"turns":11},{"damage":0,"enemies":"Small Slimes","floor":11,"turns":3},{"damage":8,"enemies":"Exordium Wildlife","floor":13,"turns":4},{"damage":17,"enemies":"Hexaghost","floor":16,"turns":12},{"damage":22,"enemies":"Spheric Guardian","floor":18,"turns":9},{"damage":12,"enemies":"3 Byrds","floor":20,"turns":8},{"damage":21,"enemies":"Shelled Parasite and Fungi","floor":22,"turns":10},{"damage":1,"enemies":"Chosen and Byrds","floor":24,"turns":9},{"damage":15,"enemies":"Cultist and Chosen","floor":27,"turns":8},{"damage":0,"enemies":"Snecko","floor":28,"turns":8},{"damage":9,"enemies":"Centurion and Healer","floor":29,"turns":8},{"damage":9,"enemies":"3 Cultists","floor":31,"turns":7},{"damage":11,"enemies":"Collector","floor":33,"turns":12},{"damage":0,"enemies":"Orb Walker","floor":35,"turns":3},{"damage":2,"enemies":"3 Shapes","floor":37,"turns":5},{"damage":0,"enemies":"Maw","floor":38,"turns":8},{"damage":2,"enemies":"Writhing Mass","floor":40,"turns":5},{"damage":18,"enemies":"Reptomancer","floor":42,"turns":5},{"damage":16,"enemies":"Spire Growth","floor":44,"turns":4},{"damage":0,"enemies":"Giant Head","floor":45,"turns":7},{"damage":37,"enemies":"Nemesis","floor":47,"turns":6},{"damage":14,"enemies":"Mind Bloom Boss Battle","floor":48,"turns":4},{"damage":0,"enemies":"Donu and Deca","floor":50,"turns":7}],"seed_played":"-5862423904717991212","potions_obtained":[{"floor":1,"key":"SpeedPotion"},{"floor":11,"key":"GamblersBrew"},{"floor":18,"key":"SteroidPotion"},{"floor":22,"key":"AttackPotion"},{"floor":31,"key":"Poison Potion"},{"floor":33,"key":"Regen Potion"},{"floor":35,"key":"AttackPotion"},{"floor":38,"key":"SpeedPotion"},{"floor":40,"key":"Poison Potion"},{"floor":44,"key":"LiquidBronze"}],"is_trial":false,"path_per_floor":["M","M","?","?","?","R","E","R","T","R","M","T","M","$","R","B",null,"M","?","M","$","M","R","M","R","T","M","M","M","R","M","R","B",null,"M","?","M","M","$","M","R","E","T","M","E","$","E","?","R","B",null],"character_chosen":"THE_SILENT","items_purchased":["Noxious Fumes","Secret Technique","Footwork","Panache","Infinite Blades"],"campfire_rested":3,"item_purchase_floors":[14,14,21,39,46],"current_hp_per_floor":[49,49,32,32,25,46,8,29,29,29,31,31,31,31,52,47,70,56,40,40,40,35,35,48,48,48,39,55,62,62,67,67,68,70,70,70,70,70,70,70,70,68,68,60,70,70,47,59,59,70],"gold":272,"neow_bonus":"REMOVE_TWO","is_prod":false,"is_daily":false,"chose_seed":false,"campfire_upgraded":7,"win_rate":0,"timestamp":1541859954,"path_taken":["M","M","?","?","?","R","E","R","T","R","M","?","M","$","R","BOSS","M","?","M","$","M","R","M","R","T","M","M","M","R","M","R","BOSS","M","?","?","M","$","M","R","E","T","?","E","$","E","?","R","BOSS"],"build_version":"2018-11-08","purchased_purges":3,"victory":true,"max_hp_per_floor":[70,70,70,70,70,70,70,70,70,70,70,70,70,70,70,70,70,70,70,70,70,70,70,70,70,70,70,70,70,70,70,70,70,70,70,70,70,70,70,70,70,70,70,70,70,70,70,70,70,70],"card_choices":[{"not_picked":["Distraction","Deadly Poison"],"picked":"Cloak And Dagger","floor":1},{"not_picked":["Bouncing Flask","Backflip"],"picked":"Infinite Blades","floor":2},{"not_picked":["Predator","Bouncing Flask"],"picked":"Night Terror","floor":7},{"not_picked":["Sucker Punch","Quick Slash"],"picked":"Dodge and Roll","floor":11},{"not_picked":["PiercingWail","Flying Knee"],"picked":"Footwork","floor":13},{"not_picked":["Doppelganger","Wraith Form v2"],"picked":"Adrenaline","floor":16},{"not_picked":["Deadly Poison","All Out Attack"],"picked":"Backflip","floor":18},{"not_picked":["Dodge and Roll","Outmaneuver","Predator"],"picked":"SKIP","floor":20},{"not_picked":["Quick Slash","Deflect"],"picked":"Deadly Poison+1","floor":22},{"not_picked":["Riddle With Holes","Terror"],"picked":"Blur","floor":24},{"not_picked":["Reflex","Tactician","Eviscerate"],"picked":"SKIP","floor":27},{"not_picked":["Cloak And Dagger","Reflex","Prepared"],"picked":"SKIP","floor":28},{"not_picked":["Distraction","Dodge and Roll+1","Outmaneuver"],"picked":"SKIP","floor":29},{"not_picked":["Bane","Backflip+1"],"picked":"Terror","floor":31},{"not_picked":["Bullet Time","Wraith Form v2"],"picked":"A Thousand Cuts","floor":33},{"not_picked":["Deflect+1","Prepared+1"],"picked":"Poisoned Stab+1","floor":35},{"not_picked":["Deadly Poison+1","Acrobatics"],"picked":"Footwork+1","floor":37},{"not_picked":["Deadly Poison+1","Acrobatics"],"picked":"Accuracy+1","floor":38},{"not_picked":["PiercingWail+1","Skewer","Reflex"],"picked":"SKIP","floor":40},{"not_picked":["Unload","Noxious Fumes","Underhanded Strike"],"picked":"SKIP","floor":42},{"not_picked":["Noxious Fumes+1","Sucker Punch+1","Well Laid Plans+1"],"picked":"SKIP","floor":44},{"not_picked":["Flying Knee","All Out Attack","Quick Slash"],"picked":"SKIP","floor":45},{"not_picked":["Masterful Stab+1","Prepared+1"],"picked":"Blade Dance+1","floor":47}],"player_experience":156465,"relics_obtained":[{"floor":7,"key":"Pen Nib"},{"floor":9,"key":"Bird Faced Urn"},{"floor":12,"key":"Potion Belt"},{"floor":19,"key":"Enchiridion"},{"floor":26,"key":"Mummified Hand"},{"floor":42,"key":"Shuriken"},{"floor":43,"key":"WingedGreaves"},{"floor":45,"key":"Bronze Scales"},{"floor":47,"key":"Boot"},{"floor":48,"key":"Unceasing Top"}],"event_choices":[{"damage_healed":0,"gold_gain":0,"player_choice":"Take Damage","damage_taken":17,"relics_obtained":["Golden Idol"],"max_hp_gain":0,"max_hp_loss":0,"event_name":"Golden Idol","floor":3,"gold_loss":0},{"damage_healed":0,"gold_gain":0,"player_choice":"Ignored","damage_taken":0,"max_hp_gain":0,"max_hp_loss":0,"event_name":"Shining Light","floor":4,"gold_loss":0},{"cards_removed":["Strike_G"],"damage_healed":0,"gold_gain":0,"player_choice":"Card Removal","damage_taken":7,"max_hp_gain":0,"max_hp_loss":0,"event_name":"Golden Wing","floor":5,"gold_loss":0},{"damage_healed":0,"gold_gain":0,"player_choice":"Obtained Book","damage_taken":16,"max_hp_gain":0,"max_hp_loss":0,"event_name":"Cursed Tome","floor":19,"gold_loss":0},{"damage_healed":0,"gold_gain":100,"player_choice":"Pray","damage_taken":0,"max_hp_gain":0,"max_hp_loss":0,"event_name":"Golden Shrine","floor":36,"gold_loss":0},{"damage_healed":0,"gold_gain":0,"player_choice":"Fight","damage_taken":0,"max_hp_gain":0,"max_hp_loss":0,"event_name":"MindBloom","floor":48,"gold_loss":0}],"is_beta":false,"boss_relics":[{"not_picked":["Calling Bell","Orrery"],"picked":"Ring of the Serpent"},{"not_picked":["Astrolabe","Empty Cage"],"picked":"Cursed Key"}],"items_purged_floors":[21,39,46],"is_endless":false,"potions_floor_spawned":[1,11,18,22,31,33,35,38,40,44],"ascension_level":0}