{"gold_per_floor":[363,374,393,104,104,135,210,220,245,420,139,139,109,122,122,122],"floor_reached":16,"playtime":927,"items_purged":["Pain","Doubt"],"score":100,"play_id":"3ff3a575-4702-4d3a-a409-a614988e7323","local_time":"20181024225209","is_ascension_mode":false,"campfire_choices":[{"floor":12,"key":"REST"},{"data":"Immolate","floor":15,"key":"SMITH"}],"neow_cost":"CURSE","seed_source_timestamp":14433184000998,"circlet_count":0,"master_deck":["Strike_R","Strike_R","Strike_R","Strike_R","Defend_R","Defend_R","Defend_R","Defend_R","Bash","Power Through","Iron Wave","Fire Breathing","Dropkick","Seeing Red","Whirlwind","Magnetism","Burning Pact","Immolate+1"],"relics":["Burning Blood","Blood Vial","Orichalcum","Bag of Preparation"],"potions_floor_usage":[8],"damage_taken":[{"damage":13,"enemies":"Cultist","floor":1,"turns":4},{"damage":4,"enemies":"Small Slimes","floor":2,"turns":3},{"damage":11,"enemies":"2 Louse","floor":3,"turns":3},{"damage":32,"enemies":"Lagavulin","floor":6,"turns":9},{"damage":16,"enemies":"Large Slime","floor":8,"turns":6},{"damage":0,"enemies":"Looter","floor":13,"turns":4},{"damage":16,"enemies":"2 Fungi Beasts","floor":14,"turns":5},{"damage":49,"enemies":"Slime Boss","floor":16,"turns":7}],"seed_played":"8325325235476767286","potions_obtained":[{"floor":3,"key":"LiquidBronze"}],"is_trial":false,"path_per_floor":["M","M","M","$","?","E","?","M","T","?","$","R","M","M","R"],"character_chosen":"IRONCLAD","items_purchased":["Blood Vial","Dropkick","Magnetism"],"campfire_rested":1,"item_purchase_floors":[4,4,11],"current_hp_per_floor":[73,75,70,70,63,39,28,20,20,20,20,44,52,44,44,0],"gold":122,"neow_bonus":"TWO_FIFTY_GOLD","is_prod":false,"is_daily":false,"chose_seed":false,"campfire_upgraded":1,"win_rate":0,"timestamp":1540410729,"path_taken":["M","?","M","$","?","E","?","M","T","?","$","R","M","?","R","BOSS"],"build_version":"2018-10-18","purchased_purges":2,"victory":false,"max_hp_per_floor":[80,80,80,80,80,80,80,80,80,80,80,80,80,80,80,80],"card_choices":[{"not_picked":["Body Slam","Second Wind"],"picked":"Power Through","floor":1},{"not_picked":["Body Slam","Clothesline"],"picked":"Iron Wave","floor":2},{"not_picked":["Sever Soul","Armaments"],"picked":"Fire Breathing","floor":3},{"not_picked":["Iron Wave","Clothesline"],"picked":"Seeing Red","floor":6},{"not_picked":["Inflame","Power Through"],"picked":"Whirlwind","floor":8},{"not_picked":["Iron Wave","Perfected Strike"],"picked":"Burning Pact","floor":13},{"not_picked":["Pommel Strike","Sentinel"],"picked":"Immolate","floor":14}],"player_experience":104536,"relics_obtained":[{"floor":6,"key":"Orichalcum"},{"floor":9,"key":"Bag of Preparation"}],"event_choices":[{"cards_removed":["Strike_R"],"damage_healed":0,"gold_gain":0,"player_choice":"Card Removal","damage_taken":7,"max_hp_gain":0,"max_hp_loss":0,"event_name":"Golden Wing","floor":5,"gold_loss":0},{"damage_healed":0,"gold_gain":75,"player_choice":"Gather Gold","damage_taken":11,"max_hp_gain":0,"max_hp_loss":0,"event_name":"World of Goop","floor":7,"gold_loss":0},{"damage_healed":0,"gold_gain":175,"player_choice":"AGREE","damage_taken":0,"max_hp_gain":0,"max_hp_loss":0,"event_name":"Liars Game","floor":10,"gold_loss":0,"cards_obtained":["Doubt"]}],"is_beta":false,"boss_relics":[],"items_purged_floors":[4,11],"is_endless":false,"potions_floor_spawned":[3],"killed_by":"Slime Boss","ascension_level":0}