{"gold_per_floor":[13,32,45,58,58,85,85,95,95,95,114,1,13,45,45,149,149,159,159,178,188,18,18,32,0,0,0,11,27,27,126,126,229,229,241,241,241,42,42,42,58,58,58,78,78,109,109,143,143,143,143,143,44,44],"floor_reached":54,"playtime":2620,"items_purged":["Defend_B","Strike_B"],"score":682,"play_id":"68fbcba9-b0f1-4543-a344-bcc9fc3f76a9","local_time":"20190309115913","is_ascension_mode":false,"campfire_choices":[{"data":"Zap","floor":7.0,"key":"SMITH"},{"data":"Reinforced Body","floor":15.0,"key":"SMITH"},{"data":"Storm","floor":23.0,"key":"SMITH"},{"data":"Machine Learning","floor":30.0,"key":"SMITH"},{"floor":32.0,"key":"REST"},{"data":"Storm","floor":40.0,"key":"SMITH"},{"data":"Zap","floor":42.0,"key":"SMITH"},{"floor":47.0,"key":"REST"},{"floor":49.0,"key":"RECALL"},{"data":"Seek","floor":52.0,"key":"SMITH"}],"neow_cost":"NO_GOLD","seed_source_timestamp":2980400938944,"circlet_count":0,"master_deck":["Strike_B","Strike_B","Defend_B","Defend_B","Zap+1","Dualcast","BootSequence","Reinforced Body+1","Heatsinks","Machine Learning+1","Defragment+1","Zap+1","Storm+1","Chill+1","Storm+1","Capacitor","Capacitor+1","Seek+1","Storm+1","Heatsinks","Defragment+1","Heatsinks+1"],"special_seed":0,"relics":["Cracked Core","Bronze Scales","Cursed Key","Nuclear Battery","DollysMirror","Du-Vu Doll"],"potions_floor_usage":[],"damage_taken":[{"damage":0.0,"enemies":"Small Slimes","floor":1.0,"turns":3.0},{"damage":1.0,"enemies":"Cultist","floor":2.0,"turns":3.0},{"damage":0.0,"enemies":"2 Louse","floor":3.0,"turns":2.0},{"damage":10.0,"enemies":"Exordium Thugs","floor":4.0,"turns":5.0},{"damage":25.0,"enemies":"Gremlin Nob","floor":6.0,"turns":4.0},{"damage":0.0,"enemies":"Looter","floor":8.0,"turns":3.0},{"damage":0.0,"enemies":"Red Slaver","floor":11.0,"turns":4.0},{"damage":2.0,"enemies":"Blue Slaver","floor":13.0,"turns":4.0},{"damage":13.0,"enemies":"3 Sentries","floor":14.0,"turns":9.0},{"damage":10.0,"enemies":"The Guardian","floor":16.0,"turns":12.0},{"damage":18.0,"enemies":"2 Thieves","floor":18.0,"turns":5.0},{"damage":10.0,"enemies":"Spheric Guardian","floor":20.0,"turns":4.0},{"damage":3.0,"enemies":"Snake Plant","floor":21.0,"turns":3.0},{"damage":0.0,"enemies":"Snecko","floor":24.0,"turns":6.0},{"damage":0.0,"enemies":"Chosen and Byrds","floor":28.0,"turns":4.0},{"damage":8.0,"enemies":"Shelled Parasite and Fungi","floor":29.0,"turns":3.0},{"damage":23.0,"enemies":"Champ","floor":33.0,"turns":11.0},{"damage":0.0,"enemies":"3 Shapes","floor":35.0,"turns":4.0},{"damage":0.0,"enemies":"3 Darklings","floor":41.0,"turns":4.0},{"damage":0.0,"enemies":"Transient","floor":44.0,"turns":5.0},{"damage":34.0,"enemies":"Giant Head","floor":46.0,"turns":7.0},{"damage":17.0,"enemies":"Reptomancer","floor":48.0,"turns":3.0},{"damage":22.0,"enemies":"Time Eater","floor":50.0,"turns":9.0},{"damage":77,"enemies":"Shield and Spear","floor":54,"turns":3}],"seed_played":"8187734145049388588","potions_obtained":[{"floor":1.0,"key":"SkillPotion"},{"floor":3.0,"key":"Regen Potion"},{"floor":6.0,"key":"Regen Potion"},{"floor":8.0,"key":"Swift Potion"},{"floor":18.0,"key":"SneckoOil"},{"floor":21.0,"key":"SpeedPotion"},{"floor":35.0,"key":"FocusPotion"},{"floor":41.0,"key":"Fire Potion"}],"is_trial":false,"path_per_floor":["M","M","M","M","?","E","R","M","T","?","M","$","M","E","R","B",null,"M","?","M","M","$","R","M","?","T","?","M","M","R","?","R","B",null,"M","?","?","$","T","R","M","R","T","M","?","E","R","E","R","B",null,"R","$","E"],"character_chosen":"DEFECT","items_purchased":["Heatsinks","Storm","DollysMirror","PowerPotion","PowerPotion"],"campfire_rested":2,"item_purchase_floors":[12,22,38,53,53],"current_hp_per_floor":[75,74,74,64,64,48,48,48,48,48,48,48,46,48,48,38,75,57,57,47,44,44,44,44,44,44,44,44,36,36,36,58,35,75,75,75,71,71,71,71,71,71,71,71,71,37,58,41,41,19,71,71,71,0],"gold":44,"neow_bonus":"REMOVE_TWO","is_prod":false,"is_daily":false,"chose_seed":false,"campfire_upgraded":7,"win_rate":0,"timestamp":1552121953,"path_taken":["M","M","M","M","?","E","R","?","T","?","M","?","M","E","R","BOSS","M","?","?","M","$","R","M","?","T","?","M","M","R","?","R","BOSS","M","?","?","$","?","R","M","R","T","M","?","E","R","E","R","BOSS","R","$","E"],"build_version":"2019-01-23","purchased_purges":2,"victory":false,"max_hp_per_floor":[75,75,75,75,75,75,75,75,75,75,75,75,75,75,75,75,75,75,75,75,75,75,75,75,75,75,75,75,75,75,75,75,75,75,75,75,71,71,71,71,71,71,71,71,71,71,71,71,71,71,71,71,71,71],"card_choices":[{"not_picked":["Cold Snap","Consume"],"picked":"BootSequence","floor":1.0},{"not_picked":["Barrage","Aggregate","Coolheaded"],"picked":"SKIP","floor":2.0},{"not_picked":["Leap","Undo","Gash"],"picked":"SKIP","floor":3.0},{"not_picked":["Conserve Battery","Rebound","Redo"],"picked":"SKIP","floor":4.0},{"not_picked":["Coolheaded","White Noise","Recycle"],"picked":"SKIP","floor":6.0},{"not_picked":["Hologram","Steam"],"picked":"Reinforced Body","floor":8.0},{"not_picked":["Redo","Go for the Eyes","Sweeping Beam"],"picked":"SKIP","floor":11.0},{"not_picked":["Leap","Steam","Hello World"],"picked":"SKIP","floor":13.0},{"not_picked":["All For One","Double Energy","Chaos"],"picked":"SKIP","floor":14.0},{"not_picked":["Reboot","Core Surge"],"picked":"Machine Learning","floor":16.0},{"not_picked":["Go for the Eyes","Scrape+1"],"picked":"Defragment+1","floor":18.0},{"not_picked":["Turbo","Redo+1"],"picked":"Storm","floor":20.0},{"not_picked":["Conserve Battery","White Noise"],"picked":"Chill+1","floor":21.0},{"not_picked":["Rebound+1","Beam Cell"],"picked":"Capacitor","floor":24.0},{"not_picked":["Fusion","Ball Lightning"],"picked":"Capacitor+1","floor":28.0},{"not_picked":["Cold Snap","Streamline","Scrape"],"picked":"SKIP","floor":29.0},{"not_picked":["Rainbow","Fission"],"picked":"Seek","floor":33.0},{"not_picked":["Streamline+1","Rebound+1","Turbo+1"],"picked":"SKIP","floor":35.0},{"not_picked":["Turbo+1","Conserve Battery+1"],"picked":"Heatsinks","floor":41.0},{"not_picked":["Core Surge","Barrage","Scrape+1"],"picked":"SKIP","floor":44.0},{"not_picked":["Stack","Cold Snap"],"picked":"Defragment+1","floor":46.0},{"not_picked":["Gash","Biased Cognition"],"picked":"Heatsinks+1","floor":48.0}],"player_experience":962725,"relics_obtained":[{"floor":14.0,"key":"Bronze Scales"},{"floor":46.0,"key":"Du-Vu Doll"}],"event_choices":[{"damage_healed":0.0,"max_hp_gain":0.0,"max_hp_loss":0.0,"gold_gain":0.0,"event_name":"WeMeetAgain","player_choice":"Ignored","floor":5.0,"gold_loss":0.0,"damage_taken":0.0},{"damage_healed":0.0,"max_hp_gain":0.0,"max_hp_loss":0.0,"gold_gain":0.0,"event_name":"NoteForYourself","player_choice":"Ignored","floor":10.0,"gold_loss":0.0,"damage_taken":0.0},{"damage_healed":0.0,"max_hp_gain":0.0,"max_hp_loss":0.0,"gold_gain":0.0,"event_name":"Match and Keep!","player_choice":"1 cards matched","floor":19.0,"gold_loss":0.0,"damage_taken":0.0,"cards_obtained":["Zap"]},{"damage_healed":0.0,"max_hp_gain":0.0,"max_hp_loss":0.0,"gold_gain":0.0,"event_name":"Match and Keep!","player_choice":"1 cards matched","floor":19.0,"gold_loss":0.0,"damage_taken":0.0,"cards_obtained":["Zap"]},{"damage_healed":0.0,"max_hp_gain":0.0,"max_hp_loss":0.0,"gold_gain":0.0,"event_name":"Masked Bandits","player_choice":"Paid Fearfully","floor":25.0,"gold_loss":32.0,"damage_taken":0.0},{"damage_healed":0.0,"max_hp_gain":0.0,"max_hp_loss":0.0,"gold_gain":0.0,"event_name":"Cursed Tome","player_choice":"Ignored","floor":27.0,"gold_loss":0.0,"damage_taken":0.0},{"damage_healed":0.0,"max_hp_gain":0.0,"max_hp_loss":0.0,"gold_gain":99.0,"event_name":"Nest","player_choice":"Stole From Cult","floor":31.0,"gold_loss":0.0,"damage_taken":0.0},{"damage_healed":0.0,"max_hp_gain":0.0,"max_hp_loss":0.0,"gold_gain":0.0,"event_name":"Tomb of Lord Red Mask","player_choice":"Ignored","floor":36.0,"gold_loss":0.0,"damage_taken":0.0},{"damage_healed":0.0,"max_hp_gain":0.0,"max_hp_loss":4.0,"gold_gain":0.0,"event_name":"Winding Halls","player_choice":"Max HP","floor":37.0,"gold_loss":0.0,"damage_taken":0.0},{"damage_healed":0.0,"max_hp_gain":0.0,"max_hp_loss":0.0,"gold_gain":0.0,"event_name":"SensoryStone","player_choice":"Memory 1","floor":45.0,"gold_loss":0.0,"damage_taken":0.0}],"is_beta":false,"boss_relics":[{"not_picked":["Tiny House","Orrery"],"picked":"Cursed Key"},{"not_picked":["Coffee Dripper","Snecko Eye"],"picked":"Nuclear Battery"}],"items_purged_floors":[12,22],"is_endless":false,"potions_floor_spawned":[1,3,6,8,18,21,35,41,44],"killed_by":"Shield and Spear","ascension_level":0}