{"gold_per_floor":[110,285,295,295,308,339,339,369,381,419,431],"floor_reached":11,"playtime":367,"items_purged":[],"score":105,"play_id":"fc7cc610-5e5d-4fad-a3d1-a425906dffca","local_time":"20190122184605","is_ascension_mode":true,"campfire_choices":[{"data":"Zap","floor":7,"key":"SMITH"}],"neow_cost":"NONE","seed_source_timestamp":717904395102999,"circlet_count":0,"master_deck":["Strike_B","Strike_B","Strike_B","Strike_B","Defend_B","Defend_B","Defend_B","Defend_B","Zap+1","Dualcast","Loop","Doubt","Stack","Ball Lightning","Ball Lightning","Electrodynamics","Coolheaded"],"relics":["Cracked Core","NeowsBlessing","Girya","Sundial","MawBank","Shuriken","Bag of Marbles"],"potions_floor_usage":[6,10],"damage_taken":[{"damage":0,"enemies":"Cultist","floor":1,"turns":1},{"damage":0,"enemies":"Small Slimes","floor":3,"turns":1},{"damage":0,"enemies":"Jaw Worm","floor":5,"turns":1},{"damage":31,"enemies":"3 Sentries","floor":6,"turns":7},{"damage":23,"enemies":"Gremlin Nob","floor":8,"turns":4},{"damage":13,"enemies":"3 Sentries","floor":10,"turns":3},{"damage":8,"enemies":"Exordium Wildlife","floor":11,"turns":1}],"seed_played":"-7427391725939269033","potions_obtained":[{"floor":1,"key":"Energy Potion"},{"floor":3,"key":"EssenceOfSteel"}],"is_trial":false,"path_per_floor":["M","?","M","?","M","E","R","E","T","E","M"],"character_chosen":"DEFECT","items_purchased":[],"campfire_rested":0,"item_purchase_floors":[],"current_hp_per_floor":[75,75,75,72,72,41,41,18,18,5,0],"gold":431,"neow_bonus":"THREE_ENEMY_KILL","is_prod":false,"is_daily":false,"chose_seed":false,"campfire_upgraded":1,"win_rate":0,"timestamp":1548153965,"path_taken":["M","?","M","?","M","E","R","E","T","E","M"],"build_version":"2019-01-17v2","purchased_purges":0,"victory":false,"max_hp_per_floor":[75,75,75,75,75,75,75,75,75,75,75],"card_choices":[{"not_picked":["Gash","Conserve Battery"],"picked":"Loop","floor":1},{"not_picked":["Barrage","Reprogram"],"picked":"Stack","floor":3},{"not_picked":["Rebound","Streamline"],"picked":"Ball Lightning","floor":5},{"not_picked":["Stack","Beam Cell"],"picked":"Ball Lightning","floor":6},{"not_picked":["Consume","Sweeping Beam"],"picked":"Electrodynamics","floor":8},{"not_picked":["Beam Cell","Barrage"],"picked":"Coolheaded","floor":10}],"player_experience":185157,"relics_obtained":[{"floor":6,"key":"Sundial"},{"floor":8,"key":"MawBank"},{"floor":9,"key":"Shuriken"},{"floor":10,"key":"Bag of Marbles"}],"event_choices":[{"damage_healed":0,"gold_gain":175,"player_choice":"AGREE","damage_taken":0,"max_hp_gain":0,"max_hp_loss":0,"event_name":"Liars Game","floor":2,"gold_loss":0,"cards_obtained":["Doubt"]},{"damage_healed":0,"gold_gain":0,"player_choice":"Success","damage_taken":3,"relics_obtained":["Girya"],"max_hp_gain":0,"max_hp_loss":0,"event_name":"Scrap Ooze","floor":4,"gold_loss":0}],"is_beta":false,"boss_relics":[],"items_purged_floors":[],"is_endless":false,"potions_floor_spawned":[1,3],"killed_by":"Exordium Wildlife","ascension_level":3}