{"gold_per_floor":[114,189,205,223,223,223,248,264,264,264,6,37,37,49,49,49],"floor_reached":16,"playtime":941,"items_purged":[],"score":209,"play_id":"12795c5e-8e41-40ee-bddc-61440b56ae3d","local_time":"20190115210433","is_ascension_mode":true,"campfire_choices":[{"floor":6.0,"key":"REST"},{"data":"Burst","floor":10.0,"key":"SMITH"},{"floor":13.0,"key":"REST"},{"floor":15.0,"key":"REST"}],"neow_cost":"TEN_PERCENT_HP_LOSS","seed_source_timestamp":7443222245804,"circlet_count":0,"master_deck":["AscendersBane","Defend_G","Defend_G","Defend_G","Defend_G","Strike_G","Strike_G","Strike_G+1","Strike_G","Survivor","Neutralize+1","Setup","Burst+1","Skewer","Poisoned Stab+1","Flying Knee+1","Blur","Good Instincts"],"special_seed":0,"relics":["Ring of the Snake","Bag of Preparation","Ninja Scroll","Whetstone","Bird Faced Urn"],"potions_floor_usage":[16],"damage_taken":[{"damage":3.0,"enemies":"2 Louse","floor":1.0,"turns":4.0},{"damage":9.0,"enemies":"Jaw Worm","floor":3.0,"turns":5.0},{"damage":0.0,"enemies":"Cultist","floor":4.0,"turns":3.0},{"damage":6.0,"enemies":"Gremlin Nob","floor":7.0,"turns":3.0},{"damage":0.0,"enemies":"Blue Slaver","floor":8.0,"turns":5.0},{"damage":21.0,"enemies":"Lagavulin","floor":12.0,"turns":7.0},{"damage":0.0,"enemies":"Exordium Thugs","floor":14.0,"turns":4.0},{"damage":49,"enemies":"Hexaghost","floor":16,"turns":14}],"seed_played":"723307416589156840","potions_obtained":[{"floor":3.0,"key":"PowerPotion"},{"floor":4.0,"key":"SkillPotion"},{"floor":14.0,"key":"GamblersBrew"}],"is_trial":false,"path_per_floor":["M","?","M","M","?","R","E","M","T","R","$","E","R","M","R","B"],"character_chosen":"THE_SILENT","items_purchased":["Good Instincts","Whetstone"],"campfire_rested":3,"item_purchase_floors":[11,11],"current_hp_per_floor":[56,45,36,36,18,36,30,30,30,30,30,9,27,27,45,0],"gold":49,"neow_bonus":"TRANSFORM_TWO_CARDS","is_prod":false,"is_daily":false,"chose_seed":false,"campfire_upgraded":1,"win_rate":0,"timestamp":1547575473,"path_taken":["M","?","M","M","?","R","E","M","T","R","?","E","R","M","R","BOSS"],"build_version":"2019-01-10","purchased_purges":0,"victory":false,"max_hp_per_floor":[60,60,60,60,60,60,60,60,60,60,60,60,60,60,60,60],"card_choices":[{"not_picked":["Dagger Throw","Masterful Stab"],"picked":"Skewer","floor":1.0},{"not_picked":["Heel Hook","Dodge and Roll"],"picked":"Poisoned Stab","floor":3.0},{"not_picked":["Choke","Tactician"],"picked":"Flying Knee","floor":4.0},{"not_picked":["Bane","Quick Slash"],"picked":"Blur","floor":7.0},{"not_picked":["Quick Slash","Slice","Storm of Steel"],"picked":"SKIP","floor":8.0},{"not_picked":["Skewer","Quick Slash","Setup"],"picked":"SKIP","floor":12.0},{"not_picked":["Poisoned Stab","Dagger Throw","Bane"],"picked":"SKIP","floor":14.0}],"player_experience":463533,"relics_obtained":[{"floor":7.0,"key":"Bag of Preparation"},{"floor":9.0,"key":"Ninja Scroll"},{"floor":12.0,"key":"Bird Faced Urn"}],"event_choices":[{"damage_healed":0.0,"max_hp_gain":0.0,"max_hp_loss":0.0,"gold_gain":75.0,"event_name":"World of Goop","player_choice":"Gather Gold","floor":2.0,"gold_loss":0.0,"damage_taken":11.0},{"damage_healed":0.0,"max_hp_gain":0.0,"max_hp_loss":0.0,"gold_gain":0.0,"event_name":"Shining Light","player_choice":"Entered Light","floor":5.0,"gold_loss":0.0,"damage_taken":18.0,"cards_upgraded":["Neutralize","Flying Knee"]}],"is_beta":false,"boss_relics":[],"items_purged_floors":[],"is_endless":false,"potions_floor_spawned":[3,4,14],"killed_by":"Hexaghost","ascension_level":18}