{"gold_per_floor":[210,210,160,172,182,211,211,238,287,300,317,336,41,67,67,164,164,180,191,207,224,224,257,257,288,288,92,92,110,125,160,160,160],"floor_reached":33,"playtime":3770,"items_purged":["Strike_G","Strike_G"],"score":389,"play_id":"54549c6a-4ab0-40dc-a07b-bf68897e4fe2","local_time":"20190109185916","is_ascension_mode":true,"campfire_choices":[{"data":"Neutralize","floor":15,"key":"SMITH"},{"data":"Tools of the Trade","floor":24,"key":"SMITH"},{"floor":28,"key":"REST"},{"data":"Well Laid Plans","floor":32,"key":"SMITH"}],"neow_cost":"NONE","seed_source_timestamp":508800251225897,"circlet_count":0,"master_deck":["Defend_G","Defend_G","Defend_G","Defend_G","Defend_G","Strike_G","Strike_G","Survivor","Neutralize+1","Cloak And Dagger","Acrobatics","Poisoned Stab","Cloak And Dagger","Heel Hook","Poisoned Stab","Well Laid Plans+1","Infinite Blades","Noxious Fumes","Acrobatics","Tools of the Trade+1","Infinite Blades+1","Dagger Throw+1","Bouncing Flask+1","Poisoned Stab","Cloak And Dagger+1","Quick Slash+1","Backflip","Bane+1","Deadly Poison"],"relics":["Ring of the Snake","Ornamental Fan","Bag of Preparation","Oddly Smooth Stone","Vajra","Blood Vial","White Beast Statue","Smiling Mask","Calipers","Bottled Flame","Orichalcum","Kunai"],"potions_floor_usage":[8,14,14,19,21,23,23,29,31,31,31,33],"damage_taken":[{"damage":0,"enemies":"2 Louse","floor":1,"turns":3},{"damage":0,"enemies":"Jaw Worm","floor":4,"turns":6},{"damage":6,"enemies":"Small Slimes","floor":5,"turns":4},{"damage":25,"enemies":"3 Sentries","floor":6,"turns":11},{"damage":24,"enemies":"Lagavulin","floor":8,"turns":8},{"damage":0,"enemies":"Gremlin Gang","floor":10,"turns":7},{"damage":1,"enemies":"Exordium Wildlife","floor":11,"turns":5},{"damage":1,"enemies":"Lots of Slimes","floor":12,"turns":5},{"damage":0,"enemies":"3 Sentries","floor":14,"turns":6},{"damage":25,"enemies":"Slime Boss","floor":16,"turns":11},{"damage":5,"enemies":"Chosen","floor":18,"turns":6},{"damage":2,"enemies":"Spheric Guardian","floor":19,"turns":5},{"damage":10,"enemies":"Centurion and Healer","floor":20,"turns":6},{"damage":15,"enemies":"Snake Plant","floor":21,"turns":4},{"damage":24,"enemies":"Slavers","floor":23,"turns":6},{"damage":24,"enemies":"Gremlin Leader","floor":25,"turns":8},{"damage":7,"enemies":"Shelled Parasite and Fungi","floor":29,"turns":7},{"damage":1,"enemies":"Chosen and Byrds","floor":30,"turns":5},{"damage":4,"enemies":"Book of Stabbing","floor":31,"turns":6},{"damage":33,"enemies":"Collector","floor":33,"turns":5}],"seed_played":"-8491599896897374905","potions_obtained":[{"floor":6,"key":"SkillPotion"},{"floor":7,"key":"Block Potion"},{"floor":7,"key":"LiquidBronze"},{"floor":12,"key":"Regen Potion"},{"floor":16,"key":"Regen Potion"},{"floor":18,"key":"FairyPotion"},{"floor":19,"key":"GamblersBrew"},{"floor":20,"key":"LiquidBronze"},{"floor":21,"key":"Energy Potion"},{"floor":23,"key":"SteroidPotion"},{"floor":25,"key":"SpeedPotion"},{"floor":29,"key":"GhostInAJar"},{"floor":30,"key":"Energy Potion"},{"floor":31,"key":"PowerPotion"}],"is_trial":false,"path_per_floor":["M","?","?","M","M","E","?","E","T","M","M","M","$","E","R","B",null,"M","M","M","M","?","E","R","E","T","$","R","M","M","E","R","B"],"character_chosen":"THE_SILENT","items_purchased":["Noxious Fumes","Vajra","Orichalcum"],"campfire_rested":1,"item_purchase_floors":[13,13,27],"current_hp_per_floor":[70,75,75,75,69,44,44,20,20,20,19,18,18,33,33,10,75,70,70,62,49,42,35,35,13,13,13,35,30,31,29,29,0],"gold":160,"neow_bonus":"HUNDRED_GOLD","is_prod":false,"is_daily":false,"chose_seed":false,"campfire_upgraded":3,"win_rate":0,"timestamp":1547031556,"path_taken":["M","?","?","M","M","E","?","E","T","M","M","?","$","E","R","BOSS","M","M","M","M","?","E","R","E","T","$","R","M","M","E","R","BOSS"],"build_version":"2019-01-03v4","purchased_purges":2,"victory":false,"max_hp_per_floor":[70,75,75,75,75,75,75,75,75,75,75,75,75,75,75,75,75,75,75,75,75,75,75,75,75,75,75,75,75,75,75,75,75],"card_choices":[{"not_picked":["Dodge and Roll","Masterful Stab"],"picked":"Cloak And Dagger","floor":1},{"not_picked":["Slice","PiercingWail"],"picked":"Acrobatics","floor":4},{"not_picked":["Eviscerate","Dagger Throw"],"picked":"Poisoned Stab","floor":5},{"not_picked":["Distraction","Predator"],"picked":"Cloak And Dagger","floor":6},{"not_picked":["Slice","Expertise"],"picked":"Heel Hook","floor":8},{"not_picked":["Finisher","Sucker Punch"],"picked":"Poisoned Stab","floor":10},{"not_picked":["Tactician","Underhanded Strike"],"picked":"Well Laid Plans","floor":11},{"not_picked":["Calculated Gamble","Choke"],"picked":"Infinite Blades","floor":12},{"not_picked":["Blade Dance","Night Terror"],"picked":"Acrobatics","floor":14},{"not_picked":["Malaise","Night Terror"],"picked":"Tools of the Trade","floor":16},{"not_picked":["Dagger Throw","Calculated Gamble+1"],"picked":"Infinite Blades+1","floor":18},{"not_picked":["Prepared","Skewer+1"],"picked":"Dagger Throw+1","floor":19},{"not_picked":["Flying Knee+1","Skewer"],"picked":"Bouncing Flask+1","floor":20},{"not_picked":["Dagger Spray","Deflect"],"picked":"Poisoned Stab","floor":21},{"not_picked":["Finisher","Acrobatics"],"picked":"Cloak And Dagger+1","floor":23},{"not_picked":["Wraith Form v2","Heel Hook"],"picked":"Quick Slash+1","floor":25},{"not_picked":["Distraction","Flying Knee"],"picked":"Backflip","floor":29},{"not_picked":["PiercingWail","Terror"],"picked":"Bane+1","floor":30},{"not_picked":["Underhanded Strike+1","Cloak And Dagger"],"picked":"Deadly Poison","floor":31}],"player_experience":103141,"relics_obtained":[{"floor":6,"key":"Ornamental Fan"},{"floor":8,"key":"Bag of Preparation"},{"floor":9,"key":"Oddly Smooth Stone"},{"floor":14,"key":"Blood Vial"},{"floor":23,"key":"Smiling Mask"},{"floor":25,"key":"Calipers"},{"floor":26,"key":"Bottled Flame"},{"floor":31,"key":"Kunai"}],"event_choices":[{"damage_healed":0,"gold_gain":0,"player_choice":"Donut","damage_taken":0,"max_hp_gain":5,"max_hp_loss":0,"event_name":"Big Fish","floor":2,"gold_loss":0},{"cards_removed":["Strike_G"],"damage_healed":0,"gold_gain":0,"player_choice":"Card Removal","damage_taken":0,"max_hp_gain":0,"max_hp_loss":0,"event_name":"The Cleric","floor":3,"gold_loss":50},{"damage_healed":0,"gold_gain":0,"player_choice":"Got Potions","damage_taken":0,"max_hp_gain":0,"max_hp_loss":0,"event_name":"Lab","floor":7,"gold_loss":0},{"damage_healed":0,"gold_gain":0,"player_choice":"Damaged","damage_taken":7,"max_hp_gain":0,"max_hp_loss":0,"event_name":"Wheel of Change","floor":22,"gold_loss":0}],"is_beta":false,"boss_relics":[{"not_picked":["Philosopher\u0027s Stone","Sozu"],"picked":"White Beast Statue"}],"items_purged_floors":[13,27],"is_endless":false,"potions_floor_spawned":[6,12,16,18,19,20,21,23,25,29,30,31],"killed_by":"Collector","ascension_level":2}