{"gold_per_floor":[110,110,185,185,253,253,286,336,408,333,333,343,353,370,370,468,468,480,344,361,40,58,88,88,118,118,118,138,288,349,360,360,360],"floor_reached":33,"playtime":1563,"items_purged":["Strike_B","Regret","Strike_B"],"score":287,"play_id":"fcccbc63-8c36-4fe7-ab77-3da158fd615e","local_time":"20181208165550","is_ascension_mode":false,"campfire_choices":[{"data":"Turbo","floor":6,"key":"SMITH"},{"data":"Go for the Eyes","floor":11,"key":"SMITH"},{"floor":15,"key":"REST"},{"data":"Double Energy","floor":24,"key":"SMITH"},{"floor":27,"key":"REST"},{"data":"Defragment","floor":32,"key":"SMITH"}],"neow_cost":"NONE","seed_source_timestamp":21724626926386,"circlet_count":0,"master_deck":["Strike_B","Strike_B","Defend_B","Defend_B","Defend_B","Defend_B","Zap","Dualcast","Self Repair","Turbo+1","Go for the Eyes+1","Hologram","Glacier","Electrodynamics","Defragment+1","Tempest","Secret Technique","Double Energy+1"],"relics":["Runic Dome","Bag of Preparation","SsserpentHead","StoneCalendar","Omamori","Bottled Flame","Busted Crown","FossilizedHelix","Ornamental Fan","Nunchaku"],"potions_floor_usage":[7,7,25,25,33],"damage_taken":[{"damage":2,"enemies":"2 Louse","floor":1,"turns":3},{"damage":5,"enemies":"Jaw Worm","floor":5,"turns":5},{"damage":47,"enemies":"Lagavulin","floor":7,"turns":9},{"damage":3,"enemies":"Cultist","floor":12,"turns":4},{"damage":7,"enemies":"2 Fungi Beasts","floor":13,"turns":4},{"damage":22,"enemies":"Exordium Wildlife","floor":14,"turns":6},{"damage":30,"enemies":"The Guardian","floor":16,"turns":18},{"damage":13,"enemies":"Chosen","floor":18,"turns":7},{"damage":5,"enemies":"3 Byrds","floor":20,"turns":2},{"damage":12,"enemies":"Snake Plant","floor":22,"turns":3},{"damage":32,"enemies":"Gremlin Leader","floor":23,"turns":6},{"damage":27,"enemies":"Slavers","floor":25,"turns":3},{"damage":0,"enemies":"Cultist and Chosen","floor":28,"turns":3},{"damage":0,"enemies":"Centurion and Healer","floor":30,"turns":3},{"damage":0,"enemies":"3 Cultists","floor":31,"turns":2},{"damage":57,"enemies":"Champ","floor":33,"turns":15}],"seed_played":"2864907919372058152","potions_obtained":[{"floor":1,"key":"Regen Potion"},{"floor":5,"key":"LiquidBronze"},{"floor":12,"key":"Energy Potion"},{"floor":13,"key":"FocusPotion"},{"floor":20,"key":"LiquidBronze"},{"floor":30,"key":"PowerPotion"}],"is_trial":false,"path_per_floor":["M","?","?","?","M","R","E","?","T","$","R","M","M","M","R","B",null,"M","$","M","$","M","E","R","E","T","R","M","?","M","M","R","B"],"character_chosen":"DEFECT","items_purchased":["Defragment","Secret Technique"],"campfire_rested":2,"item_purchase_floors":[19,21],"current_hp_per_floor":[73,73,62,62,64,64,39,27,27,27,27,31,31,16,38,15,75,69,69,64,64,59,34,34,14,14,36,43,43,50,50,50,0],"gold":360,"neow_bonus":"BOSS_RELIC","is_prod":false,"is_daily":false,"chose_seed":false,"campfire_upgraded":4,"win_rate":0,"timestamp":1544277350,"path_taken":["M","?","?","?","?","R","E","?","T","$","R","M","M","M","R","BOSS","M","$","M","$","M","E","R","E","T","R","M","?","?","M","R","BOSS"],"build_version":"2018-12-06","purchased_purges":3,"victory":false,"max_hp_per_floor":[75,75,75,75,75,75,75,75,75,75,75,75,75,75,75,75,75,75,75,75,75,75,75,75,75,75,75,75,75,75,75,75,75],"card_choices":[{"not_picked":["Barrage","Skim"],"picked":"Self Repair","floor":1},{"not_picked":["Rebound","Hologram"],"picked":"Turbo","floor":5},{"not_picked":["Cold Snap","Barrage"],"picked":"Go for the Eyes","floor":7},{"not_picked":["Streamline","Steam","Undo"],"picked":"SKIP","floor":12},{"not_picked":["Compile Driver","Rainbow"],"picked":"Hologram","floor":13},{"not_picked":["Redo","Rip and Tear"],"picked":"Glacier","floor":14},{"not_picked":["Hyperbeam","Core Surge"],"picked":"Electrodynamics","floor":16},{"not_picked":["Cold Snap"],"picked":"SKIP","floor":18},{"not_picked":[],"picked":"Tempest","floor":20},{"not_picked":["Cold Snap"],"picked":"SKIP","floor":22},{"not_picked":[],"picked":"Double Energy","floor":23},{"not_picked":["Streamline+1"],"picked":"SKIP","floor":25},{"not_picked":["Scrape"],"picked":"SKIP","floor":28},{"not_picked":["Scrape+1"],"picked":"SKIP","floor":30},{"not_picked":["Streamline"],"picked":"SKIP","floor":31}],"player_experience":272430,"relics_obtained":[{"floor":7,"key":"StoneCalendar"},{"floor":9,"key":"Bottled Flame"},{"floor":23,"key":"FossilizedHelix"},{"floor":25,"key":"Ornamental Fan"},{"floor":26,"key":"Nunchaku"}],"event_choices":[{"damage_healed":0,"gold_gain":0,"player_choice":"Box","damage_taken":0,"relics_obtained":["Bag of Preparation"],"max_hp_gain":0,"max_hp_loss":0,"event_name":"Big Fish","floor":2,"gold_loss":0,"cards_obtained":["Regret"]},{"damage_healed":0,"gold_gain":75,"player_choice":"Gather Gold","damage_taken":11,"max_hp_gain":0,"max_hp_loss":0,"event_name":"World of Goop","floor":3,"gold_loss":0},{"damage_healed":0,"gold_gain":0,"player_choice":"Trade","damage_taken":0,"relics_obtained":["SsserpentHead"],"max_hp_gain":0,"max_hp_loss":0,"event_name":"FaceTrader","floor":4,"gold_loss":0},{"damage_healed":0,"gold_gain":0,"player_choice":"Success","damage_taken":12,"relics_obtained":["Omamori"],"max_hp_gain":0,"max_hp_loss":0,"event_name":"Scrap Ooze","floor":8,"gold_loss":0},{"damage_healed":0,"gold_gain":100,"player_choice":"Pray","damage_taken":0,"max_hp_gain":0,"max_hp_loss":0,"event_name":"Golden Shrine","floor":29,"gold_loss":0}],"is_beta":false,"boss_relics":[{"not_picked":["Black Star","Sozu"],"picked":"Busted Crown"}],"items_purged_floors":[10,19,21],"is_endless":false,"potions_floor_spawned":[1,5,12,13,20,23,30],"killed_by":"Champ","ascension_level":0}