{"gold_per_floor":[111,127,302,302,313,342,366,378,378,378,392,423,423,442,442,544,544,564,564,584,584,599,599,628,628,628,638,672,672,413,432,432,528,528,546,558,658,673,686,744,744,761,761,0,0,0,49,61,61,61],"floor_reached":51,"playtime":2611,"items_purged":["Writhe"],"score":822,"play_id":"e404654b-dcee-4397-9425-05210e4ce0ae","local_time":"20181227230001","is_ascension_mode":true,"campfire_choices":[{"data":"Envenom","floor":13,"key":"SMITH"},{"floor":15,"key":"REST"},{"data":"Adrenaline","floor":23,"key":"SMITH"},{"floor":25,"key":"REST"},{"data":"Terror","floor":29,"key":"SMITH"},{"floor":32,"key":"REST"},{"floor":41,"key":"REST"},{"floor":45,"key":"REST"},{"floor":49,"key":"REST"}],"neow_cost":"NONE","seed_source_timestamp":11679593168077,"circlet_count":0,"master_deck":["Defend_G+1","Defend_G+1","Defend_G+1","Defend_G+1","Defend_G+1","Strike_G+1","Strike_G+1","Strike_G+1","Strike_G+1","Strike_G+1","Survivor","Bouncing Flask","Sucker Punch","Envenom+1","Escape Plan","PiercingWail","Noxious Fumes","Adrenaline+1","Blade Dance+1","Backflip","Blur","Terror+1","Blade Dance","Malaise","Deadly Poison","Prepared+1","Cloak And Dagger+1","Infinite Blades"],"relics":["Ring of the Snake","NeowsBlessing","PreservedInsect","Pear","Ancient Tea Set","Whetstone","Strawberry","Philosopher\u0027s Stone","Lantern","Shuriken","The Courier","Omamori","Boot","Eternal Feather","Tiny Chest","Shovel","Red Mask","Bronze Scales"],"potions_floor_usage":[6,8,16,16,24,24,31,38,40,42,50,50],"damage_taken":[{"damage":0,"enemies":"2 Louse","floor":1,"turns":1},{"damage":0,"enemies":"Jaw Worm","floor":2,"turns":1},{"damage":0,"enemies":"Small Slimes","floor":5,"turns":1},{"damage":36,"enemies":"3 Sentries","floor":6,"turns":11},{"damage":8,"enemies":"Exordium Thugs","floor":8,"turns":6},{"damage":8,"enemies":"Large Slime","floor":11,"turns":7},{"damage":11,"enemies":"Lagavulin","floor":12,"turns":7},{"damage":4,"enemies":"Exordium Wildlife","floor":14,"turns":6},{"damage":22,"enemies":"The Guardian","floor":16,"turns":10},{"damage":20,"enemies":"3 Byrds","floor":18,"turns":6},{"damage":0,"enemies":"Chosen","floor":20,"turns":4},{"damage":15,"enemies":"Snake Plant","floor":22,"turns":4},{"damage":17,"enemies":"Gremlin Leader","floor":24,"turns":6},{"damage":12,"enemies":"Sentry and Sphere","floor":27,"turns":5},{"damage":18,"enemies":"Book of Stabbing","floor":28,"turns":5},{"damage":8,"enemies":"Centurion and Healer","floor":31,"turns":4},{"damage":39,"enemies":"Automaton","floor":33,"turns":10},{"damage":1,"enemies":"Orb Walker","floor":35,"turns":3},{"damage":13,"enemies":"3 Shapes","floor":36,"turns":3},{"damage":45,"enemies":"Spire Growth","floor":38,"turns":5},{"damage":13,"enemies":"Maw","floor":39,"turns":7},{"damage":6,"enemies":"Giant Head","floor":40,"turns":8},{"damage":24,"enemies":"3 Darklings","floor":42,"turns":6},{"damage":17,"enemies":"Spire Growth","floor":48,"turns":3},{"damage":86,"enemies":"Awakened One","floor":50,"turns":14}],"seed_played":"5059753695512187090","potions_obtained":[{"floor":2,"key":"Regen Potion"},{"floor":6,"key":"SkillPotion"},{"floor":8,"key":"Weak Potion"},{"floor":11,"key":"Weak Potion"},{"floor":20,"key":"Explosive Potion"},{"floor":22,"key":"Regen Potion"},{"floor":33,"key":"FearPotion"},{"floor":36,"key":"GamblersBrew"},{"floor":39,"key":"GamblersBrew"},{"floor":40,"key":"Weak Potion"}],"is_trial":false,"path_per_floor":["M","M","?","?","M","E","T","M","T","?","M","E","R","M","R","B",null,"M","?","M","?","M","R","E","R","T","M","E","R","$","M","R","B",null,"M","M","?","M","M","E","R","M","T","?","R","?","T","M","R","B",null],"character_chosen":"THE_SILENT","items_purchased":["Boot","Dexterity Potion","SkillPotion"],"campfire_rested":6,"item_purchase_floors":[30,30,30],"current_hp_per_floor":[70,70,70,67,67,56,56,48,48,48,40,36,36,32,58,36,87,67,67,67,67,52,52,50,76,76,64,46,46,46,38,64,25,87,86,73,73,28,15,9,50,26,26,26,67,67,67,50,87,1],"gold":61,"neow_bonus":"THREE_ENEMY_KILL","is_prod":false,"is_daily":false,"chose_seed":false,"campfire_upgraded":3,"win_rate":0,"timestamp":1545940801,"path_taken":["M","M","?","?","M","E","?","M","T","?","M","E","R","M","R","BOSS","M","?","M","?","M","R","E","R","T","M","E","R","?","M","R","BOSS","M","M","?","?","M","E","R","M","T","?","R","?","?","M","R","BOSS"],"build_version":"2018-12-20","purchased_purges":1,"victory":true,"max_hp_per_floor":[70,70,70,70,70,80,80,80,80,80,80,87,87,87,87,87,87,87,87,87,87,87,87,87,87,87,87,87,87,87,87,87,87,87,87,87,87,87,87,87,87,87,87,87,87,87,87,87,87,87],"card_choices":[{"not_picked":["Bane","Slice"],"picked":"Bouncing Flask","floor":1},{"not_picked":["Flying Knee","Reflex"],"picked":"Sucker Punch","floor":2},{"not_picked":["Acrobatics","Dagger Spray","Slice"],"picked":"SKIP","floor":5},{"not_picked":["Blade Dance","All Out Attack"],"picked":"Envenom","floor":6},{"not_picked":["Deflect","Masterful Stab"],"picked":"Escape Plan","floor":8},{"not_picked":["Distraction","Prepared"],"picked":"PiercingWail","floor":11},{"not_picked":["Dagger Throw","Flechettes"],"picked":"Noxious Fumes","floor":12},{"not_picked":["Dagger Spray","Prepared","Calculated Gamble"],"picked":"SKIP","floor":14},{"not_picked":["A Thousand Cuts","Storm of Steel"],"picked":"Adrenaline","floor":16},{"not_picked":["Poisoned Stab","Finisher"],"picked":"Blade Dance+1","floor":18},{"not_picked":["Riddle With Holes","Deflect"],"picked":"Backflip","floor":20},{"not_picked":["Dagger Spray","Bane+1"],"picked":"Blur","floor":22},{"not_picked":["Acrobatics","Flying Knee+1","Slice"],"picked":"SKIP","floor":24},{"not_picked":["Flying Knee","Quick Slash","Phantasmal Killer"],"picked":"SKIP","floor":27},{"not_picked":["Slice","Reflex"],"picked":"Terror","floor":28},{"not_picked":["Caltrops","Dagger Throw"],"picked":"Blade Dance","floor":31},{"not_picked":["Venomology","Storm of Steel"],"picked":"Malaise","floor":33},{"not_picked":["Poisoned Stab+1","PiercingWail","Accuracy"],"picked":"SKIP","floor":35},{"not_picked":["Skewer","Poisoned Stab"],"picked":"Deadly Poison","floor":36},{"not_picked":["Cloak And Dagger","Deadly Poison"],"picked":"Prepared+1","floor":38},{"not_picked":["Endless Agony","Dagger Spray"],"picked":"Cloak And Dagger+1","floor":39},{"not_picked":["Slice","Dagger Throw+1","Unload"],"picked":"SKIP","floor":40},{"not_picked":["Acrobatics","Masterful Stab"],"picked":"Infinite Blades","floor":42},{"not_picked":["Quick Slash+1","Expertise","Accuracy"],"picked":"SKIP","floor":48}],"player_experience":379104,"relics_obtained":[{"floor":6,"key":"Pear"},{"floor":7,"key":"Ancient Tea Set"},{"floor":9,"key":"Whetstone"},{"floor":12,"key":"Strawberry"},{"floor":24,"key":"Shuriken"},{"floor":26,"key":"The Courier"},{"floor":28,"key":"Omamori"},{"floor":40,"key":"Tiny Chest"},{"floor":43,"key":"Shovel"},{"floor":47,"key":"Bronze Scales"}],"event_choices":[{"damage_healed":0,"gold_gain":175,"player_choice":"AGREE","damage_taken":0,"max_hp_gain":0,"max_hp_loss":0,"event_name":"Liars Game","floor":3,"gold_loss":0,"cards_obtained":["Doubt"]},{"damage_healed":0,"gold_gain":0,"player_choice":"Success","damage_taken":3,"relics_obtained":["PreservedInsect"],"max_hp_gain":0,"max_hp_loss":0,"event_name":"Scrap Ooze","floor":4,"gold_loss":0},{"cards_removed":["Doubt"],"damage_healed":0,"gold_gain":0,"player_choice":"Purged","damage_taken":0,"max_hp_gain":0,"max_hp_loss":0,"event_name":"Purifier","floor":10,"gold_loss":0},{"damage_healed":0,"gold_gain":0,"player_choice":"Opened","damage_taken":0,"relics_obtained":["Lantern"],"max_hp_gain":0,"max_hp_loss":0,"event_name":"The Mausoleum","floor":19,"gold_loss":0,"cards_obtained":["Writhe"]},{"damage_healed":0,"gold_gain":0,"player_choice":"Simplicity","damage_taken":0,"max_hp_gain":0,"max_hp_loss":0,"event_name":"Back to Basics","floor":21,"gold_loss":0,"cards_upgraded":["Defend_G","Defend_G","Defend_G","Defend_G","Defend_G","Strike_G","Strike_G","Strike_G"]},{"damage_healed":0,"gold_gain":100,"player_choice":"Pray","damage_taken":0,"max_hp_gain":0,"max_hp_loss":0,"event_name":"Golden Shrine","floor":37,"gold_loss":0},{"damage_healed":0,"gold_gain":0,"player_choice":"Paid","damage_taken":0,"relics_obtained":["Red Mask"],"max_hp_gain":0,"max_hp_loss":0,"event_name":"Tomb of Lord Red Mask","floor":44,"gold_loss":761},{"cards_removed":["Neutralize"],"damage_healed":0,"gold_gain":0,"player_choice":"Removed Attack","damage_taken":0,"max_hp_gain":0,"max_hp_loss":0,"event_name":"Falling","floor":46,"gold_loss":0}],"is_beta":false,"boss_relics":[{"not_picked":["Velvet Choker","Empty Cage"],"picked":"Philosopher\u0027s Stone"},{"not_picked":["Lizard Tail","Coffee Dripper"],"picked":"Eternal Feather"}],"items_purged_floors":[30],"is_endless":false,"potions_floor_spawned":[2,6,8,11,20,22,33,36,39,40],"ascension_level":2}