{"gold_per_floor":[110,130,17,17,34,34,46,77,77,0,14,31,31,42,42,146,146,161,86,99,48,48],"floor_reached":22,"playtime":4220,"items_purged":["Strike_G"],"score":238,"play_id":"2782e4ad-ee53-4778-abad-449b090ab28c","local_time":"20180922185116","is_ascension_mode":false,"campfire_choices":[{"data":"Noxious Fumes","floor":6,"key":"SMITH"},{"data":"Calculated Gamble","floor":13,"key":"SMITH"},{"data":"Neutralize","floor":15,"key":"SMITH"}],"neow_cost":"NONE","seed_source_timestamp":24008519313260,"circlet_count":0,"master_deck":["Defend_G","Defend_G","Defend_G","Defend_G","Defend_G","Strike_G","Strike_G","Survivor","Neutralize+1","Outmaneuver","Backflip","Masterful Stab","Noxious Fumes+1","Calculated Gamble+1","Prepared+1","Distraction+1","Deflect+1","Dodge and Roll+1","Well Laid Plans","Night Terror+1","Acrobatics+1","Backflip+1","Deflect+1"],"relics":["Ring of the Snake","Matryoshka","Toxic Egg 2","Meat on the Bone","Anchor","WristBlade"],"potions_floor_usage":[16],"damage_taken":[{"damage":0,"enemies":"Small Slimes","floor":1,"turns":6},{"damage":16,"enemies":"Jaw Worm","floor":2,"turns":7},{"damage":0,"enemies":"2 Louse","floor":5,"turns":3},{"damage":0,"enemies":"Looter","floor":7,"turns":3},{"damage":16,"enemies":"3 Sentries","floor":8,"turns":8},{"damage":2,"enemies":"Large Slime","floor":11,"turns":6},{"damage":0,"enemies":"Exordium Wildlife","floor":12,"turns":4},{"damage":0,"enemies":"Blue Slaver","floor":14,"turns":3},{"damage":0,"enemies":"Hexaghost","floor":16,"turns":11},{"damage":0,"enemies":"2 Thieves","floor":18,"turns":3},{"damage":2,"enemies":"Shell Parasite","floor":20,"turns":5},{"damage":30,"enemies":"Colosseum Slavers","floor":22,"turns":7},{"damage":52,"enemies":"Colosseum Nobs","floor":22,"turns":5}],"seed_played":"3256508866989558576","potions_obtained":[{"floor":2,"key":"SteroidPotion"},{"floor":8,"key":"Poison Potion"},{"floor":14,"key":"Strength Potion"},{"floor":16,"key":"Ancient Potion"},{"floor":18,"key":"EntropicBrew"}],"is_trial":false,"path_per_floor":["M","M","$","?","M","R","M","E","T","$","M","M","R","M","R","B",null,"M","?","M","$"],"character_chosen":"THE_SILENT","items_purchased":["Noxious Fumes","Distraction+1","Deflect+1"],"campfire_rested":0,"item_purchase_floors":[3,10,21],"current_hp_per_floor":[70,54,54,36,36,36,36,20,20,20,30,42,42,42,42,42,70,70,70,68,68,0],"gold":48,"neow_bonus":"TRANSFORM_CARD","is_prod":false,"is_daily":false,"chose_seed":false,"campfire_upgraded":3,"win_rate":0.0,"timestamp":1537631476,"path_taken":["M","M","$","?","M","R","M","E","T","$","M","M","R","M","R","BOSS","M","?","M","$","?"],"build_version":"2018-09-20","purchased_purges":1,"victory":false,"max_hp_per_floor":[70,70,70,70,70,70,70,70,70,70,70,70,70,70,70,70,70,70,70,70,70,70],"card_choices":[{"not_picked":["Reflex","Dagger Throw"],"picked":"Backflip","floor":1},{"not_picked":["PiercingWail","Flying Knee"],"picked":"Masterful Stab","floor":2},{"not_picked":["Eviscerate","Flying Knee"],"picked":"Calculated Gamble","floor":5},{"not_picked":["Sucker Punch","Endless Agony","Distraction"],"picked":"SKIP","floor":7},{"not_picked":["A Thousand Cuts","Riddle With Holes"],"picked":"Prepared","floor":8},{"not_picked":["Poisoned Stab","Leg Sweep+1"],"picked":"Deflect+1","floor":11},{"not_picked":["Poisoned Stab","Predator"],"picked":"Dodge and Roll+1","floor":12},{"not_picked":["Endless Agony","Expertise+1"],"picked":"Well Laid Plans","floor":14},{"not_picked":["Unload","Wraith Form v2"],"picked":"Night Terror+1","floor":16},{"not_picked":["Blade Dance+1","Infinite Blades"],"picked":"Acrobatics+1","floor":18},{"not_picked":["Heel Hook","Dodge and Roll+1"],"picked":"Backflip+1","floor":20}],"player_experience":22124,"relics_obtained":[{"floor":8,"key":"Toxic Egg 2"},{"floor":9,"key":"Meat on the Bone"},{"floor":9,"key":"Anchor"}],"event_choices":[{"event_name":"Scrap Ooze","player_choice":"success","floor":4,"damage_taken":18},{"event_name":"Beggar","player_choice":"Gave Gold","floor":19,"damage_taken":0},{"event_name":"Colosseum","player_choice":"Fight","floor":22,"damage_taken":0},{"event_name":"Colosseum","player_choice":"Fought Nobs","floor":22,"damage_taken":0}],"is_beta":false,"boss_relics":[{"not_picked":["Philosopher\u0027s Stone","Calling Bell"],"picked":"WristBlade"}],"items_purged_floors":[3],"is_endless":false,"potions_floor_spawned":[2,8,14,16,18],"killed_by":"Colosseum Nobs","ascension_level":0}