{"gold_per_floor":[118,5,5,22,41,75,75,91,141,171,171,171,171,171,171,273,273,273,273,273,89,89,89,89,89,89,89,16,16,16,16,16,16,16,16,16,16,16,16,16,16,16,16,16],"floor_reached":44,"playtime":2443,"items_purged":["Doubt","Strike_G"],"score":607,"play_id":"cb4d4542-8499-4eb6-bcaa-e6d101d5f23a","local_time":"20190106170653","is_ascension_mode":true,"campfire_choices":[{"data":"Neutralize","floor":7.0,"key":"SMITH"},{"floor":11.0,"key":"REST"},{"data":"Burst","floor":13.0,"key":"SMITH"},{"data":"Footwork","floor":15.0,"key":"SMITH"},{"data":"Noxious Fumes","floor":23.0,"key":"SMITH"},{"data":"Crippling Poison","floor":25.0,"key":"SMITH"},{"data":"Sucker Punch","floor":27.0,"key":"SMITH"},{"data":"Phantasmal Killer","floor":30.0,"key":"SMITH"},{"data":"Corpse Explosion","floor":32.0,"key":"SMITH"},{"floor":40.0,"key":"REST"}],"neow_cost":"CURSE","seed_source_timestamp":15507329787963,"circlet_count":0,"master_deck":["Defend_G","Defend_G","Defend_G","Defend_G","Defend_G","Strike_G","Strike_G","Survivor","Neutralize+1","Endless Agony","Predator","Dodge and Roll","Footwork+1","Sucker Punch+1","Burst+1","Calculated Gamble","Backstab","Corpse Explosion+1","Crippling Poison+1","Noxious Fumes+1","Backflip","Dodge and Roll+1","Phantasmal Killer+1","Catalyst","Burst","Adrenaline","Deflect+1","Sadistic Nature","Prepared+1"],"special_seed":0,"relics":["Ring of the Snake","Torii","Pear","Centennial Puzzle","Bronze Scales","Ectoplasm","Mercury Hourglass","Shuriken","Boot","Velvet Choker","Turnip","FossilizedHelix"],"potions_floor_usage":[],"damage_taken":[{"damage":0.0,"enemies":"2 Louse","floor":1.0,"turns":3.0},{"damage":0.0,"enemies":"Cultist","floor":4.0,"turns":2.0},{"damage":0.0,"enemies":"Jaw Worm","floor":5.0,"turns":5.0},{"damage":25.0,"enemies":"Gremlin Nob","floor":6.0,"turns":4.0},{"damage":1.0,"enemies":"Large Slime","floor":8.0,"turns":7.0},{"damage":17.0,"enemies":"Lagavulin","floor":10.0,"turns":8.0},{"damage":50.0,"enemies":"Slime Boss","floor":16.0,"turns":17.0},{"damage":13.0,"enemies":"Spheric Guardian","floor":18.0,"turns":5.0},{"damage":1.0,"enemies":"Chosen","floor":20.0,"turns":4.0},{"damage":0.0,"enemies":"Centurion and Healer","floor":22.0,"turns":5.0},{"damage":1.0,"enemies":"Snake Plant","floor":24.0,"turns":3.0},{"damage":0.0,"enemies":"Gremlin Leader","floor":29.0,"turns":6.0},{"damage":1.0,"enemies":"Book of Stabbing","floor":31.0,"turns":5.0},{"damage":37.0,"enemies":"Automaton","floor":33.0,"turns":11.0},{"damage":0.0,"enemies":"Orb Walker","floor":35.0,"turns":3.0},{"damage":22.0,"enemies":"3 Darklings","floor":36.0,"turns":4.0},{"damage":22.0,"enemies":"Writhing Mass","floor":38.0,"turns":4.0},{"damage":35.0,"enemies":"Transient","floor":39.0,"turns":5.0},{"damage":0.0,"enemies":"Mind Bloom Boss Battle","floor":41.0,"turns":7.0},{"damage":18.0,"enemies":"Jaw Worm Horde","floor":42.0,"turns":3.0},{"damage":31,"enemies":"Writhing Mass","floor":44,"turns":2}],"seed_played":"-6312925042316690541","potions_obtained":[{"floor":1.0,"key":"Dexterity Potion"},{"floor":3.0,"key":"Energy Potion"},{"floor":3.0,"key":"FearPotion"},{"floor":6.0,"key":"SpeedPotion"},{"floor":20.0,"key":"SpeedPotion"},{"floor":24.0,"key":"FearPotion"},{"floor":31.0,"key":"Poison Potion"},{"floor":36.0,"key":"PowerPotion"},{"floor":39.0,"key":"Ancient Potion"}],"is_trial":false,"path_per_floor":["M","$","?","M","M","E","R","M","T","E","R","?","R","?","R","B",null,"M","?","M","$","M","R","M","R","T","R","$","E","R","E","R","B",null,"M","M","?","M","M","R","?","M","T","M"],"character_chosen":"THE_SILENT","items_purchased":["Predator","Noxious Fumes","Backflip","Phantasmal Killer"],"campfire_rested":2,"item_purchase_floors":[2,21,21,28],"current_hp_per_floor":[70,70,70,70,70,55,55,54,54,37,61,61,61,54,54,4,80,67,67,66,66,66,66,65,65,65,65,65,65,65,64,64,27,80,80,58,58,36,1,25,25,7,7,0],"gold":16,"neow_bonus":"ONE_RARE_RELIC","is_prod":false,"is_daily":false,"chose_seed":false,"campfire_upgraded":8,"win_rate":0,"timestamp":1546783613,"path_taken":["M","$","?","?","?","E","R","M","T","E","R","?","R","?","R","BOSS","M","?","M","$","M","R","M","R","T","R","$","E","R","E","R","BOSS","M","M","?","M","M","R","?","M","T","M"],"build_version":"2019-01-03v4","purchased_purges":2,"victory":false,"max_hp_per_floor":[70,70,70,70,70,80,80,80,80,80,80,80,80,80,80,80,80,80,80,80,80,80,80,80,80,80,80,80,80,80,80,80,80,80,80,80,80,80,80,80,80,80,80,80],"card_choices":[{"not_picked":["Slice","Dagger Throw"],"picked":"Endless Agony","floor":1.0},{"not_picked":["Poisoned Stab","Tactician"],"picked":"Dodge and Roll","floor":4.0},{"not_picked":["Blur","Dodge and Roll"],"picked":"Footwork","floor":5.0},{"not_picked":["Bane","Blade Dance"],"picked":"Sucker Punch","floor":6.0},{"not_picked":["Underhanded Strike","Flechettes"],"picked":"Burst","floor":8.0},{"not_picked":["Choke","Endless Agony"],"picked":"Calculated Gamble","floor":10.0},{"not_picked":["Unload","Burst"],"picked":"Corpse Explosion","floor":16.0},{"not_picked":["Sucker Punch","Dagger Spray+1","Skewer"],"picked":"SKIP","floor":18.0},{"not_picked":["Prepared","Blur"],"picked":"Crippling Poison","floor":20.0},{"not_picked":["Predator+1","Slice","Outmaneuver"],"picked":"SKIP","floor":22.0},{"not_picked":["Backflip","Acrobatics"],"picked":"Dodge and Roll+1","floor":24.0},{"not_picked":["Flying Knee","Poisoned Stab+1"],"picked":"Catalyst","floor":29.0},{"not_picked":["Finisher","Expertise"],"picked":"Burst","floor":31.0},{"not_picked":["After Image","Glass Knife"],"picked":"Adrenaline","floor":33.0},{"not_picked":["Dagger Throw+1","Acrobatics+1"],"picked":"Deflect+1","floor":35.0},{"not_picked":["Blade Dance","Quick Slash+1","Slice+1"],"picked":"SKIP","floor":36.0},{"not_picked":["Good Instincts","Bandage Up"],"picked":"Sadistic Nature","floor":37.0},{"not_picked":["Caltrops","Acrobatics","Deflect+1"],"picked":"SKIP","floor":38.0},{"not_picked":["Infinite Blades","Cloak And Dagger+1"],"picked":"Prepared+1","floor":39.0},{"not_picked":["Dagger Throw+1","Accuracy","Slice"],"picked":"SKIP","floor":42.0}],"player_experience":388341,"relics_obtained":[{"floor":6.0,"key":"Pear"},{"floor":9.0,"key":"Centennial Puzzle"},{"floor":10.0,"key":"Bronze Scales"},{"floor":26.0,"key":"Mercury Hourglass"},{"floor":29.0,"key":"Shuriken"},{"floor":31.0,"key":"Boot"},{"floor":41.0,"key":"Turnip"},{"floor":43.0,"key":"FossilizedHelix"}],"event_choices":[{"damage_healed":0.0,"max_hp_gain":0.0,"max_hp_loss":0.0,"gold_gain":0.0,"event_name":"Lab","player_choice":"Got Potions","floor":3.0,"gold_loss":0.0,"damage_taken":0.0},{"damage_healed":0.0,"max_hp_gain":0.0,"max_hp_loss":0.0,"gold_gain":0.0,"cards_transformed":["Strike_G"],"event_name":"Living Wall","player_choice":"Change","floor":12.0,"gold_loss":0.0,"damage_taken":0.0,"cards_obtained":["Backstab"]},{"cards_removed":["Strike_G"],"damage_healed":0.0,"max_hp_gain":0.0,"max_hp_loss":0.0,"gold_gain":0.0,"event_name":"Golden Wing","player_choice":"Card Removal","floor":14.0,"gold_loss":0.0,"damage_taken":7.0},{"damage_healed":0.0,"max_hp_gain":0.0,"max_hp_loss":0.0,"gold_gain":0.0,"event_name":"Vampires","player_choice":"Ignored","floor":19.0,"gold_loss":0.0,"damage_taken":0.0},{"damage_healed":0.0,"max_hp_gain":0.0,"max_hp_loss":0.0,"gold_gain":0.0,"event_name":"SensoryStone","player_choice":"Memory 1","floor":37.0,"gold_loss":0.0,"damage_taken":0.0},{"damage_healed":0.0,"max_hp_gain":0.0,"max_hp_loss":0.0,"gold_gain":0.0,"event_name":"MindBloom","player_choice":"Fight","floor":41.0,"gold_loss":0.0,"damage_taken":0.0}],"is_beta":false,"boss_relics":[{"not_picked":["Runic Dome","Coffee Dripper"],"picked":"Ectoplasm"},{"not_picked":["Orrery","Lizard Tail"],"picked":"Velvet Choker"}],"items_purged_floors":[2,21],"is_endless":false,"potions_floor_spawned":[1,6,20,24,29,31,33,36,39],"killed_by":"Writhing Mass","ascension_level":4}