{"gold_per_floor":[217,217,217,235,248,283,283,333,333,344,376,376,402,414,414,511,511,528,528,145,145,156,156,170,170,193,224,236,260,272,312,324,336],"floor_reached":33,"playtime":1612,"items_purged":["Strike_G"],"score":369,"play_id":"11d46719-0d80-4bef-b9fe-1daa1bf52656","local_time":"20190110014334","is_ascension_mode":true,"campfire_choices":[{"data":"Die Die Die","floor":7,"key":"SMITH"},{"data":"Neutralize","floor":12,"key":"SMITH"},{"data":"Bouncing Flask","floor":15,"key":"SMITH"},{"data":"Bouncing Flask","floor":23,"key":"SMITH"},{"data":"Deadly Poison","floor":28,"key":"SMITH"},{"data":"Crippling Poison","floor":30,"key":"SMITH"},{"data":"Deadly Poison","floor":32,"key":"SMITH"}],"neow_cost":"NONE","seed_source_timestamp":535221207094839,"circlet_count":0,"master_deck":["Defend_G","Defend_G","Defend_G","Defend_G","Defend_G","Strike_G","Strike_G","Strike_G","Survivor","Neutralize+1","Deadly Poison+1","Predator","Die Die Die+1","Backflip","Dagger Throw","Crippling Poison","Backstab","Bouncing Flask+1","Crippling Poison+1","Corpse Explosion","Slice","Deadly Poison+1","Bouncing Flask+1","Poisoned Stab+1","Dodge and Roll","Setup+1","Bouncing Flask+1"],"relics":["Ring of the Snake","Vajra","Kunai","Juzu Bracelet","Singing Bowl","Ninja Scroll","Snake Skull","WristBlade","Matryoshka","Nilry\u0027s Codex","Orichalcum","MawBank","Calipers"],"potions_floor_usage":[27,31,33,33],"damage_taken":[{"damage":0,"enemies":"2 Louse","floor":1,"turns":3},{"damage":0,"enemies":"Jaw Worm","floor":4,"turns":3},{"damage":0,"enemies":"Cultist","floor":5,"turns":2},{"damage":10,"enemies":"3 Sentries","floor":6,"turns":6},{"damage":0,"enemies":"2 Fungi Beasts","floor":10,"turns":1},{"damage":25,"enemies":"Gremlin Nob","floor":11,"turns":4},{"damage":0,"enemies":"3 Sentries","floor":13,"turns":4},{"damage":0,"enemies":"Blue Slaver","floor":14,"turns":1},{"damage":3,"enemies":"Slime Boss","floor":16,"turns":8},{"damage":0,"enemies":"Spheric Guardian","floor":18,"turns":2},{"damage":4,"enemies":"2 Thieves","floor":22,"turns":4},{"damage":3,"enemies":"Centurion and Healer","floor":24,"turns":4},{"damage":4,"enemies":"Cultist and Chosen","floor":27,"turns":4},{"damage":1,"enemies":"Snecko","floor":29,"turns":3},{"damage":0,"enemies":"Gremlin Leader","floor":31,"turns":4},{"damage":47,"enemies":"Champ","floor":33,"turns":7}],"seed_played":"6581629251469380060","potions_obtained":[{"floor":5,"key":"Swift Potion"},{"floor":11,"key":"Dexterity Potion"},{"floor":13,"key":"SteroidPotion"},{"floor":14,"key":"PowerPotion"},{"floor":16,"key":"AttackPotion"},{"floor":27,"key":"SmokeBomb"},{"floor":31,"key":"FearPotion"}],"is_trial":false,"path_per_floor":["M","?","?","M","M","E","R","T","T","M","E","R","E","M","R","B",null,"M","?","$","?","M","R","M","?","T","M","R","M","R","E","R","B"],"character_chosen":"THE_SILENT","items_purchased":["Matryoshka","Deadly Poison"],"campfire_rested":0,"item_purchase_floors":[20,20],"current_hp_per_floor":[70,70,67,67,67,57,57,57,57,57,32,32,32,32,32,29,70,70,70,70,70,66,66,63,47,47,43,43,44,44,44,44,0],"gold":336,"neow_bonus":"HUNDRED_GOLD","is_prod":false,"is_daily":false,"chose_seed":false,"campfire_upgraded":7,"win_rate":0,"timestamp":1547055814,"path_taken":["M","?","?","M","M","E","R","?","T","M","E","R","E","M","R","BOSS","M","?","$","?","M","R","M","?","T","M","R","M","R","E","R","BOSS"],"build_version":"2019-01-03v4","purchased_purges":1,"victory":false,"max_hp_per_floor":[70,70,70,70,70,70,70,70,70,70,70,70,70,70,70,70,70,70,70,70,70,70,70,70,70,70,70,70,72,72,72,72,72],"card_choices":[{"not_picked":["Dagger Spray","Prepared"],"picked":"Deadly Poison","floor":1},{"not_picked":["Cloak And Dagger","Catalyst"],"picked":"Die Die Die","floor":4},{"not_picked":["Concentrate","Deflect"],"picked":"Backflip","floor":5},{"not_picked":["Underhanded Strike","Prepared"],"picked":"Dagger Throw","floor":6},{"not_picked":["Infinite Blades","Flying Knee"],"picked":"Crippling Poison","floor":10},{"not_picked":["Setup","Poisoned Stab"],"picked":"Backstab","floor":11},{"not_picked":["Heel Hook","Cloak And Dagger"],"picked":"Bouncing Flask","floor":13},{"not_picked":["Flechettes","Dagger Throw"],"picked":"Crippling Poison","floor":14},{"not_picked":["Unload","Phantasmal Killer"],"picked":"Corpse Explosion","floor":16},{"not_picked":["Riddle With Holes","Deflect"],"picked":"Slice","floor":18},{"not_picked":["Dash+1","Concentrate+1"],"picked":"Poisoned Stab+1","floor":22},{"not_picked":["Dagger Throw","Endless Agony"],"picked":"Dodge and Roll","floor":24},{"not_picked":["Sucker Punch","Night Terror"],"picked":"Setup+1","floor":27},{"not_picked":["Dagger Spray","Prepared","Calculated Gamble"],"picked":"Singing Bowl","floor":29},{"not_picked":["Tactician","Bane"],"picked":"Bouncing Flask+1","floor":31}],"player_experience":115801,"relics_obtained":[{"floor":6,"key":"Kunai"},{"floor":8,"key":"Juzu Bracelet"},{"floor":9,"key":"Singing Bowl"},{"floor":11,"key":"Ninja Scroll"},{"floor":13,"key":"Snake Skull"},{"floor":25,"key":"Nilry\u0027s Codex"},{"floor":26,"key":"Orichalcum"},{"floor":26,"key":"MawBank"},{"floor":31,"key":"Calipers"}],"event_choices":[{"damage_healed":0,"gold_gain":0,"cards_transformed":["Strike_G"],"player_choice":"Change","damage_taken":0,"max_hp_gain":0,"max_hp_loss":0,"event_name":"Living Wall","floor":2,"gold_loss":0,"cards_obtained":["Predator"]},{"damage_healed":0,"gold_gain":0,"player_choice":"Success","damage_taken":3,"relics_obtained":["Vajra"],"max_hp_gain":0,"max_hp_loss":0,"event_name":"Scrap Ooze","floor":3,"gold_loss":0},{"damage_healed":0,"gold_gain":0,"player_choice":"Ignored","damage_taken":0,"max_hp_gain":0,"max_hp_loss":0,"event_name":"Ghosts","floor":19,"gold_loss":0},{"damage_healed":0,"gold_gain":0,"player_choice":"Read","damage_taken":0,"max_hp_gain":0,"max_hp_loss":0,"event_name":"The Library","floor":21,"gold_loss":0,"cards_obtained":["Bouncing Flask"]},{"damage_healed":0,"gold_gain":0,"player_choice":"Obtained Book","damage_taken":16,"max_hp_gain":0,"max_hp_loss":0,"event_name":"Cursed Tome","floor":25,"gold_loss":0}],"is_beta":false,"boss_relics":[{"not_picked":["Coffee Dripper","Fusion Hammer"],"picked":"WristBlade"}],"items_purged_floors":[20],"is_endless":false,"potions_floor_spawned":[5,11,13,14,16,27,31],"killed_by":"Champ","ascension_level":2}