{"gold_per_floor":[109,129,139,149,162,190,190,82,82,82,96,96,132,147,147,237,237,257,271,196,295,295,295,295],"floor_reached":24,"playtime":861,"items_purged":[],"score":354,"play_id":"f162629e-02cc-4811-a5bc-fb2e845935b1","local_time":"20190211224835","is_ascension_mode":true,"campfire_choices":[{"floor":7.0,"key":"REST"},{"data":"True Grit","floor":10.0,"key":"SMITH"},{"data":"Feel No Pain","floor":15.0,"key":"SMITH"},{"data":"Perfected Strike","floor":23,"key":"SMITH"}],"neow_cost":"NONE","seed_source_timestamp":0,"circlet_count":0,"master_deck":["AscendersBane","Strike_R","Strike_R","Strike_R","Strike_R","Defend_R","Defend_R","Defend_R","Defend_R","Bash","True Grit+1","Twin Strike","Perfected Strike+1","Pommel Strike","Perfected Strike+1","Whirlwind+1","Evolve","Feel No Pain+1","Demon Form","Metallicize","Offering"],"special_seed":0,"relics":["Burning Blood","Molten Egg 2","Meat on the Bone","Golden Idol","Mercury Hourglass","Busted Crown"],"potions_floor_usage":[24],"damage_taken":[{"damage":6.0,"enemies":"Cultist","floor":1.0,"turns":4.0},{"damage":11.0,"enemies":"Jaw Worm","floor":2.0,"turns":5.0},{"damage":0.0,"enemies":"Small Slimes","floor":3.0,"turns":3.0},{"damage":17.0,"enemies":"3 Louse","floor":4.0,"turns":5.0},{"damage":19.0,"enemies":"Blue Slaver","floor":5.0,"turns":3.0},{"damage":36.0,"enemies":"3 Sentries","floor":6.0,"turns":11.0},{"damage":22.0,"enemies":"Exordium Thugs","floor":11.0,"turns":3.0},{"damage":20.0,"enemies":"Lagavulin","floor":13.0,"turns":5.0},{"damage":0.0,"enemies":"2 Fungi Beasts","floor":14.0,"turns":2.0},{"damage":48.0,"enemies":"Hexaghost","floor":16.0,"turns":9.0},{"damage":35,"enemies":"3 Byrds","floor":18,"turns":4},{"damage":7,"enemies":"Chosen","floor":19,"turns":4},{"damage":52,"enemies":"Slavers","floor":24,"turns":4}],"seed_played":"8584764038670421254","potions_obtained":[{"floor":5.0,"key":"GamblersBrew"},{"floor":11.0,"key":"PowerPotion"},{"floor":14.0,"key":"GamblersBrew"},{"floor":22,"key":"Explosive Potion"}],"is_trial":false,"path_per_floor":["M","M","M","M","M","E","R","$","T","R","M","?","E","M","R","B",null,"M","M","?","?","?","R","E"],"character_chosen":"IRONCLAD","items_purchased":["Whirlwind+1","Evolve"],"campfire_rested":1,"item_purchase_floors":[8,8],"current_hp_per_floor":[68,63,69,58,45,15,37,37,37,37,33,33,31,49,49,19,57,40,51,51,51,51,51,0],"gold":295,"neow_bonus":"TRANSFORM_CARD","is_prod":false,"is_daily":false,"chose_seed":false,"campfire_upgraded":3,"win_rate":0,"timestamp":1549954115,"path_taken":["M","M","M","?","?","E","R","$","T","R","?","?","E","M","R","BOSS","M","M","?","?","?","R","E"],"build_version":"2019-01-23","purchased_purges":0,"victory":false,"max_hp_per_floor":[75,75,75,75,75,75,75,75,75,75,75,69,69,69,69,69,69,69,69,69,69,69,69,69],"card_choices":[{"not_picked":["Flex","Wild Strike"],"picked":"True Grit","floor":1.0},{"not_picked":["Burning Pact","Reckless Charge"],"picked":"Twin Strike","floor":2.0},{"not_picked":["Fire Breathing","Clash","Pummel"],"picked":"SKIP","floor":3.0},{"not_picked":["Clash","Iron Wave"],"picked":"Perfected Strike","floor":4.0},{"not_picked":["Thunderclap","Havoc"],"picked":"Pommel Strike","floor":5.0},{"not_picked":["Twin Strike","Bludgeon"],"picked":"Perfected Strike","floor":6.0},{"not_picked":["Entrench","Second Wind"],"picked":"Feel No Pain","floor":11.0},{"not_picked":["Blood for Blood+1","Shockwave"],"picked":"Demon Form","floor":13.0},{"not_picked":["Headbutt+1","Rage"],"picked":"Metallicize","floor":14.0},{"not_picked":["Immolate+1","Fiend Fire+1"],"picked":"Offering","floor":16.0},{"not_picked":["Cleave+1"],"picked":"SKIP","floor":18},{"not_picked":["Havoc"],"picked":"SKIP","floor":19}],"player_experience":425293,"relics_obtained":[{"floor":6.0,"key":"Molten Egg 2"},{"floor":9.0,"key":"Meat on the Bone"},{"floor":13.0,"key":"Mercury Hourglass"}],"event_choices":[{"damage_healed":0.0,"max_hp_gain":0.0,"max_hp_loss":6.0,"gold_gain":0.0,"event_name":"Golden Idol","player_choice":"Lose Max HP","floor":12.0,"gold_loss":0.0,"damage_taken":0.0,"relics_obtained":["Golden Idol"]},{"cards_removed":["Berserk"],"damage_healed":0,"gold_gain":0,"player_choice":"Gave Gold","damage_taken":0,"max_hp_gain":0,"max_hp_loss":0,"event_name":"Beggar","floor":20,"gold_loss":75},{"damage_healed":0,"gold_gain":99,"player_choice":"Stole From Cult","damage_taken":0,"max_hp_gain":0,"max_hp_loss":0,"event_name":"Nest","floor":21,"gold_loss":0},{"damage_healed":0,"gold_gain":0,"player_choice":"Got Potions","damage_taken":0,"max_hp_gain":0,"max_hp_loss":0,"event_name":"Lab","floor":22,"gold_loss":0}],"is_beta":false,"boss_relics":[{"not_picked":["Runic Dome","Orrery"],"picked":"Busted Crown"}],"items_purged_floors":[],"is_endless":false,"potions_floor_spawned":[5,11,14],"killed_by":"Slavers","ascension_level":14}