{"gold_per_floor":[119,129,129,143,159,176,176,210,236,269,282,282,294,311,311,414,414,433,408,408,424,424],"floor_reached":22,"playtime":1337,"items_purged":[],"score":232,"play_id":"35d1f693-3df5-4eab-ba23-f767a1f47d0b","local_time":"20190106005244","is_ascension_mode":true,"campfire_choices":[{"data":"Footwork","floor":7.0,"key":"SMITH"},{"floor":12.0,"key":"REST"},{"data":"Leg Sweep","floor":15.0,"key":"SMITH"}],"neow_cost":"NONE","seed_source_timestamp":14241491381037,"circlet_count":0,"master_deck":["Defend_G","Defend_G","Defend_G","Defend_G","Defend_G","Strike_G","Strike_G","Strike_G","Strike_G","Strike_G","Survivor","Neutralize","Dodge and Roll","Poisoned Stab","Sucker Punch","Deadly Poison","Footwork+1","Dodge and Roll","Skewer","Leg Sweep+1","Burst","Poisoned Stab+1","Poisoned Stab+1","Noxious Fumes","Well Laid Plans"],"special_seed":0,"relics":["Ring of the Snake","PreservedInsect","Gremlin Horn","Pen Nib","Blood Vial","Black Star"],"potions_floor_usage":[21,21],"damage_taken":[{"damage":0.0,"enemies":"Cultist","floor":1.0,"turns":5.0},{"damage":0.0,"enemies":"Small Slimes","floor":2.0,"turns":5.0},{"damage":0.0,"enemies":"2 Louse","floor":4.0,"turns":4.0},{"damage":3.0,"enemies":"Red Slaver","floor":5.0,"turns":6.0},{"damage":15.0,"enemies":"Large Slime","floor":6.0,"turns":9.0},{"damage":19.0,"enemies":"Lagavulin","floor":8.0,"turns":6.0},{"damage":9.0,"enemies":"3 Sentries","floor":10.0,"turns":7.0},{"damage":1.0,"enemies":"Exordium Wildlife","floor":11.0,"turns":3.0},{"damage":0.0,"enemies":"3 Louse","floor":13.0,"turns":4.0},{"damage":0.0,"enemies":"Blue Slaver","floor":14.0,"turns":3.0},{"damage":16.0,"enemies":"Hexaghost","floor":16.0,"turns":15.0},{"damage":7.0,"enemies":"Shell Parasite","floor":18.0,"turns":7.0},{"damage":32.0,"enemies":"2 Thieves","floor":19.0,"turns":5.0},{"damage":24,"enemies":"Snake Plant","floor":21,"turns":5},{"damage":17,"enemies":"Chosen and Byrds","floor":22,"turns":6}],"seed_played":"4010616455148409979","potions_obtained":[{"floor":3.0,"key":"Weak Potion"},{"floor":3.0,"key":"Dexterity Potion"},{"floor":3.0,"key":"Swift Potion"},{"floor":5.0,"key":"Dexterity Potion"},{"floor":6.0,"key":"PowerPotion"},{"floor":10.0,"key":"SmokeBomb"},{"floor":11.0,"key":"EntropicBrew"}],"is_trial":false,"path_per_floor":["M","M","?","M","M","M","R","E","T","E","M","R","M","M","R","B",null,"M","M","?","M","M"],"character_chosen":"THE_SILENT","items_purchased":[],"campfire_rested":1,"item_purchase_floors":[],"current_hp_per_floor":[70,70,70,70,67,52,52,33,33,24,25,46,48,50,50,36,70,63,33,33,11,0],"gold":424,"neow_bonus":"RANDOM_COMMON_RELIC","is_prod":false,"is_daily":false,"chose_seed":false,"campfire_upgraded":2,"win_rate":0,"timestamp":1546725164,"path_taken":["M","M","?","M","M","?","R","E","T","E","M","R","M","M","R","BOSS","M","M","?","?","M"],"build_version":"2019-01-03v4","purchased_purges":0,"victory":false,"max_hp_per_floor":[70,70,70,70,70,70,70,70,70,70,70,70,70,70,70,70,70,70,70,70,70,70],"card_choices":[{"not_picked":["Outmaneuver","Endless Agony"],"picked":"Dodge and Roll","floor":1.0},{"not_picked":["Acrobatics","Outmaneuver"],"picked":"Poisoned Stab","floor":2.0},{"not_picked":["Distraction","Dagger Throw"],"picked":"Sucker Punch","floor":4.0},{"not_picked":["Blade Dance","Poisoned Stab"],"picked":"Deadly Poison","floor":5.0},{"not_picked":["Quick Slash","Venomology"],"picked":"Footwork","floor":6.0},{"not_picked":["Deflect","Tactician"],"picked":"Dodge and Roll","floor":8.0},{"not_picked":["Dodge and Roll","Acrobatics"],"picked":"Skewer","floor":10.0},{"not_picked":["Storm of Steel","Slice","Riddle With Holes"],"picked":"SKIP","floor":11.0},{"not_picked":["Dagger Throw","Backstab"],"picked":"Leg Sweep","floor":13.0},{"not_picked":["Choke","Quick Slash","Cloak And Dagger"],"picked":"SKIP","floor":14.0},{"not_picked":["Bullet Time","Phantasmal Killer"],"picked":"Burst","floor":16.0},{"not_picked":["Backflip","Concentrate"],"picked":"Poisoned Stab+1","floor":18.0},{"not_picked":["Tactician","Dagger Spray"],"picked":"Poisoned Stab+1","floor":19.0},{"not_picked":["Prepared","Acrobatics"],"picked":"Well Laid Plans","floor":21}],"player_experience":383368,"relics_obtained":[{"floor":8.0,"key":"Gremlin Horn"},{"floor":9.0,"key":"Pen Nib"},{"floor":10.0,"key":"Blood Vial"}],"event_choices":[{"damage_healed":0.0,"max_hp_gain":0.0,"max_hp_loss":0.0,"gold_gain":0.0,"event_name":"Lab","player_choice":"Got Potions","floor":3.0,"gold_loss":0.0,"damage_taken":0.0},{"damage_healed":0.0,"max_hp_gain":0.0,"max_hp_loss":0.0,"gold_gain":0.0,"event_name":"Match and Keep!","player_choice":"1 cards matched","floor":20.0,"gold_loss":0.0,"damage_taken":0.0,"cards_obtained":["Noxious Fumes"]}],"is_beta":false,"boss_relics":[{"not_picked":["WristBlade","Tiny House"],"picked":"Black Star"}],"items_purged_floors":[],"is_endless":false,"potions_floor_spawned":[5,6,10,11,14],"killed_by":"Chosen and Byrds","ascension_level":3}