{"gold_per_floor":[369,32,32,43,118,118,132,146,170,170,205,215,229,249,249,351,351,366,366,384,395,426,426,426,441,441,454,486,66,66,85,85,85],"floor_reached":33,"playtime":2926,"items_purged":[],"score":296,"play_id":"919cc883-d2f1-4c69-9f07-e8157ccb6ef3","local_time":"20190106001913","is_ascension_mode":false,"campfire_choices":[{"data":"Scrape","floor":6.0,"key":"SMITH"},{"data":"Dualcast","floor":10.0,"key":"SMITH"},{"data":"Go for the Eyes","floor":15.0,"key":"SMITH"},{"data":"Beam Cell","floor":23.0,"key":"SMITH"},{"data":"Scrape","floor":30,"key":"SMITH"},{"data":"Scrape","floor":32,"key":"SMITH"}],"neow_cost":"TEN_PERCENT_HP_LOSS","seed_source_timestamp":0,"circlet_count":0,"master_deck":["Defend_B","Defend_B","Defend_B+1","Defend_B+1","Zap","Dualcast+1","Scrape+1","Melter","Coolheaded","Steam Power","Rebound","Gash","Coolheaded","Buffer+1","Go for the Eyes+1","Electrodynamics","Beam Cell+1","Bite","Bite","Bite","Bite","Bite","FTL+1","Auto Shields","Beam Cell","Scrape+1","Gash","Force Field+1","Scrape+1","FTL","Cold Snap"],"special_seed":0,"relics":["Cracked Core","Blood Vial","War Paint","Bag of Marbles","Oddly Smooth Stone","Eternal Feather","Red Mask","Ancient Tea Set","Incense Burner","Art of War","Boot"],"potions_floor_usage":[27,33],"damage_taken":[{"damage":1.0,"enemies":"Jaw Worm","floor":1.0,"turns":4.0},{"damage":0.0,"enemies":"2 Louse","floor":4.0,"turns":2.0},{"damage":0.0,"enemies":"Small Slimes","floor":7.0,"turns":2.0},{"damage":0.0,"enemies":"2 Fungi Beasts","floor":8.0,"turns":3.0},{"damage":19.0,"enemies":"3 Sentries","floor":11.0,"turns":6.0},{"damage":2.0,"enemies":"Exordium Thugs","floor":12.0,"turns":3.0},{"damage":4.0,"enemies":"Looter","floor":13.0,"turns":3.0},{"damage":0.0,"enemies":"Exordium Wildlife","floor":14.0,"turns":1.0},{"damage":45.0,"enemies":"The Guardian","floor":16.0,"turns":15.0},{"damage":0.0,"enemies":"Shell Parasite","floor":18.0,"turns":6.0},{"damage":0.0,"enemies":"Chosen","floor":20.0,"turns":4.0},{"damage":17.0,"enemies":"Snecko","floor":21.0,"turns":5.0},{"damage":29.0,"enemies":"Masked Bandits","floor":22.0,"turns":6.0},{"damage":1.0,"enemies":"Shelled Parasite and Fungi","floor":25.0,"turns":7.0},{"damage":0,"enemies":"Centurion and Healer","floor":27,"turns":6},{"damage":30,"enemies":"Gremlin Leader","floor":28,"turns":6},{"damage":1,"enemies":"3 Cultists","floor":31,"turns":4},{"damage":65,"enemies":"Collector","floor":33,"turns":7}],"seed_played":"7042581058404919737","potions_obtained":[{"floor":1.0,"key":"GamblersBrew"},{"floor":12.0,"key":"SteroidPotion"},{"floor":14.0,"key":"SpeedPotion"},{"floor":20.0,"key":"Block Potion"},{"floor":21.0,"key":"AttackPotion"},{"floor":27,"key":"Ancient Potion"},{"floor":28,"key":"SmokeBomb"}],"is_trial":false,"path_per_floor":["M","$","?","M","?","R","M","M","T","R","E","M","M","M","R","B",null,"M","?","M","M","?","R","?","M","T","M","E","$","R","M","R","B"],"character_chosen":"DEFECT","items_purchased":["Melter","Blood Vial","War Paint","Art of War","Scrape","FTL","Boot"],"campfire_rested":0,"item_purchase_floors":[2,2,2,29,29,29,29],"current_hp_per_floor":[67,67,67,68,57,57,59,61,61,61,44,44,42,44,44,1,68,68,47,47,36,19,34,34,47,47,47,23,23,41,46,47,0],"gold":85,"neow_bonus":"TWO_FIFTY_GOLD","is_prod":false,"is_daily":false,"chose_seed":false,"campfire_upgraded":6,"win_rate":0.0,"timestamp":1546705153,"path_taken":["M","$","?","M","?","R","M","?","T","R","E","M","M","M","R","BOSS","M","?","M","M","?","R","?","M","T","M","E","$","R","M","R","BOSS"],"build_version":"2019-01-03v4","purchased_purges":0,"victory":false,"max_hp_per_floor":[68,68,68,68,68,68,68,68,68,68,68,68,68,68,68,68,68,68,47,47,47,47,47,47,47,47,47,47,47,47,47,47,47],"card_choices":[{"not_picked":["Go for the Eyes","Chaos"],"picked":"Scrape","floor":1.0},{"not_picked":["Rebound","Chaos"],"picked":"Coolheaded","floor":4.0},{"not_picked":["Lockon","Coolheaded"],"picked":"Steam Power","floor":7.0},{"not_picked":["Heatsinks","Compile Driver"],"picked":"Rebound","floor":8.0},{"not_picked":["Multi-Cast","Echo Form"],"picked":"Gash","floor":11.0},{"not_picked":["Steam","Stack"],"picked":"Coolheaded","floor":12.0},{"not_picked":["Barrage","Compile Driver"],"picked":"Buffer","floor":13.0},{"not_picked":["Leap","Hologram"],"picked":"Go for the Eyes","floor":14.0},{"not_picked":["Echo Form","Creative AI"],"picked":"Electrodynamics","floor":16.0},{"not_picked":["Stack","Cold Snap"],"picked":"Beam Cell","floor":18.0},{"not_picked":["Darkness","Redo"],"picked":"FTL+1","floor":20.0},{"not_picked":["Rip and Tear","Skim+1"],"picked":"Auto Shields","floor":21.0},{"not_picked":["Glacier","Streamline+1"],"picked":"Beam Cell","floor":22.0},{"not_picked":["Hologram+1","Steam+1"],"picked":"Scrape","floor":25.0},{"not_picked":["Conserve Battery","Reinforced Body"],"picked":"Gash","floor":27},{"not_picked":["Streamline","Blizzard"],"picked":"Force Field+1","floor":28},{"not_picked":["Stack","Undo"],"picked":"Cold Snap","floor":31}],"player_experience":51822,"relics_obtained":[{"floor":9.0,"key":"Bag of Marbles"},{"floor":11.0,"key":"Oddly Smooth Stone"},{"floor":22.0,"key":"Red Mask"},{"floor":26.0,"key":"Ancient Tea Set"},{"floor":28,"key":"Incense Burner"}],"event_choices":[{"cards_removed":["Strike_B"],"damage_healed":0.0,"max_hp_gain":0.0,"max_hp_loss":0.0,"gold_gain":0.0,"event_name":"Living Wall","player_choice":"Forget","floor":3.0,"gold_loss":0.0,"damage_taken":0.0},{"damage_healed":0.0,"max_hp_gain":0.0,"max_hp_loss":0.0,"gold_gain":75.0,"event_name":"World of Goop","player_choice":"Gather Gold","floor":5.0,"gold_loss":0.0,"damage_taken":11.0},{"damage_healed":0.0,"max_hp_gain":0.0,"max_hp_loss":21.0,"gold_gain":0.0,"event_name":"Vampires","player_choice":"Became a vampire","floor":19.0,"gold_loss":0.0,"damage_taken":0.0,"cards_obtained":["Bite","Bite","Bite","Bite","Bite"]},{"damage_healed":0.0,"max_hp_gain":0.0,"max_hp_loss":0.0,"gold_gain":0.0,"event_name":"Masked Bandits","player_choice":"Fought Bandits","floor":22.0,"gold_loss":0.0,"damage_taken":0.0},{"damage_healed":0.0,"max_hp_gain":0.0,"max_hp_loss":0.0,"gold_gain":0.0,"event_name":"Upgrade Shrine","player_choice":"Upgraded","floor":24.0,"gold_loss":0.0,"damage_taken":0.0,"cards_upgraded":["Buffer"]}],"is_beta":false,"boss_relics":[{"not_picked":["Ectoplasm","Cursed Key"],"picked":"Eternal Feather"}],"items_purged_floors":[],"is_endless":false,"potions_floor_spawned":[1,12,14,20,21,27,28],"killed_by":"Collector","ascension_level":0}