{"gold_per_floor":[111,186,200,200,125,125,143,43,43,43,58,74,86,103,103,103],"floor_reached":16,"playtime":545,"items_purged":["Strike_B","Strike_B"],"score":96,"play_id":"2797e928-6716-4065-b0ed-6d2a4a16a2b4","local_time":"20181119003455","is_ascension_mode":false,"campfire_choices":[{"data":"Redo","floor":6,"key":"SMITH"},{"data":"Reprogram","floor":10,"key":"SMITH"},{"floor":15,"key":"REST"}],"neow_cost":"NONE","seed_source_timestamp":48230564327959,"circlet_count":0,"master_deck":["Strike_B","Strike_B","Defend_B","Defend_B","Defend_B","Defend_B","Zap","Dualcast","Redo+1","Reprogram+1","Creative AI","Static Discharge"],"relics":["Cracked Core","NeowsBlessing","Pear"],"potions_floor_usage":[16,16],"damage_taken":[{"damage":0,"enemies":"2 Louse","floor":1,"turns":1},{"damage":0,"enemies":"Cultist","floor":3,"turns":1},{"damage":0,"enemies":"Jaw Worm","floor":4,"turns":1},{"damage":8,"enemies":"Lots of Slimes","floor":7,"turns":5},{"damage":7,"enemies":"Blue Slaver","floor":11,"turns":3},{"damage":10,"enemies":"Looter","floor":12,"turns":2},{"damage":20,"enemies":"3 Louse","floor":13,"turns":4},{"damage":20,"enemies":"Exordium Wildlife","floor":14,"turns":5},{"damage":40,"enemies":"The Guardian","floor":16,"turns":6}],"seed_played":"-804262449732701853","potions_obtained":[{"floor":7,"key":"LiquidBronze"},{"floor":11,"key":"Weak Potion"},{"floor":14,"key":"FearPotion"}],"is_trial":false,"path_per_floor":["M","?","M","M","$","R","M","$","T","R","M","M","M","M","R","B"],"character_chosen":"DEFECT","items_purchased":[],"campfire_rested":1,"item_purchase_floors":[],"current_hp_per_floor":[75,68,68,68,68,68,60,60,70,70,63,53,33,13,38,0],"gold":103,"neow_bonus":"THREE_ENEMY_KILL","is_prod":false,"is_daily":false,"chose_seed":false,"campfire_upgraded":2,"win_rate":0.0,"timestamp":1542576895,"path_taken":["M","?","?","M","$","R","M","?","T","R","M","M","?","M","R","BOSS"],"build_version":"2018-11-15","purchased_purges":2,"victory":false,"max_hp_per_floor":[75,75,75,75,75,75,75,75,85,85,85,85,85,85,85,85],"card_choices":[{"not_picked":["Sweeping Beam","Hologram"],"picked":"Redo","floor":1},{"not_picked":["Thunder Strike","Compile Driver"],"picked":"Reprogram","floor":3},{"not_picked":["Static Discharge","Stack","Ball Lightning"],"picked":"SKIP","floor":4},{"not_picked":["Force Field","Streamline","Redo"],"picked":"SKIP","floor":7},{"not_picked":["Ball Lightning","Coolheaded"],"picked":"Creative AI","floor":11},{"not_picked":["Doom and Gloom","Stack","Beam Cell"],"picked":"SKIP","floor":12},{"not_picked":["Cold Snap","Ball Lightning"],"picked":"Static Discharge","floor":13},{"not_picked":["Force Field","Genetic Algorithm","Reprogram"],"picked":"SKIP","floor":14}],"player_experience":197704,"relics_obtained":[{"floor":9,"key":"Pear"}],"event_choices":[{"damage_healed":0,"gold_gain":75,"player_choice":"Touch","damage_taken":7,"max_hp_gain":0,"max_hp_loss":0,"event_name":"FaceTrader","floor":2,"gold_loss":0}],"is_beta":false,"boss_relics":[],"items_purged_floors":[5,8],"is_endless":false,"potions_floor_spawned":[7,11,14],"killed_by":"The Guardian","ascension_level":0}