{"gold_per_floor":[118,132,3,22,38,38,69,69,69,85,95,95,95,109,109,109],"floor_reached":16,"playtime":906,"items_purged":["Strike_B"],"score":104,"play_id":"0d9a0f4b-51bb-40b2-bbfe-d4ffb67d6456","local_time":"20181214211410","is_ascension_mode":false,"campfire_choices":[{"data":"Redo","floor":6.0,"key":"SMITH"},{"data":"Buffer","floor":8.0,"key":"SMITH"},{"data":"Dualcast","floor":15.0,"key":"SMITH"}],"neow_cost":"NONE","seed_source_timestamp":10252710233022,"circlet_count":0,"master_deck":["Strike_B","Strike_B","Strike_B","Defend_B","Defend_B+1","Defend_B","Defend_B","Zap+1","Dualcast+1","Coolheaded","Leap","Conserve Battery","Redo+1","Buffer+1","Coolheaded","Steam","Beam Cell"],"special_seed":0,"relics":["Cracked Core","War Paint","Dream Catcher"],"potions_floor_usage":[16],"damage_taken":[{"damage":6.0,"enemies":"Cultist","floor":1.0,"turns":3.0},{"damage":0.0,"enemies":"2 Louse","floor":2.0,"turns":2.0},{"damage":0.0,"enemies":"Small Slimes","floor":4.0,"turns":3.0},{"damage":0.0,"enemies":"Exordium Wildlife","floor":5.0,"turns":5.0},{"damage":13.0,"enemies":"Gremlin Nob","floor":7.0,"turns":5.0},{"damage":0.0,"enemies":"Lots of Slimes","floor":10.0,"turns":7.0},{"damage":9.0,"enemies":"3 Louse","floor":11.0,"turns":3.0},{"damage":1.0,"enemies":"Looter","floor":14.0,"turns":3.0},{"damage":87,"enemies":"Hexaghost","floor":16,"turns":16}],"seed_played":"7881029016528171685","potions_obtained":[{"floor":2.0,"key":"Ancient Potion"},{"floor":7.0,"key":"Energy Potion"},{"floor":11.0,"key":"Regen Potion"},{"floor":14.0,"key":"Ancient Potion"}],"is_trial":false,"path_per_floor":["M","M","$","M","M","R","E","R","T","M","M","?","?","M","R","B"],"character_chosen":"DEFECT","items_purchased":["Conserve Battery"],"campfire_rested":0,"item_purchase_floors":[3],"current_hp_per_floor":[69,69,69,69,69,69,56,56,56,56,47,47,72,71,71,0],"gold":109,"neow_bonus":"RANDOM_COMMON_RELIC","is_prod":false,"is_daily":false,"chose_seed":false,"campfire_upgraded":3,"win_rate":0,"timestamp":1544811250,"path_taken":["M","?","$","?","M","R","E","R","T","M","M","?","?","M","R","BOSS"],"build_version":"2018-12-13","purchased_purges":1,"victory":false,"max_hp_per_floor":[75,75,75,75,75,75,75,75,75,75,75,75,75,75,75,75],"card_choices":[{"not_picked":["Hologram","Double Energy"],"picked":"Coolheaded","floor":1.0},{"not_picked":["Heatsinks","Stack"],"picked":"Leap","floor":2.0},{"not_picked":["Streamline","Blizzard"],"picked":"Redo","floor":4.0},{"not_picked":["Rip and Tear","Storm","Melter"],"picked":"SKIP","floor":5.0},{"not_picked":["Steam","Coolheaded"],"picked":"Buffer","floor":7.0},{"not_picked":["Self Repair","Conserve Battery"],"picked":"Coolheaded","floor":10.0},{"not_picked":["Genetic Algorithm","Doom and Gloom"],"picked":"Steam","floor":11.0},{"not_picked":["FTL","Coolheaded"],"picked":"Beam Cell","floor":14.0}],"player_experience":307315,"relics_obtained":[{"floor":7.0,"key":"Dream Catcher"}],"event_choices":[{"damage_healed":0.0,"max_hp_gain":0.0,"max_hp_loss":0.0,"gold_gain":0.0,"event_name":"Liars Game","player_choice":"Ignored","floor":12.0,"gold_loss":0.0,"damage_taken":0.0},{"damage_healed":25.0,"max_hp_gain":0.0,"max_hp_loss":0.0,"gold_gain":0.0,"event_name":"Big Fish","player_choice":"Banana","floor":13.0,"gold_loss":0.0,"damage_taken":0.0}],"is_beta":false,"boss_relics":[],"items_purged_floors":[3],"is_endless":false,"potions_floor_spawned":[2,7,11,14],"killed_by":"Hexaghost","ascension_level":0}