{"gold_per_floor":[117,67,67,67,77,103,103,119,200,15,26,26,45,80,80,155,155,169,185,275,44,44,44,62,82,82,181,181,199,199,209,209,285,285,305,192,292,292,304,304,173,200,227,227,227,1,1,1,1,1],"floor_reached":51,"playtime":3665,"items_purged":["Regret","Strike_G","Strike_G","Strike_G"],"score":1140,"play_id":"5cb29f1c-b7f6-47bd-a4b9-b7d070ec3b48","local_time":"20190112161328","is_ascension_mode":true,"campfire_choices":[{"data":"Tools of the Trade","floor":7,"key":"SMITH"},{"data":"Well Laid Plans","floor":12,"key":"SMITH"},{"data":"Caltrops","floor":15,"key":"SMITH"},{"data":"Apotheosis","floor":23,"key":"SMITH"},{"data":"Wraith Form v2","floor":28,"key":"SMITH"},{"floor":30,"key":"REST"},{"floor":32,"key":"REST"},{"floor":40,"key":"REST"},{"data":"Strike_G","floor":45,"key":"PURGE"},{"data":"Footwork","floor":47,"key":"SMITH"},{"floor":49,"key":"REST"}],"neow_cost":"NONE","seed_source_timestamp":18907254993273,"circlet_count":0,"master_deck":["AscendersBane","Defend_G+1","Defend_G+1","Defend_G","Defend_G","Defend_G","Survivor","Neutralize+1","Dash+1","Flying Knee","Tools of the Trade+1","Caltrops+1","Well Laid Plans+1","Dash","Acrobatics","Terror","Caltrops","Wraith Form v2+1","Noxious Fumes","Apotheosis+1","Backflip","Bouncing Flask","Wraith Form v2","Leg Sweep+1","Footwork+1","Dodge and Roll+1","Caltrops","Footwork","Caltrops"],"relics":["Ring of the Snake","NeowsBlessing","Bag of Marbles","Unceasing Top","Bottled Tornado","War Paint","Velvet Choker","The Courier","Juzu Bracelet","Sozu","StoneCalendar","Peace Pipe","Smiling Mask","Strawberry"],"potions_floor_usage":[24],"damage_taken":[{"damage":0,"enemies":"Small Slimes","floor":1,"turns":1},{"damage":0,"enemies":"2 Louse","floor":5,"turns":1},{"damage":0,"enemies":"Gremlin Nob","floor":6,"turns":1},{"damage":2,"enemies":"Cultist","floor":8,"turns":3},{"damage":0,"enemies":"Exordium Thugs","floor":11,"turns":4},{"damage":0,"enemies":"3 Louse","floor":13,"turns":3},{"damage":10,"enemies":"3 Sentries","floor":14,"turns":8},{"damage":9,"enemies":"Hexaghost","floor":16,"turns":9},{"damage":8,"enemies":"2 Thieves","floor":18,"turns":5},{"damage":8,"enemies":"3 Byrds","floor":19,"turns":3},{"damage":0,"enemies":"Centurion and Healer","floor":24,"turns":8},{"damage":0,"enemies":"Snecko","floor":25,"turns":6},{"damage":9,"enemies":"Shelled Parasite and Fungi","floor":29,"turns":6},{"damage":0,"enemies":"Centurion and Healer","floor":31,"turns":6},{"damage":21,"enemies":"Champ","floor":33,"turns":14},{"damage":17,"enemies":"Orb Walker","floor":35,"turns":4},{"damage":0,"enemies":"Mind Bloom Boss Battle","floor":37,"turns":7},{"damage":1,"enemies":"3 Shapes","floor":39,"turns":6},{"damage":8,"enemies":"Giant Head","floor":42,"turns":10},{"damage":12,"enemies":"Time Eater","floor":50,"turns":12}],"seed_played":"-3938995159383290258","potions_obtained":[{"floor":1,"key":"Ancient Potion"},{"floor":5,"key":"FairyPotion"},{"floor":11,"key":"FearPotion"},{"floor":19,"key":"Regen Potion"},{"floor":25,"key":"GhostInAJar"}],"is_trial":false,"path_per_floor":["M","?","?","?","M","E","R","M","T","$","M","R","M","E","R","B",null,"M","M","?","$","T","R","M","M","T","?","R","M","R","M","R","B",null,"M","$","?","?","M","R","$","E","T","?","R","$","R","?","R","B",null],"character_chosen":"THE_SILENT","items_purchased":["Well Laid Plans","Dash","Apotheosis","Backflip","Footwork","Caltrops","Strawberry","Caltrops"],"campfire_rested":4,"item_purchase_floors":[10,10,21,21,36,41,46,46],"current_hp_per_floor":[59,59,59,46,46,46,46,44,44,44,44,44,44,34,34,25,56,48,40,28,28,28,28,43,43,43,43,43,34,53,53,66,45,61,44,44,44,44,43,62,62,54,54,54,54,61,61,61,73,61],"gold":1,"neow_bonus":"THREE_ENEMY_KILL","is_prod":false,"is_daily":false,"chose_seed":false,"campfire_upgraded":6,"win_rate":0,"timestamp":1547298808,"path_taken":["M","?","?","?","M","E","R","M","T","$","M","R","M","E","R","BOSS","M","M","?","$","?","R","M","?","T","?","R","M","R","M","R","BOSS","M","$","?","?","M","R","$","E","T","?","R","$","R","?","R","BOSS"],"build_version":"2019-01-10","purchased_purges":4,"victory":true,"max_hp_per_floor":[66,66,66,66,66,66,66,66,66,66,66,66,66,66,66,66,66,66,66,66,66,66,66,66,66,66,66,66,66,66,66,66,66,66,66,66,66,66,66,66,66,66,66,66,66,73,73,73,73,73],"card_choices":[{"not_picked":["Bane","Prepared"],"picked":"Dash","floor":1},{"not_picked":["Dagger Throw","Dodge and Roll"],"picked":"Flying Knee","floor":5},{"not_picked":["Catalyst","Dagger Spray"],"picked":"Tools of the Trade","floor":6},{"not_picked":["Bane","Flying Knee"],"picked":"Caltrops","floor":8},{"not_picked":["Deadly Poison","Dash"],"picked":"Acrobatics","floor":11},{"not_picked":["Dodge and Roll","Choke"],"picked":"Terror","floor":13},{"not_picked":["Backstab","Sucker Punch"],"picked":"Caltrops","floor":14},{"not_picked":["Corpse Explosion","Malaise"],"picked":"Wraith Form v2","floor":16},{"not_picked":["Underhanded Strike","Prepared"],"picked":"Noxious Fumes","floor":18},{"not_picked":["Slice","Dash","Cloak And Dagger"],"picked":"SKIP","floor":19},{"not_picked":["Dagger Throw+1","Slice+1","Masterful Stab"],"picked":"SKIP","floor":24},{"not_picked":["Flechettes+1","Infinite Blades"],"picked":"Bouncing Flask","floor":25},{"not_picked":["Well Laid Plans","Cloak And Dagger","Dash"],"picked":"SKIP","floor":29},{"not_picked":["Accuracy","Acrobatics","Outmaneuver+1"],"picked":"SKIP","floor":31},{"not_picked":["Glass Knife","Burst"],"picked":"Wraith Form v2","floor":33},{"not_picked":["Prepared","Slice"],"picked":"Leg Sweep+1","floor":35},{"not_picked":["Distraction+1","Cloak And Dagger"],"picked":"Dodge and Roll+1","floor":37},{"not_picked":["PiercingWail","All Out Attack+1","Flechettes+1"],"picked":"SKIP","floor":39},{"not_picked":["Flying Knee","Adrenaline"],"picked":"Footwork","floor":42}],"player_experience":441440,"relics_obtained":[{"floor":6,"key":"Unceasing Top"},{"floor":9,"key":"Bottled Tornado"},{"floor":14,"key":"War Paint"},{"floor":22,"key":"The Courier"},{"floor":26,"key":"Juzu Bracelet"},{"floor":37,"key":"StoneCalendar"},{"floor":42,"key":"Peace Pipe"},{"floor":43,"key":"Smiling Mask"}],"event_choices":[{"cards_removed":["Strike_G"],"damage_healed":0,"gold_gain":0,"player_choice":"Card Removal","damage_taken":0,"max_hp_gain":0,"max_hp_loss":0,"event_name":"The Cleric","floor":2,"gold_loss":50},{"damage_healed":0,"gold_gain":0,"player_choice":"Box","damage_taken":0,"relics_obtained":["Bag of Marbles"],"max_hp_gain":0,"max_hp_loss":0,"event_name":"Big Fish","floor":3,"gold_loss":0,"cards_obtained":["Regret"]},{"damage_healed":0,"gold_gain":0,"player_choice":"Entered Light","damage_taken":13,"max_hp_gain":0,"max_hp_loss":0,"event_name":"Shining Light","floor":4,"gold_loss":0,"cards_upgraded":["Dash","Neutralize"]},{"damage_healed":0,"gold_gain":90,"player_choice":"GOLD ","damage_taken":12,"max_hp_gain":0,"max_hp_loss":0,"event_name":"Knowing Skull","floor":20,"potions_obtained":[],"gold_loss":0,"cards_obtained":[]},{"damage_healed":0,"gold_gain":99,"player_choice":"Stole From Cult","damage_taken":0,"max_hp_gain":0,"max_hp_loss":0,"event_name":"Nest","floor":27,"gold_loss":0},{"damage_healed":0,"gold_gain":0,"player_choice":"Fight","damage_taken":0,"max_hp_gain":0,"max_hp_loss":0,"event_name":"MindBloom","floor":37,"gold_loss":0},{"damage_healed":0,"gold_gain":0,"player_choice":"Ignored","damage_taken":0,"max_hp_gain":0,"max_hp_loss":0,"event_name":"Tomb of Lord Red Mask","floor":38,"gold_loss":0},{"damage_healed":0,"gold_gain":0,"player_choice":"Ignored","damage_taken":0,"max_hp_gain":0,"max_hp_loss":0,"event_name":"Mysterious Sphere","floor":44,"gold_loss":0},{"damage_healed":0,"gold_gain":0,"player_choice":"Got Potions","damage_taken":0,"max_hp_gain":0,"max_hp_loss":0,"event_name":"Lab","floor":48,"gold_loss":0}],"is_beta":false,"boss_relics":[{"not_picked":["Lizard Tail","Pandora\u0027s Box"],"picked":"Velvet Choker"},{"not_picked":["Runic Pyramid","Ring of the Serpent"],"picked":"Sozu"}],"items_purged_floors":[10,36,41,46],"is_endless":false,"potions_floor_spawned":[1,5,11,14,19,25,29,35],"ascension_level":14}