{"gold_per_floor":[118,129,14,24,42,42,57,57,83,118,118,133,146,160,160,238,238,254,254,179,16,16,16,16,16,16,28,28,28,28,28,28,28],"floor_reached":33,"playtime":1562,"items_purged":["Strike_G"],"score":466,"play_id":"5c61d4ff-b972-4af0-ba00-cf2819bf708d","local_time":"20190501212458","is_ascension_mode":true,"campfire_choices":[{"data":"Deadly Poison","floor":6.0,"key":"SMITH"},{"data":"Concentrate","floor":8.0,"key":"SMITH"},{"data":"Night Terror","floor":11.0,"key":"SMITH"},{"floor":15.0,"key":"REST"},{"floor":23.0,"key":"REST"},{"data":"Footwork","floor":25.0,"key":"SMITH"},{"floor":28.0,"key":"REST"},{"data":"Acrobatics","floor":32,"key":"SMITH"}],"neow_cost":"NONE","seed_source_timestamp":1728937934579876,"circlet_count":0,"master_deck":["AscendersBane","Defend_G","Defend_G","Defend_G","Defend_G","Defend_G","Survivor","Neutralize","Footwork+1","Acrobatics+1","Concentrate+1","Backflip","Deadly Poison+1","Escape Plan","Night Terror+1","Leg Sweep","Acrobatics","Die Die Die","Bite","Bite","Bite","Bite"],"special_seed":0,"relics":["Ring of the Snake","Bronze Scales","Happy Flower","Vajra","Runic Pyramid","Snake Skull","The Courier","Centennial Puzzle","Darkstone Periapt"],"potions_floor_usage":[],"damage_taken":[{"damage":4.0,"enemies":"Small Slimes","floor":1.0,"turns":4.0},{"damage":0.0,"enemies":"Jaw Worm","floor":2.0,"turns":7.0},{"damage":4.0,"enemies":"2 Louse","floor":4.0,"turns":4.0},{"damage":1.0,"enemies":"Blue Slaver","floor":5.0,"turns":6.0},{"damage":17.0,"enemies":"Large Slime","floor":7.0,"turns":8.0},{"damage":26.0,"enemies":"3 Sentries","floor":10.0,"turns":11.0},{"damage":2.0,"enemies":"2 Fungi Beasts","floor":12.0,"turns":3.0},{"damage":0.0,"enemies":"3 Louse","floor":13.0,"turns":1.0},{"damage":8.0,"enemies":"Exordium Wildlife","floor":14.0,"turns":8.0},{"damage":26.0,"enemies":"Slime Boss","floor":16.0,"turns":23.0},{"damage":31.0,"enemies":"Chosen","floor":18.0,"turns":6.0},{"damage":26.0,"enemies":"2 Thieves","floor":27.0,"turns":5.0},{"damage":44,"enemies":"Champ","floor":33,"turns":5}],"seed_played":"-3611575020997104061","potions_obtained":[{"floor":2.0,"key":"Explosive Potion"},{"floor":7.0,"key":"Regen Potion"},{"floor":12.0,"key":"Block Potion"},{"floor":13.0,"key":"Fruit Juice"},{"floor":14.0,"key":"Weak Potion"},{"floor":18.0,"key":"SneckoOil"}],"is_trial":false,"path_per_floor":["M","M","$","M","M","R","M","R","T","E","R","M","M","M","R","B",null,"M","?","?","$","T","R","$","R","T","M","R","?","T","$","R","B"],"character_chosen":"THE_SILENT","items_purchased":["Concentrate","Snake Skull"],"campfire_rested":3,"item_purchase_floors":[3,21],"current_hp_per_floor":[55,55,55,51,50,50,33,33,33,22,22,20,25,17,38,12,56,25,25,25,25,25,39,39,39,39,19,33,33,33,33,33,0],"gold":28,"neow_bonus":"RANDOM_COMMON_RELIC","is_prod":false,"is_daily":false,"chose_seed":false,"campfire_upgraded":5,"win_rate":0,"timestamp":1556713498,"path_taken":["M","M","$","M","M","R","M","R","T","E","R","M","M","M","R","BOSS","M","?","?","$","?","R","$","R","T","?","R","?","?","?","R","BOSS"],"build_version":"2019-01-23","purchased_purges":1,"victory":false,"max_hp_per_floor":[66,66,66,66,66,66,66,66,66,66,66,66,71,71,71,71,71,71,49,49,49,49,49,49,49,49,49,49,49,49,49,49,49],"card_choices":[{"not_picked":["Cloak And Dagger","Setup"],"picked":"Footwork","floor":1.0},{"not_picked":["Backflip","Quick Slash"],"picked":"Acrobatics","floor":2.0},{"not_picked":["Catalyst","All Out Attack"],"picked":"Backflip","floor":4.0},{"not_picked":["Skewer","Slice"],"picked":"Deadly Poison","floor":5.0},{"not_picked":["Slice","Distraction"],"picked":"Escape Plan","floor":7.0},{"not_picked":["Bane","Dagger Spray"],"picked":"Night Terror","floor":10.0},{"not_picked":["Dagger Spray","Slice"],"picked":"Leg Sweep","floor":12.0},{"not_picked":["Sucker Punch","Bane"],"picked":"Acrobatics","floor":13.0},{"not_picked":["Setup","Leg Sweep","Sucker Punch"],"picked":"SKIP","floor":14.0},{"not_picked":["Phantasmal Killer","Bullet Time"],"picked":"Die Die Die","floor":16.0},{"not_picked":["PiercingWail","Sucker Punch+1","Flying Knee"],"picked":"SKIP","floor":18.0},{"not_picked":["Acrobatics","Deadly Poison","Setup"],"picked":"SKIP","floor":27.0}],"player_experience":729037,"relics_obtained":[{"floor":9.0,"key":"Happy Flower"},{"floor":10.0,"key":"Vajra"},{"floor":22.0,"key":"The Courier"},{"floor":26.0,"key":"Centennial Puzzle"},{"floor":30,"key":"Darkstone Periapt"}],"event_choices":[{"damage_healed":0.0,"max_hp_gain":0.0,"max_hp_loss":22.0,"gold_gain":0.0,"event_name":"Vampires","player_choice":"Became a vampire","floor":19.0,"gold_loss":0.0,"damage_taken":0.0,"cards_obtained":["Bite","Bite","Bite","Bite","Bite"]},{"cards_removed":["Bite"],"damage_healed":0.0,"max_hp_gain":0.0,"max_hp_loss":0.0,"gold_gain":0.0,"event_name":"Beggar","player_choice":"Gave Gold","floor":20.0,"gold_loss":75.0,"damage_taken":0.0}],"is_beta":false,"boss_relics":[{"not_picked":["Philosopher\u0027s Stone","Black Star"],"picked":"Runic Pyramid"}],"items_purged_floors":[3],"is_endless":false,"potions_floor_spawned":[2,7,12,13,14,18],"killed_by":"Champ","ascension_level":16}