{"gold_per_floor":[119,130,130,3,18,49,49,27,27,44,44,44,59,79,79,79],"floor_reached":16,"playtime":1264,"items_purged":["Strike_R"],"score":102,"play_id":"d9daafca-ad5c-47db-b071-0b8eb9c391b0","local_time":"20181012225512","is_ascension_mode":false,"campfire_choices":[{"data":"Body Slam","floor":7,"key":"SMITH"},{"floor":11,"key":"REST"},{"data":"Reaper","floor":15,"key":"SMITH"}],"neow_cost":"NONE","seed_source_timestamp":13707388942780,"circlet_count":0,"master_deck":["Strike_R","Strike_R","Defend_R","Defend_R","Defend_R","Defend_R","Bash","Impervious","Havoc","Dual Wield","Body Slam+1","Power Through","Iron Wave","Shrug It Off","Combust+1","Reaper+1"],"relics":["Burning Blood","Self Forming Clay","Frozen Egg 2"],"potions_floor_usage":[16],"damage_taken":[{"damage":3,"enemies":"Small Slimes","floor":1,"turns":3},{"damage":4,"enemies":"2 Louse","floor":2,"turns":4},{"damage":1,"enemies":"Cultist","floor":5,"turns":3},{"damage":47,"enemies":"3 Sentries","floor":6,"turns":13},{"damage":26,"enemies":"Exordium Thugs","floor":10,"turns":9},{"damage":3,"enemies":"Blue Slaver","floor":13,"turns":3},{"damage":2,"enemies":"Gremlin Gang","floor":14,"turns":4},{"damage":70,"enemies":"Hexaghost","floor":16,"turns":16}],"seed_played":"-5390562065938819297","potions_obtained":[{"floor":5,"key":"FairyPotion"},{"floor":6,"key":"Dexterity Potion"},{"floor":10,"key":"SkillPotion"}],"is_trial":false,"path_per_floor":["M","M","?","$","M","E","R","$","T","M","R","?","M","M","R"],"character_chosen":"IRONCLAD","items_purchased":["Body Slam","Shrug It Off"],"campfire_rested":1,"item_purchase_floors":[4,8],"current_hp_per_floor":[80,80,73,73,78,37,37,37,37,17,41,41,44,48,48,0],"gold":79,"neow_bonus":"ONE_RANDOM_RARE_CARD","is_prod":false,"is_daily":false,"chose_seed":false,"campfire_upgraded":2,"win_rate":0,"timestamp":1539374112,"path_taken":["M","M","?","$","M","E","R","?","T","M","R","?","?","M","R","BOSS"],"build_version":"2018-10-11","purchased_purges":1,"victory":false,"max_hp_per_floor":[80,80,80,80,80,80,80,80,80,80,80,80,80,80,80,80],"card_choices":[{"not_picked":["Flex","Sword Boomerang"],"picked":"Havoc","floor":1},{"not_picked":["True Grit","Twin Strike"],"picked":"Dual Wield","floor":2},{"not_picked":["Heavy Blade","Sword Boomerang"],"picked":"Power Through","floor":5},{"not_picked":["Anger","Hemokinesis"],"picked":"Iron Wave","floor":6},{"not_picked":["Clash","Heavy Blade","Perfected Strike"],"picked":"SKIP","floor":10},{"not_picked":["Body Slam","Clothesline"],"picked":"Combust+1","floor":13},{"not_picked":["Clash","Wild Strike"],"picked":"Reaper","floor":14}],"player_experience":70998,"relics_obtained":[{"floor":6,"key":"Self Forming Clay"},{"floor":9,"key":"Frozen Egg 2"}],"event_choices":[{"event_name":"Golden Wing","player_choice":"Card Removal","floor":3,"damage_taken":0},{"event_name":"Wheel of Change","player_choice":"Card Removal","floor":12,"damage_taken":0}],"is_beta":false,"boss_relics":[],"items_purged_floors":[4],"is_endless":false,"potions_floor_spawned":[5,6,10],"killed_by":"Hexaghost","ascension_level":0}