{"gold_per_floor":[15,35,47,47,71,71,112,112,138,157,107,107,107,128,128,253,253,268,268,72,92,105,105,126,157,183,208,208,224,224,237,237,363,363,384,408,1,19,19,62,86,106,106,106,127,127,148,148,148,148],"floor_reached":51,"playtime":3168,"items_purged":["Strike_G","Strike_G+1"],"score":805,"play_id":"dcf87dba-344c-4a01-bb08-efce30771aaa","local_time":"20181216205209","is_ascension_mode":false,"campfire_choices":[{"data":"Dash","floor":6.0,"key":"SMITH"},{"data":"Venomology","floor":8.0,"key":"SMITH"},{"data":"Deadly Poison","floor":12.0,"key":"SMITH"},{"floor":15.0,"key":"REST"},{"data":"Burst","floor":23.0,"key":"SMITH"},{"floor":28.0,"key":"REST"},{"data":"Blur","floor":30.0,"key":"SMITH"},{"data":"Noxious Fumes","floor":32.0,"key":"SMITH"},{"floor":49,"key":"REST"}],"neow_cost":"NO_GOLD","seed_source_timestamp":31342683999284,"circlet_count":0,"master_deck":["Defend_G","Defend_G","Defend_G","Defend_G","Defend_G","Survivor","Neutralize+1","Dash+1","Deadly Poison+1","PiercingWail","Venomology+1","Burst+1","Deadly Poison","Noxious Fumes+1","Noxious Fumes+1","Deadly Poison+1","Dodge and Roll","Blur+1","Corpse Explosion","Setup+1","Catalyst+1","Backflip","Writhe","Dodge and Roll+1","Deadly Poison+1"],"special_seed":0,"relics":["Ring of the Serpent","Pocketwatch","Golden Idol","Art of War","Whetstone","Vajra","Lantern","Lizard Tail","Turnip","Question Card","Bottled Lightning"],"potions_floor_usage":[50,50],"damage_taken":[{"damage":1.0,"enemies":"Jaw Worm","floor":1.0,"turns":4.0},{"damage":0.0,"enemies":"Small Slimes","floor":2.0,"turns":3.0},{"damage":0.0,"enemies":"2 Louse","floor":3.0,"turns":3.0},{"damage":1.0,"enemies":"2 Fungi Beasts","floor":5.0,"turns":3.0},{"damage":9.0,"enemies":"Lagavulin","floor":7.0,"turns":6.0},{"damage":4.0,"enemies":"Gremlin Gang","floor":10.0,"turns":5.0},{"damage":0.0,"enemies":"Large Slime","floor":14.0,"turns":5.0},{"damage":0.0,"enemies":"Hexaghost","floor":16.0,"turns":9.0},{"damage":2.0,"enemies":"Spheric Guardian","floor":18.0,"turns":7.0},{"damage":9.0,"enemies":"2 Thieves","floor":21.0,"turns":5.0},{"damage":3.0,"enemies":"Centurion and Healer","floor":22.0,"turns":6.0},{"damage":19.0,"enemies":"3 Cultists","floor":24.0,"turns":6.0},{"damage":15.0,"enemies":"Gremlin Leader","floor":25.0,"turns":6.0},{"damage":0.0,"enemies":"Cultist and Chosen","floor":27.0,"turns":4.0},{"damage":0.0,"enemies":"Snake Plant","floor":29.0,"turns":3.0},{"damage":7.0,"enemies":"3 Cultists","floor":31.0,"turns":6.0},{"damage":31.0,"enemies":"Champ","floor":33.0,"turns":10.0},{"damage":13.0,"enemies":"3 Darklings","floor":35.0,"turns":3.0},{"damage":1.0,"enemies":"Orb Walker","floor":36.0,"turns":5.0},{"damage":17.0,"enemies":"Transient","floor":38.0,"turns":5.0},{"damage":0.0,"enemies":"Nemesis","floor":40.0,"turns":7.0},{"damage":18.0,"enemies":"Jaw Worm Horde","floor":41.0,"turns":3.0},{"damage":15.0,"enemies":"4 Shapes","floor":42.0,"turns":5.0},{"damage":18.0,"enemies":"3 Darklings","floor":45.0,"turns":5.0},{"damage":1.0,"enemies":"Maw","floor":47.0,"turns":6.0},{"damage":28,"enemies":"Donu and Deca","floor":50,"turns":6}],"seed_played":"-3306220721110143886","potions_obtained":[{"floor":1.0,"key":"SkillPotion"},{"floor":3.0,"key":"Block Potion"},{"floor":10.0,"key":"Strength Potion"},{"floor":16.0,"key":"SteroidPotion"},{"floor":24.0,"key":"AttackPotion"},{"floor":25.0,"key":"Swift Potion"},{"floor":29.0,"key":"LiquidBronze"},{"floor":33.0,"key":"Block Potion"},{"floor":36.0,"key":"LiquidBronze"},{"floor":40.0,"key":"Poison Potion"},{"floor":45.0,"key":"EssenceOfSteel"}],"is_trial":false,"path_per_floor":["M","M","M","?","M","R","E","R","T","M","?","R","?","M","R","B",null,"M","?","$","M","M","R","M","E","T","M","R","M","R","M","R","B",null,"M","M","$","M","?","E","M","M","T","?","M","?","M","?","R","B",null],"character_chosen":"THE_SILENT","items_purchased":["Deadly Poison","Noxious Fumes","Turnip"],"campfire_rested":3,"item_purchase_floors":[20,20,37],"current_hp_per_floor":[69,69,69,52,51,51,42,42,42,38,38,38,31,31,52,52,70,68,68,68,59,56,56,37,37,37,37,58,58,58,66,66,35,70,57,56,56,39,70,70,52,37,37,55,37,37,36,36,57,29],"gold":148,"neow_bonus":"ONE_RARE_RELIC","is_prod":false,"is_daily":false,"chose_seed":false,"campfire_upgraded":6,"win_rate":0,"timestamp":1544982729,"path_taken":["M","M","M","?","M","R","E","R","T","M","?","R","?","M","R","BOSS","M","?","$","M","M","R","M","E","T","?","R","M","R","M","R","BOSS","M","M","$","M","?","E","?","M","T","?","M","?","M","?","R","BOSS"],"build_version":"2018-12-13","purchased_purges":2,"victory":true,"max_hp_per_floor":[70,70,70,70,70,70,70,70,70,70,70,70,70,70,70,70,70,70,70,70,70,70,70,70,70,70,70,70,70,70,70,70,70,70,70,70,70,70,70,70,70,70,70,70,70,70,70,70,70,70],"card_choices":[{"not_picked":["Eviscerate","Poisoned Stab"],"picked":"Dash","floor":1.0},{"not_picked":["Dagger Spray","Bane","Crippling Poison"],"picked":"SKIP","floor":2.0},{"not_picked":["Underhanded Strike","Endless Agony"],"picked":"Deadly Poison","floor":3.0},{"not_picked":["Flying Knee","Bane"],"picked":"PiercingWail","floor":5.0},{"not_picked":["Dodge and Roll","Crippling Poison"],"picked":"Venomology","floor":7.0},{"not_picked":["Dagger Throw","Expertise","Cloak And Dagger"],"picked":"SKIP","floor":10.0},{"not_picked":["PiercingWail","Cloak And Dagger","Dagger Throw"],"picked":"SKIP","floor":14.0},{"not_picked":["Night Terror","After Image"],"picked":"Burst","floor":16.0},{"not_picked":["Flying Knee+1","Bouncing Flask","Quick Slash"],"picked":"SKIP","floor":18.0},{"not_picked":["Sucker Punch","Slice"],"picked":"Noxious Fumes+1","floor":21.0},{"not_picked":["Acrobatics","Blade Dance+1","Caltrops"],"picked":"SKIP","floor":22.0},{"not_picked":["Sucker Punch","Expertise"],"picked":"Deadly Poison+1","floor":24.0},{"not_picked":["Slice+1","PiercingWail"],"picked":"Dodge and Roll","floor":25.0},{"not_picked":["Dash+1","Well Laid Plans"],"picked":"Blur","floor":27.0},{"not_picked":["Cloak And Dagger+1","Malaise","Underhanded Strike"],"picked":"SKIP","floor":29.0},{"not_picked":["Dodge and Roll","Outmaneuver","PiercingWail"],"picked":"SKIP","floor":31.0},{"not_picked":["Die Die Die","Grand Finale"],"picked":"Corpse Explosion","floor":33.0},{"not_picked":["Underhanded Strike+1","Riddle With Holes+1","Prepared"],"picked":"SKIP","floor":35.0},{"not_picked":["Quick Slash","Dagger Spray","Poisoned Stab+1"],"picked":"SKIP","floor":36.0},{"not_picked":["Terror+1","Deadly Poison"],"picked":"Setup+1","floor":38.0},{"not_picked":["Concentrate","Die Die Die"],"picked":"Catalyst","floor":40.0},{"not_picked":["Deadly Poison+1","Footwork","Poisoned Stab+1"],"picked":"Backflip","floor":41.0},{"not_picked":["Sucker Punch","Heel Hook","Blade Dance+1","Choke+1"],"picked":"SKIP","floor":42.0},{"not_picked":["PiercingWail+1","Choke","Deadly Poison"],"picked":"Dodge and Roll+1","floor":45.0},{"not_picked":["Dodge and Roll","Wraith Form v2","Heel Hook+1"],"picked":"Deadly Poison+1","floor":47.0}],"player_experience":349909,"relics_obtained":[{"floor":7.0,"key":"Art of War"},{"floor":9.0,"key":"Whetstone"},{"floor":25.0,"key":"Vajra"},{"floor":26.0,"key":"Lantern"},{"floor":40.0,"key":"Question Card"},{"floor":43.0,"key":"Bottled Lightning"}],"event_choices":[{"damage_healed":0.0,"max_hp_gain":0.0,"max_hp_loss":0.0,"gold_gain":0.0,"event_name":"Golden Idol","player_choice":"Take Damage","floor":4.0,"gold_loss":0.0,"damage_taken":17.0,"relics_obtained":["Golden Idol"]},{"cards_removed":["Strike_G"],"damage_healed":0.0,"max_hp_gain":0.0,"max_hp_loss":0.0,"gold_gain":0.0,"event_name":"The Cleric","player_choice":"Card Removal","floor":11.0,"gold_loss":50.0,"damage_taken":0.0},{"cards_removed":["Strike_G"],"damage_healed":0.0,"max_hp_gain":0.0,"max_hp_loss":0.0,"gold_gain":0.0,"event_name":"Golden Wing","player_choice":"Card Removal","floor":13.0,"gold_loss":0.0,"damage_taken":7.0},{"cards_removed":["Strike_G"],"damage_healed":0.0,"max_hp_gain":0.0,"max_hp_loss":0.0,"gold_gain":0.0,"event_name":"Bonfire Elementals","player_choice":"Offered Basic","floor":19.0,"gold_loss":0.0,"damage_taken":0.0},{"damage_healed":31.0,"max_hp_gain":0.0,"max_hp_loss":0.0,"gold_gain":0.0,"event_name":"Wheel of Change","player_choice":"Full Heal","floor":39.0,"gold_loss":0.0,"damage_taken":0.0},{"damage_healed":18.0,"max_hp_gain":0.0,"max_hp_loss":0.0,"gold_gain":0.0,"event_name":"Winding Halls","player_choice":"Writhe","floor":44.0,"gold_loss":0.0,"damage_taken":0.0,"cards_obtained":["Writhe"]},{"damage_healed":0.0,"max_hp_gain":0.0,"max_hp_loss":0.0,"gold_gain":0.0,"event_name":"Mysterious Sphere","player_choice":"Ignored","floor":46.0,"gold_loss":0.0,"damage_taken":0.0},{"damage_healed":0,"gold_gain":0,"player_choice":"Forge","damage_taken":0,"max_hp_gain":0,"max_hp_loss":0,"event_name":"Accursed Blacksmith","floor":48,"gold_loss":0,"cards_upgraded":["Catalyst"]}],"is_beta":false,"boss_relics":[{"not_picked":["White Beast Statue","Sozu"],"picked":"Ring of the Serpent"},{"not_picked":["Black Star","Calling Bell"],"picked":"Lizard Tail"}],"items_purged_floors":[20,37],"is_endless":false,"potions_floor_spawned":[1,3,10,16,24,25,29,33,36,40,45],"ascension_level":0}