{"gold_per_floor":[115,40,115,115,128,128,128,28,28,28,45,45,55,71,71,176,176,189,189,200,217,230,230,247,346,346,346,346,360,360,375,375,475,475,486,486,130,150,110,110,110,110,110,127,143,143,159,171,171,171],"floor_reached":51,"playtime":4547,"items_purged":["Strike_R","Regret"],"score":591,"play_id":"1daab682-e8db-4b8a-a4bb-baaefb56d3ca","local_time":"20181024001420","is_ascension_mode":false,"campfire_choices":[{"data":"Purity","floor":6,"key":"SMITH"},{"data":"Battle Trance","floor":10,"key":"SMITH"},{"data":"Second Wind","floor":12,"key":"SMITH"},{"data":"Whirlwind","floor":15,"key":"SMITH"},{"floor":23,"key":"REST"},{"data":"Dark Embrace","floor":27,"key":"SMITH"},{"data":"Shrug It Off","floor":30,"key":"SMITH"},{"data":"Shockwave","floor":32,"key":"SMITH"},{"data":"Fiend Fire","floor":40,"key":"SMITH"},{"data":"Bash","floor":42,"key":"SMITH"},{"floor":46,"key":"REST"},{"floor":49,"key":"REST"}],"neow_cost":"NONE","seed_source_timestamp":15447512522748,"circlet_count":0,"master_deck":["Strike_R","Strike_R","Strike_R","Defend_R","Defend_R","Defend_R","Defend_R","Bash+1","Purity+1","Shockwave+1","Battle Trance+1","Second Wind+1","Whirlwind+1","Dark Embrace+1","Iron Wave+1","Warcry+1","Shrug It Off+1","Fiend Fire+1","Iron Wave+1","Flame Barrier+1","Metallicize","Metallicize+1","Shrug It Off+1"],"relics":["Burning Blood","Dead Branch","Nunchaku","Thread and Needle","Mark of Pain","Meat on the Bone","White Beast Statue","Blood Vial","Strange Spoon","Blue Candle"],"potions_floor_usage":[16,33,33,33,44,50,50,50],"damage_taken":[{"damage":1,"enemies":"Cultist","floor":1,"turns":3},{"damage":8,"enemies":"Jaw Worm","floor":5,"turns":4},{"damage":2,"enemies":"2 Louse","floor":11,"turns":2},{"damage":8,"enemies":"Looter","floor":13,"turns":5},{"damage":0,"enemies":"Blue Slaver","floor":14,"turns":3},{"damage":53,"enemies":"Hexaghost","floor":16,"turns":9},{"damage":0,"enemies":"Spheric Guardian","floor":18,"turns":5},{"damage":28,"enemies":"3 Byrds","floor":20,"turns":7},{"damage":4,"enemies":"Centurion and Healer","floor":21,"turns":3},{"damage":14,"enemies":"Shelled Parasite and Fungi","floor":22,"turns":6},{"damage":6,"enemies":"Snecko","floor":24,"turns":5},{"damage":0,"enemies":"Cultist and Chosen","floor":29,"turns":3},{"damage":1,"enemies":"Shelled Parasite and Fungi","floor":31,"turns":6},{"damage":49,"enemies":"Collector","floor":33,"turns":10},{"damage":3,"enemies":"Orb Walker","floor":35,"turns":5},{"damage":12,"enemies":"3 Darklings","floor":38,"turns":3},{"damage":33,"enemies":"Maw","floor":44,"turns":9},{"damage":36,"enemies":"4 Shapes","floor":45,"turns":7},{"damage":0,"enemies":"3 Darklings","floor":47,"turns":6},{"damage":18,"enemies":"Jaw Worm Horde","floor":48,"turns":4},{"damage":65,"enemies":"Awakened One","floor":50,"turns":27}],"seed_played":"-4710131869492268538","potions_obtained":[{"floor":11,"key":"SmokeBomb"},{"floor":13,"key":"Poison Potion"},{"floor":18,"key":"Energy Potion"},{"floor":21,"key":"SkillPotion"},{"floor":29,"key":"Fire Potion"},{"floor":35,"key":"Weak Potion"},{"floor":38,"key":"Weak Potion"},{"floor":44,"key":"Poison Potion"},{"floor":45,"key":"SteroidPotion"},{"floor":47,"key":"Poison Potion"}],"is_trial":false,"path_per_floor":["M","$","?","?","M","R","T","$","T","R","M","R","M","M","R","B",null,"M","?","M","M","M","R","M","?","T","R","?","M","R","M","R","B",null,"M","?","$","M","?","R","?","R","T","M","M","R","M","M","R","B"],"character_chosen":"IRONCLAD","items_purchased":["Blood Vial","Strange Spoon"],"campfire_rested":3,"item_purchase_floors":[37,37],"current_hp_per_floor":[80,80,69,69,67,67,67,67,67,67,71,71,69,75,75,28,80,80,80,58,60,52,76,76,76,76,76,68,74,74,79,79,48,80,80,80,80,74,74,74,74,74,74,49,33,57,65,55,79,33],"gold":171,"neow_bonus":"RANDOM_COLORLESS","is_prod":false,"is_daily":false,"chose_seed":false,"campfire_upgraded":9,"win_rate":0,"timestamp":1540329260,"path_taken":["M","$","?","?","M","R","?","$","T","R","M","R","M","M","R","BOSS","M","?","M","M","M","R","?","?","T","R","?","M","R","M","R","BOSS","M","?","$","M","?","R","?","R","T","M","M","R","M","M","R","BOSS"],"build_version":"2018-10-18","purchased_purges":2,"victory":true,"max_hp_per_floor":[80,80,80,80,80,80,80,80,80,80,80,80,80,80,80,80,80,80,80,80,80,80,80,80,80,80,80,80,80,80,80,80,80,80,80,80,80,80,80,80,80,80,80,80,80,80,80,80,80,80],"card_choices":[{"not_picked":["Iron Wave","Anger"],"picked":"Shockwave","floor":1},{"not_picked":["Iron Wave","Clash"],"picked":"Battle Trance","floor":5},{"not_picked":["Headbutt","Pommel Strike"],"picked":"Second Wind","floor":11},{"not_picked":["Dark Embrace","Power Through","Flex"],"picked":"SKIP","floor":13},{"not_picked":["Heavy Blade","Warcry"],"picked":"Whirlwind","floor":14},{"not_picked":["Feed","Brutality"],"picked":"Dark Embrace","floor":16},{"not_picked":["Uppercut","Twin Strike","Clothesline"],"picked":"SKIP","floor":18},{"not_picked":["Second Wind","Heavy Blade","Wild Strike"],"picked":"SKIP","floor":20},{"not_picked":["Spot Weakness","Bloodletting"],"picked":"Iron Wave+1","floor":21},{"not_picked":["Intimidate","Clash","Iron Wave"],"picked":"SKIP","floor":22},{"not_picked":["Seeing Red","Cleave"],"picked":"Warcry+1","floor":24},{"not_picked":["Flex+1","Havoc"],"picked":"Shrug It Off","floor":29},{"not_picked":["Fire Breathing+1","Cleave","Thunderclap"],"picked":"SKIP","floor":31},{"not_picked":["Bludgeon","Feed"],"picked":"Fiend Fire","floor":33},{"not_picked":["Flex+1","Wild Strike"],"picked":"Iron Wave+1","floor":35},{"not_picked":["Anger","Fiend Fire"],"picked":"Flame Barrier","floor":38},{"not_picked":["Headbutt","Twin Strike+1"],"picked":"Metallicize","floor":44},{"not_picked":["Spot Weakness","Entrench"],"picked":"Metallicize+1","floor":45},{"not_picked":["Havoc+1","Twin Strike+1","Clash"],"picked":"SKIP","floor":47},{"not_picked":["Clash","Headbutt"],"picked":"Shrug It Off+1","floor":48}],"player_experience":99155,"relics_obtained":[{"floor":7,"key":"Nunchaku"},{"floor":9,"key":"Thread and Needle"},{"floor":26,"key":"Meat on the Bone"},{"floor":43,"key":"Blue Candle"}],"event_choices":[{"damage_healed":0,"gold_gain":75,"player_choice":"Gather Gold","damage_taken":11,"max_hp_gain":0,"max_hp_loss":0,"event_name":"World of Goop","floor":3,"gold_loss":0},{"damage_healed":0,"gold_gain":0,"player_choice":"Box","damage_taken":0,"relics_obtained":["Dead Branch"],"max_hp_gain":0,"max_hp_loss":0,"event_name":"Big Fish","floor":4,"gold_loss":0,"cards_obtained":["Regret"]},{"damage_healed":0,"gold_gain":0,"player_choice":"Ignored","damage_taken":0,"max_hp_gain":0,"max_hp_loss":0,"event_name":"N\u0027loth","floor":19,"gold_loss":0},{"damage_healed":0,"gold_gain":99,"player_choice":"Stole From Cult","damage_taken":0,"max_hp_gain":0,"max_hp_loss":0,"event_name":"Nest","floor":25,"gold_loss":0},{"damage_healed":0,"gold_gain":0,"player_choice":"Damaged","damage_taken":8,"max_hp_gain":0,"max_hp_loss":0,"event_name":"Wheel of Change","floor":28,"gold_loss":0},{"damage_healed":0,"gold_gain":0,"player_choice":"Ignored","damage_taken":0,"max_hp_gain":0,"max_hp_loss":0,"event_name":"Mysterious Sphere","floor":36,"gold_loss":0},{"damage_healed":0,"gold_gain":0,"player_choice":"Upgrade","damage_taken":0,"max_hp_gain":0,"max_hp_loss":0,"event_name":"Designer","floor":39,"gold_loss":40,"cards_upgraded":["Flame Barrier"]},{"cards_removed":["Strike_R"],"damage_healed":0,"gold_gain":0,"player_choice":"Purged","damage_taken":0,"max_hp_gain":0,"max_hp_loss":0,"event_name":"Purifier","floor":41,"gold_loss":0}],"is_beta":false,"boss_relics":[{"not_picked":["Tiny House","Velvet Choker"],"picked":"Mark of Pain"},{"not_picked":["Runic Dome","Empty Cage"],"picked":"White Beast Statue"}],"items_purged_floors":[2,8],"is_endless":false,"potions_floor_spawned":[11,13,18,21,22,29,35,38,44,45,47,48],"ascension_level":0}