{"gold_per_floor":[216,228,37,112,122,122,156,156,156,156,156,189,8,18,18,119,119,132,47,61,72,92,153,153,428,428,448,55,70,70,95,95,199,199,213,228,1227,271,241,241,133,144,194,213,0,19,53,64,64,64],"floor_reached":51,"playtime":3904,"items_purged":["Normality","Normality","Regret"],"score":927,"play_id":"86c1b138-8c76-402c-b152-0643566e0d26","local_time":"20190119193422","is_ascension_mode":false,"campfire_choices":[{"data":"Neutralize","floor":6.0,"key":"SMITH"},{"data":"Noxious Fumes","floor":8.0,"key":"SMITH"},{"data":"Well Laid Plans","floor":15.0,"key":"SMITH"},{"data":"Malaise","floor":24.0,"key":"SMITH"},{"floor":30.0,"key":"REST"},{"floor":32.0,"key":"REST"},{"data":"Footwork","floor":40.0,"key":"SMITH"},{"floor":49,"key":"REST"}],"neow_cost":"NONE","seed_source_timestamp":30347556823164,"circlet_count":0,"master_deck":["Defend_G","Defend_G","Defend_G","Defend_G","Defend_G","Strike_G","Strike_G","Survivor","Neutralize+1","Dagger Spray","Deflect","PiercingWail","Noxious Fumes+1","Blur","Dash","PiercingWail","Well Laid Plans+1","Malaise+1","Bullet Time","Doppelganger+1","Outmaneuver+1","Dagger Spray+1","Blur","Blur","Blur","Catalyst","Catalyst","After Image","After Image","Deadly Poison","After Image","Acrobatics+1","Footwork+1","Footwork","Footwork","After Image","Blur+1"],"special_seed":0,"relics":["Ring of the Snake","Meat on the Bone","The Courier","Ice Cream","PreservedInsect","Astrolabe","Ancient Tea Set","Tiny Chest","Boot","DollysMirror","Potion Belt","Oddly Smooth Stone","Eternal Feather","Vajra","Art of War","Anchor","Bottled Lightning","Mercury Hourglass","Bronze Scales","Bag of Preparation","Snake Skull"],"potions_floor_usage":[50,50,50,50],"damage_taken":[{"damage":0.0,"enemies":"Jaw Worm","floor":1.0,"turns":5.0},{"damage":0.0,"enemies":"2 Louse","floor":2.0,"turns":3.0},{"damage":1.0,"enemies":"Cultist","floor":5.0,"turns":4.0},{"damage":13.0,"enemies":"3 Sentries","floor":7.0,"turns":6.0},{"damage":16.0,"enemies":"Lagavulin","floor":12.0,"turns":5.0},{"damage":0.0,"enemies":"2 Fungi Beasts","floor":14.0,"turns":4.0},{"damage":0.0,"enemies":"Hexaghost","floor":16.0,"turns":13.0},{"damage":26.0,"enemies":"Spheric Guardian","floor":18.0,"turns":9.0},{"damage":3.0,"enemies":"3 Byrds","floor":20.0,"turns":4.0},{"damage":9.0,"enemies":"Snake Plant","floor":21.0,"turns":11.0},{"damage":0.0,"enemies":"Snecko","floor":22.0,"turns":8.0},{"damage":0.0,"enemies":"Gremlin Leader","floor":23.0,"turns":7.0},{"damage":3.0,"enemies":"Centurion and Healer","floor":27.0,"turns":8.0},{"damage":1.0,"enemies":"Snake Plant","floor":29.0,"turns":6.0},{"damage":25.0,"enemies":"Book of Stabbing","floor":31.0,"turns":9.0},{"damage":11.0,"enemies":"Automaton","floor":33.0,"turns":12.0},{"damage":24.0,"enemies":"3 Shapes","floor":35.0,"turns":4.0},{"damage":0.0,"enemies":"3 Darklings","floor":36.0,"turns":5.0},{"damage":3.0,"enemies":"Maw","floor":42.0,"turns":8.0},{"damage":50,"enemies":"Transient","floor":44,"turns":5},{"damage":3,"enemies":"3 Darklings","floor":46,"turns":8},{"damage":0,"enemies":"Giant Head","floor":47,"turns":11},{"damage":8,"enemies":"4 Shapes","floor":48,"turns":7},{"damage":13,"enemies":"Time Eater","floor":50,"turns":12}],"seed_played":"-7609924052949007561","potions_obtained":[{"floor":5.0,"key":"GamblersBrew"},{"floor":12.0,"key":"LiquidBronze"},{"floor":14.0,"key":"Strength Potion"},{"floor":18.0,"key":"SkillPotion"},{"floor":20.0,"key":"AttackPotion"},{"floor":21.0,"key":"Dexterity Potion"},{"floor":31.0,"key":"GhostInAJar"},{"floor":39.0,"key":"SteroidPotion"},{"floor":39.0,"key":"Fruit Juice"},{"floor":42.0,"key":"LiquidBronze"}],"is_trial":false,"path_per_floor":["M","M","$","?","M","R","E","R","T","?","?","E","$","M","R","B",null,"M","?","M","M","M","E","R","?","T","M","$","M","R","E","R","B",null,"M","M","?","$","?","R","$","M","T","M","$","M","E","M","R","B",null],"character_chosen":"THE_SILENT","items_purchased":["PiercingWail","Noxious Fumes","EntropicBrew","Well Laid Plans","PreservedInsect","After Image","DollysMirror","Potion Belt","Vajra","Art of War","Anchor","Bottled Lightning","Mercury Hourglass","Bronze Scales","Footwork","Footwork","After Image"],"campfire_rested":3,"item_purchase_floors":[3,3,3,13,13,28,28,28,38,38,38,38,38,38,38,41,45],"current_hp_per_floor":[70,70,70,59,58,58,45,45,45,45,45,41,41,41,41,41,70,44,44,41,44,44,44,44,44,44,41,41,40,61,36,57,46,70,46,46,46,46,46,67,72,69,69,31,31,40,40,44,75,62],"gold":64,"neow_bonus":"HUNDRED_GOLD","is_prod":false,"is_daily":false,"chose_seed":false,"campfire_upgraded":5,"win_rate":0,"timestamp":1547915662,"path_taken":["M","M","$","?","M","R","E","R","T","?","?","E","?","?","R","BOSS","M","?","M","M","M","E","R","?","T","?","$","M","R","E","R","BOSS","M","M","?","$","?","R","$","M","T","?","$","M","E","M","R","BOSS"],"build_version":"2019-01-17v2","purchased_purges":3,"victory":true,"max_hp_per_floor":[70,70,70,70,70,70,70,70,70,70,70,70,70,70,70,70,70,70,70,70,70,70,70,70,70,70,70,70,70,70,70,70,70,70,70,70,70,70,70,70,75,75,75,75,75,75,75,75,75,75],"card_choices":[{"not_picked":["Deflect","Prepared"],"picked":"Dagger Spray","floor":1.0},{"not_picked":["Eviscerate","Prepared"],"picked":"Deflect","floor":2.0},{"not_picked":["Poisoned Stab","Dagger Spray"],"picked":"Blur","floor":5.0},{"not_picked":["Noxious Fumes","Flechettes"],"picked":"Dash","floor":7.0},{"not_picked":["Flying Knee","Poisoned Stab"],"picked":"PiercingWail","floor":12.0},{"not_picked":["Underhanded Strike","Accuracy"],"picked":"Malaise","floor":14.0},{"not_picked":["Wraith Form v2","Doppelganger"],"picked":"Bullet Time","floor":16.0},{"not_picked":["Backstab","Outmaneuver"],"picked":"Blur","floor":18.0},{"not_picked":["Dagger Spray+1","Eviscerate"],"picked":"Blur","floor":20.0},{"not_picked":["Dagger Spray","Flying Knee","Quick Slash+1"],"picked":"SKIP","floor":21.0},{"not_picked":["PiercingWail","Grand Finale"],"picked":"Blur","floor":22.0},{"not_picked":["Dagger Throw","Night Terror"],"picked":"Catalyst","floor":23.0},{"not_picked":["Underhanded Strike","Reflex+1"],"picked":"Catalyst","floor":27.0},{"not_picked":["Deflect","All Out Attack","Deadly Poison"],"picked":"SKIP","floor":29.0},{"not_picked":["Finisher+1","Flying Knee"],"picked":"Deadly Poison","floor":31.0},{"not_picked":["Night Terror","Venomology"],"picked":"After Image","floor":33.0},{"not_picked":["Choke","Slice"],"picked":"Acrobatics+1","floor":35.0},{"not_picked":["Outmaneuver","Dodge and Roll","Poisoned Stab"],"picked":"SKIP","floor":36.0},{"not_picked":["Backflip+1","Catalyst","Sucker Punch+1"],"picked":"SKIP","floor":42.0},{"not_picked":["Cloak And Dagger","Poisoned Stab"],"picked":"Footwork","floor":44},{"not_picked":["Cloak And Dagger+1","Poisoned Stab+1","Slice+1"],"picked":"SKIP","floor":46},{"not_picked":["Dagger Throw+1","Dagger Spray+1"],"picked":"Blur+1","floor":47},{"not_picked":["Leg Sweep","Acrobatics+1","Blade Dance"],"picked":"SKIP","floor":48}],"player_experience":510944,"relics_obtained":[{"floor":7.0,"key":"Meat on the Bone"},{"floor":9.0,"key":"The Courier"},{"floor":12.0,"key":"Ice Cream"},{"floor":23.0,"key":"Tiny Chest"},{"floor":26.0,"key":"Boot"},{"floor":31.0,"key":"Oddly Smooth Stone"},{"floor":43.0,"key":"Bag of Preparation"},{"floor":47,"key":"Snake Skull"}],"event_choices":[{"damage_healed":0.0,"max_hp_gain":0.0,"max_hp_loss":0.0,"gold_gain":75.0,"event_name":"World of Goop","player_choice":"Gather Gold","floor":4.0,"gold_loss":0.0,"damage_taken":11.0},{"damage_healed":0.0,"max_hp_gain":0.0,"max_hp_loss":0.0,"gold_gain":0.0,"event_name":"Golden Idol","player_choice":"Ignored","floor":10.0,"gold_loss":0.0,"damage_taken":0.0},{"damage_healed":0.0,"max_hp_gain":0.0,"max_hp_loss":0.0,"gold_gain":0.0,"event_name":"Liars Game","player_choice":"Ignored","floor":11.0,"gold_loss":0.0,"damage_taken":0.0},{"damage_healed":0.0,"max_hp_gain":0.0,"max_hp_loss":0.0,"gold_gain":0.0,"event_name":"Addict","player_choice":"Obtained Relic","floor":19.0,"gold_loss":85.0,"damage_taken":0.0,"relics_obtained":["Ancient Tea Set"]},{"damage_healed":0.0,"max_hp_gain":0.0,"max_hp_loss":0.0,"gold_gain":275.0,"event_name":"Golden Shrine","player_choice":"Desecrate","floor":25.0,"gold_loss":0.0,"damage_taken":0.0,"cards_obtained":["Regret"]},{"damage_healed":0.0,"max_hp_gain":0.0,"max_hp_loss":0.0,"gold_gain":999.0,"event_name":"MindBloom","player_choice":"Gold","floor":37.0,"gold_loss":0.0,"damage_taken":0.0,"cards_obtained":["Normality","Normality"]},{"damage_healed":0.0,"max_hp_gain":0.0,"max_hp_loss":0.0,"gold_gain":0.0,"event_name":"The Woman in Blue","player_choice":"Bought 2 Potions","floor":39.0,"gold_loss":0.0,"damage_taken":0.0}],"is_beta":false,"boss_relics":[{"not_picked":["WristBlade","HoveringKite"],"picked":"Astrolabe"},{"not_picked":["Black Star","Calling Bell"],"picked":"Eternal Feather"}],"items_purged_floors":[38,41,45],"is_endless":false,"potions_floor_spawned":[5,12,14,18,20,21,23,31,42,44,48],"ascension_level":0}