{"gold_per_floor":[119,134,134,154,168,168,20,20,45,58,90,108,184,212,212,309,309,321,143,162,162,162,162,123,123,204,204,204,217,248,261,261,356,356,372,384,402,414,44,44,60,60,135,170,16,32,32,32,32,32],"floor_reached":51,"playtime":3701,"items_purged":["Strike_G","Strike_G"],"score":722,"play_id":"5cf6224a-27e9-49b9-8244-169084a85434","local_time":"20181112232713","is_ascension_mode":false,"campfire_choices":[{"data":"Accuracy","floor":6,"key":"SMITH"},{"data":"Caltrops","floor":8,"key":"SMITH"},{"floor":15,"key":"REST"},{"data":"Footwork","floor":23,"key":"SMITH"},{"data":"Night Terror","floor":25,"key":"SMITH"},{"data":"Catalyst","floor":27,"key":"SMITH"},{"floor":32,"key":"REST"},{"floor":40,"key":"REST"},{"floor":42,"key":"REST"},{"floor":49,"key":"REST"}],"neow_cost":"NONE","seed_source_timestamp":8535734716741,"circlet_count":0,"master_deck":["Defend_G","Defend_G","Survivor","Neutralize","Dash+1","Accuracy+1","Backflip","Blade Dance","Caltrops+1","Footwork+1","Backflip","Night Terror+1","Noxious Fumes","Deadly Poison","Catalyst+1","Leg Sweep+1","Infinite Blades+1","Dodge and Roll+1"],"relics":["Ring of the Snake","Potion Belt","Whetstone","Odd Mushroom","Busted Crown","Pear","Bag of Marbles","Empty Cage","Bottled Lightning","Bottled Flame","Question Card"],"potions_floor_usage":[2,14,30,36,38,38,38,44,45,50,50,50,50,50],"damage_taken":[{"damage":1,"enemies":"Jaw Worm","floor":1,"turns":6},{"damage":1,"enemies":"Cultist","floor":2,"turns":4},{"damage":2,"enemies":"Small Slimes","floor":4,"turns":4},{"damage":2,"enemies":"Blue Slaver","floor":5,"turns":5},{"damage":4,"enemies":"Large Slime","floor":10,"turns":6},{"damage":24,"enemies":"3 Sentries","floor":11,"turns":9},{"damage":2,"enemies":"Looter","floor":12,"turns":3},{"damage":0,"enemies":"The Mushroom Lair","floor":14,"turns":4},{"damage":36,"enemies":"Hexaghost","floor":16,"turns":13},{"damage":0,"enemies":"Chosen","floor":18,"turns":5},{"damage":20,"enemies":"Spheric Guardian","floor":20,"turns":5},{"damage":1,"enemies":"Colosseum Slavers","floor":22,"turns":5},{"damage":2,"enemies":"Snecko","floor":29,"turns":5},{"damage":13,"enemies":"Slavers","floor":30,"turns":7},{"damage":4,"enemies":"Snake Plant","floor":31,"turns":6},{"damage":9,"enemies":"Champ","floor":33,"turns":4},{"damage":30,"enemies":"3 Shapes","floor":35,"turns":4},{"damage":14,"enemies":"3 Darklings","floor":36,"turns":7},{"damage":5,"enemies":"Maw","floor":37,"turns":12},{"damage":14,"enemies":"Spire Growth","floor":38,"turns":6},{"damage":30,"enemies":"Jaw Worm Horde","floor":41,"turns":6},{"damage":0,"enemies":"Nemesis","floor":44,"turns":13},{"damage":13,"enemies":"3 Darklings","floor":46,"turns":6},{"damage":23,"enemies":"Awakened One","floor":50,"turns":22}],"seed_played":"7917607028593864613","potions_obtained":[{"floor":1,"key":"Fire Potion"},{"floor":11,"key":"Energy Potion"},{"floor":14,"key":"Ancient Potion"},{"floor":18,"key":"Dexterity Potion"},{"floor":31,"key":"FearPotion"},{"floor":33,"key":"SteroidPotion"},{"floor":35,"key":"LiquidBronze"},{"floor":37,"key":"SkillPotion"},{"floor":44,"key":"EssenceOfSteel"},{"floor":46,"key":"Poison Potion"}],"is_trial":false,"path_per_floor":["M","M","?","M","M","R","$","R","T","M","E","M","?","?","R","B",null,"M","$","M","?","?","R","$","R","T","R","?","M","E","M","R","B",null,"M","M","M","M","$","R","M","R","T","E","$","M","$","?","R","B",null],"character_chosen":"THE_SILENT","items_purchased":["Caltrops","Noxious Fumes","Catalyst","Bottled Lightning","Energy Potion","GamblersBrew","Fruit Juice","Dexterity Potion"],"campfire_rested":5,"item_purchase_floors":[7,19,24,39,39,39,45,45],"current_hp_per_floor":[69,68,68,66,64,64,64,64,64,60,36,34,34,34,55,19,70,70,70,50,50,49,49,49,49,59,59,51,49,36,32,56,47,80,50,36,31,17,17,41,11,35,35,35,40,27,27,27,52,29],"gold":32,"neow_bonus":"REMOVE_CARD","is_prod":false,"is_daily":false,"chose_seed":false,"campfire_upgraded":5,"win_rate":0,"timestamp":1542054433,"path_taken":["M","M","?","?","M","R","$","R","T","M","E","M","?","?","R","BOSS","M","$","M","?","?","R","$","R","T","R","?","M","E","?","R","BOSS","M","M","M","M","$","R","M","R","T","E","$","?","?","?","R","BOSS"],"build_version":"2018-11-08","purchased_purges":2,"victory":true,"max_hp_per_floor":[70,70,70,70,70,70,70,70,70,70,70,70,70,70,70,70,70,70,70,70,70,70,70,70,70,80,80,80,80,80,80,80,80,80,80,80,80,80,80,80,80,80,80,80,85,85,85,85,85,85],"card_choices":[{"not_picked":["Escape Plan","Slice","Expertise"],"picked":"SKIP","floor":1},{"not_picked":["Heel Hook","Tactician"],"picked":"Dash","floor":2},{"not_picked":["Deadly Poison","Calculated Gamble"],"picked":"Backflip","floor":4},{"not_picked":["Bane","Quick Slash"],"picked":"Blade Dance","floor":5},{"not_picked":["Poisoned Stab","Backflip"],"picked":"Footwork","floor":10},{"not_picked":["PiercingWail","Malaise"],"picked":"Backflip","floor":11},{"not_picked":["Expertise","Catalyst","Calculated Gamble"],"picked":"SKIP","floor":12},{"not_picked":["Adrenaline","Malaise"],"picked":"Night Terror","floor":16},{"not_picked":["Slice"],"picked":"SKIP","floor":18},{"not_picked":[],"picked":"Deadly Poison","floor":20},{"not_picked":["Blade Dance"],"picked":"SKIP","floor":29},{"not_picked":["Blade Dance"],"picked":"SKIP","floor":29},{"not_picked":["Sucker Punch+1"],"picked":"SKIP","floor":30},{"not_picked":[],"picked":"Leg Sweep+1","floor":31},{"not_picked":[],"picked":"Infinite Blades+1","floor":35},{"not_picked":["Sucker Punch"],"picked":"SKIP","floor":36},{"not_picked":["Skewer+1"],"picked":"SKIP","floor":37},{"not_picked":[],"picked":"Dodge and Roll+1","floor":38},{"not_picked":["Flying Knee+1"],"picked":"SKIP","floor":41},{"not_picked":["Slice+1"],"picked":"SKIP","floor":44},{"not_picked":["Choke","Reflex+1"],"picked":"SKIP","floor":46}],"player_experience":174135,"relics_obtained":[{"floor":9,"key":"Potion Belt"},{"floor":11,"key":"Whetstone"},{"floor":14,"key":"Odd Mushroom"},{"floor":26,"key":"Pear"},{"floor":30,"key":"Bag of Marbles"},{"floor":43,"key":"Bottled Flame"},{"floor":44,"key":"Question Card"}],"event_choices":[{"damage_healed":0,"gold_gain":0,"cards_transformed":["Defend_G"],"player_choice":"Transformed","damage_taken":0,"max_hp_gain":0,"max_hp_loss":0,"event_name":"Transmorgrifier","floor":3,"gold_loss":0,"cards_obtained":["Accuracy"]},{"damage_healed":0,"gold_gain":76,"player_choice":"Gained Gold","damage_taken":0,"max_hp_gain":0,"max_hp_loss":0,"event_name":"Golden Wing","floor":13,"gold_loss":0},{"damage_healed":0,"gold_gain":0,"player_choice":"Fought Mushrooms","damage_taken":0,"max_hp_gain":0,"max_hp_loss":0,"event_name":"Mushrooms","floor":14,"gold_loss":0},{"cards_removed":["Strike_G"],"damage_healed":0,"gold_gain":0,"player_choice":"Elegance","damage_taken":0,"max_hp_gain":0,"max_hp_loss":0,"event_name":"Back to Basics","floor":21,"gold_loss":0},{"damage_healed":0,"gold_gain":0,"player_choice":"Fight","damage_taken":0,"max_hp_gain":0,"max_hp_loss":0,"event_name":"Colosseum","floor":22,"gold_loss":0},{"damage_healed":0,"gold_gain":0,"player_choice":"Fled From Nobs","damage_taken":0,"max_hp_gain":0,"max_hp_loss":0,"event_name":"Colosseum","floor":22,"gold_loss":0},{"damage_healed":0,"gold_gain":0,"player_choice":"","damage_taken":8,"max_hp_gain":0,"max_hp_loss":0,"event_name":"Knowing Skull","floor":28,"potions_obtained":[],"gold_loss":0,"cards_obtained":[]},{"cards_removed":["Strike_G"],"damage_healed":0,"gold_gain":0,"player_choice":"Removed Attack","damage_taken":0,"max_hp_gain":0,"max_hp_loss":0,"event_name":"Falling","floor":48,"gold_loss":0}],"is_beta":false,"boss_relics":[{"not_picked":["HoveringKite","Ring of the Serpent"],"picked":"Busted Crown"},{"not_picked":["Pandora\u0027s Box","Eternal Feather"],"picked":"Empty Cage"}],"items_purged_floors":[7,19],"is_endless":false,"potions_floor_spawned":[1,11,14,18,22,31,33,35,37,44,46],"ascension_level":0}