{"gold_per_floor":[117,117,133,133,133,163,19,19,19,19,31,57,73,88,88,183,183,203,214,214,18,18,18,18,31,54,66,1,1],"floor_reached":29,"playtime":2252,"items_purged":[],"score":271,"play_id":"324520e4-5a58-431e-9e3f-15a56bc95832","local_time":"20190430065614","is_ascension_mode":false,"campfire_choices":[{"floor":8,"key":"REST"},{"floor":10,"key":"REST"},{"data":"Noxious Fumes","floor":15,"key":"SMITH"},{"data":"Envenom","floor":23,"key":"SMITH"}],"neow_cost":"NONE","seed_source_timestamp":4986457214144,"circlet_count":0,"master_deck":["Defend_G+1","Defend_G","Defend_G","Defend_G","Defend_G","Survivor","Neutralize+1","Masterful Stab","Backflip+1","Dagger Spray","Outmaneuver","PiercingWail","Dagger Spray","Noxious Fumes+1","Envenom+1","Caltrops","Bane","Blade Dance","Catalyst","Swift Strike","Bite","Bite","Bite","Bite","Bite","Slice","Necronomicurse","Bouncing Flask"],"relics":["Ring of the Snake","NeowsBlessing","Vajra","Sundial","War Paint","Gremlin Horn","Odd Mushroom","WristBlade","MawBank","Necronomicon"],"potions_floor_usage":[],"damage_taken":[{"damage":0,"enemies":"2 Louse","floor":1,"turns":1},{"damage":0,"enemies":"Small Slimes","floor":3,"turns":1},{"damage":0,"enemies":"Gremlin Nob","floor":6,"turns":1},{"damage":0,"enemies":"Cultist","floor":11,"turns":3},{"damage":5,"enemies":"The Mushroom Lair","floor":12,"turns":3},{"damage":0,"enemies":"Large Slime","floor":13,"turns":6},{"damage":0,"enemies":"3 Louse","floor":14,"turns":2},{"damage":25,"enemies":"Hexaghost","floor":16,"turns":10},{"damage":4,"enemies":"Shell Parasite","floor":18,"turns":5},{"damage":19,"enemies":"Spheric Guardian","floor":19,"turns":6},{"damage":18,"enemies":"3 Cultists","floor":25,"turns":6},{"damage":28,"enemies":"Slavers","floor":29,"turns":1}],"seed_played":"-3255394323639282628","potions_obtained":[{"floor":6,"key":"Weak Potion"},{"floor":13,"key":"Strength Potion"},{"floor":16,"key":"Regen Potion"},{"floor":18,"key":"Block Potion"},{"floor":19,"key":"GhostInAJar"},{"floor":20,"key":"Ancient Potion"}],"is_trial":false,"path_per_floor":["M","?","M","?","?","E","$","R","T","R","M","?","M","M","R","B",null,"M","M","?","$","?","R","?","M","T","?","$","E"],"character_chosen":"THE_SILENT","items_purchased":["War Paint","Blade Dance","Catalyst","Swift Strike","Bouncing Flask"],"campfire_rested":2,"item_purchase_floors":[7,21,21,21,28],"current_hp_per_floor":[70,56,56,38,31,31,31,52,52,70,70,65,65,65,65,40,70,66,47,47,47,47,47,47,37,37,21,21,0],"gold":1,"neow_bonus":"THREE_ENEMY_KILL","is_prod":false,"is_daily":false,"chose_seed":false,"campfire_upgraded":2,"win_rate":0.0,"timestamp":1556621774,"path_taken":["M","?","M","?","?","E","$","R","T","R","M","?","M","M","R","BOSS","M","M","?","?","?","R","?","M","T","?","?","E"],"build_version":"2019-01-23","purchased_purges":0,"victory":false,"max_hp_per_floor":[70,70,70,70,70,70,70,70,70,70,70,70,70,70,70,70,70,70,70,70,70,70,70,49,49,49,49,49,49],"card_choices":[{"not_picked":["Flying Knee","Prepared"],"picked":"Masterful Stab","floor":1},{"not_picked":["Expertise","Deflect"],"picked":"Backflip","floor":3},{"not_picked":["Deflect","Caltrops"],"picked":"Dagger Spray","floor":6},{"not_picked":["Escape Plan","Flying Knee"],"picked":"Outmaneuver","floor":11},{"not_picked":["Blade Dance","Deflect"],"picked":"PiercingWail","floor":12},{"not_picked":["Dagger Throw","Blade Dance"],"picked":"Dagger Spray","floor":13},{"not_picked":["Dash","Backflip"],"picked":"Noxious Fumes","floor":14},{"not_picked":["Unload","Corpse Explosion"],"picked":"Envenom","floor":16},{"not_picked":["Dodge and Roll","Deadly Poison"],"picked":"Caltrops","floor":18},{"not_picked":["Flying Knee+1","Endless Agony+1"],"picked":"Bane","floor":19},{"not_picked":["Eviscerate","Bane"],"picked":"Slice","floor":25}],"player_experience":8898,"relics_obtained":[{"floor":6,"key":"Sundial"},{"floor":9,"key":"Gremlin Horn"},{"floor":12,"key":"Odd Mushroom"},{"floor":26,"key":"MawBank"},{"floor":27,"key":"Necronomicon"}],"event_choices":[{"damage_healed":0,"gold_gain":0,"player_choice":"Entered Light","damage_taken":14,"max_hp_gain":0,"max_hp_loss":0,"event_name":"Shining Light","floor":2,"gold_loss":0,"cards_upgraded":["Neutralize","Strike_G"]},{"damage_healed":0,"gold_gain":0,"player_choice":"Success","damage_taken":18,"relics_obtained":["Vajra"],"max_hp_gain":0,"max_hp_loss":0,"event_name":"Scrap Ooze","floor":4,"gold_loss":0},{"cards_removed":["Strike_G"],"damage_healed":0,"gold_gain":0,"player_choice":"Card Removal","damage_taken":7,"max_hp_gain":0,"max_hp_loss":0,"event_name":"Golden Wing","floor":5,"gold_loss":0},{"damage_healed":0,"gold_gain":0,"player_choice":"Fought Mushrooms","damage_taken":0,"max_hp_gain":0,"max_hp_loss":0,"event_name":"Mushrooms","floor":12,"gold_loss":0},{"damage_healed":0,"gold_gain":0,"player_choice":"Got Potions","damage_taken":0,"max_hp_gain":0,"max_hp_loss":0,"event_name":"Lab","floor":20,"gold_loss":0},{"damage_healed":0,"gold_gain":0,"player_choice":"Ignored","damage_taken":0,"max_hp_gain":0,"max_hp_loss":0,"event_name":"Beggar","floor":22,"gold_loss":0},{"damage_healed":0,"gold_gain":0,"player_choice":"Became a vampire","damage_taken":0,"max_hp_gain":0,"max_hp_loss":21,"event_name":"Vampires","floor":24,"gold_loss":0,"cards_obtained":["Bite","Bite","Bite","Bite","Bite"]},{"damage_healed":0,"gold_gain":0,"player_choice":"Obtained Book","damage_taken":16,"max_hp_gain":0,"max_hp_loss":0,"event_name":"Cursed Tome","floor":27,"gold_loss":0}],"is_beta":false,"boss_relics":[{"not_picked":["Cursed Key","Sozu"],"picked":"WristBlade"}],"items_purged_floors":[],"is_endless":false,"potions_floor_spawned":[6,13,16,18,19],"killed_by":"Slavers","ascension_level":0}