{"gold_per_floor":[114,126,144,156,172,172,19,19,69,69,99,99,112,58,58,58],"floor_reached":16,"playtime":662,"items_purged":["Strike_B"],"score":102,"play_id":"35967637-915f-4834-80fa-73b813d09fd0","local_time":"20181208204607","is_ascension_mode":false,"campfire_choices":[{"data":"Reinforced Body","floor":6,"key":"SMITH"},{"data":"Go for the Eyes","floor":10,"key":"SMITH"},{"data":"Genetic Algorithm","floor":12,"key":"SMITH"},{"data":"Defragment","floor":15,"key":"SMITH"}],"neow_cost":"NONE","seed_source_timestamp":36444281873945,"circlet_count":0,"master_deck":["Strike_B","Strike_B","Strike_B","Defend_B","Defend_B","Defend_B","Defend_B","Zap","Dualcast","Reprogram","Gash","Go for the Eyes+1","Reinforced Body+1","Genetic Algorithm+1","Glacier","Defragment+1"],"relics":["Cracked Core","The Courier","Vajra","Art of War"],"potions_floor_usage":[11,16,16],"damage_taken":[{"damage":1,"enemies":"Cultist","floor":1,"turns":4},{"damage":0,"enemies":"2 Louse","floor":2,"turns":4},{"damage":5,"enemies":"Jaw Worm","floor":3,"turns":4},{"damage":22,"enemies":"Large Slime","floor":4,"turns":6},{"damage":6,"enemies":"Blue Slaver","floor":5,"turns":3},{"damage":4,"enemies":"Lagavulin","floor":11,"turns":7},{"damage":13,"enemies":"Exordium Thugs","floor":13,"turns":5},{"damage":48,"enemies":"Slime Boss","floor":16,"turns":6}],"seed_played":"9181384574805689628","potions_obtained":[{"floor":3,"key":"PowerPotion"},{"floor":5,"key":"PowerPotion"}],"is_trial":false,"path_per_floor":["M","M","M","M","M","R","$","?","T","R","E","R","M","$","R","B"],"character_chosen":"DEFECT","items_purchased":["Regen Potion","Defragment"],"campfire_rested":0,"item_purchase_floors":[7,14],"current_hp_per_floor":[81,81,76,54,48,48,48,48,48,48,59,59,46,46,46,0],"gold":58,"neow_bonus":"TEN_PERCENT_HP_BONUS","is_prod":false,"is_daily":false,"chose_seed":false,"campfire_upgraded":4,"win_rate":0,"timestamp":1544291167,"path_taken":["M","M","?","M","?","R","$","?","T","R","E","R","?","?","R","BOSS"],"build_version":"2018-12-06","purchased_purges":1,"victory":false,"max_hp_per_floor":[82,82,82,82,82,82,82,82,82,82,82,82,82,82,82,82],"card_choices":[{"not_picked":["Rebound","Chaos"],"picked":"Reprogram","floor":1},{"not_picked":["Compile Driver","BootSequence"],"picked":"Gash","floor":2},{"not_picked":["Stack","Recycle"],"picked":"Go for the Eyes","floor":3},{"not_picked":["Ball Lightning","Beam Cell"],"picked":"Reinforced Body","floor":4},{"not_picked":["Meteor Strike","Barrage","Sunder"],"picked":"SKIP","floor":5},{"not_picked":["Streamline","Gash"],"picked":"Genetic Algorithm","floor":11},{"not_picked":["Streamline","Beam Cell"],"picked":"Glacier","floor":13}],"player_experience":284231,"relics_obtained":[{"floor":8,"key":"The Courier"},{"floor":9,"key":"Vajra"},{"floor":11,"key":"Art of War"}],"event_choices":[{"damage_healed":0,"gold_gain":0,"player_choice":"Relic","damage_taken":0,"max_hp_gain":0,"max_hp_loss":0,"event_name":"Wheel of Change","floor":8,"gold_loss":0}],"is_beta":false,"boss_relics":[],"items_purged_floors":[7],"is_endless":false,"potions_floor_spawned":[3,5],"killed_by":"Slime Boss","ascension_level":0}