{"gold_per_floor":[113,125,225,238,248,248,20,52,131,163,163,163,163,163,163,287,287,308,223,258,284,296,308,333,345,357,369,381,393,420,448,460,603,615,645,179,193,143,162,162,201,201,201,239,260,280,280,296,296,296],"floor_reached":50,"playtime":3429,"items_purged":["Strike_R","Strike_R","Strike_R"],"score":687,"play_id":"4f1426b6-1eb6-4a9f-844c-18fcf0902e25","local_time":"20181019235235","is_ascension_mode":false,"campfire_choices":[{"data":"Entrench","floor":6,"key":"SMITH"},{"data":"Immolate","floor":11,"key":"SMITH"},{"data":"Body Slam","floor":13,"key":"SMITH"},{"data":"Bash","floor":15,"key":"SMITH"},{"data":"Barricade","floor":23,"key":"SMITH"},{"floor":27,"key":"REST"},{"data":"Power Through","floor":29,"key":"SMITH"},{"data":"Body Slam","floor":32,"key":"SMITH"},{"data":"Metallicize","floor":40,"key":"SMITH"},{"data":"Battle Trance","floor":42,"key":"SMITH"},{"data":"Defend_R","floor":49,"key":"SMITH"}],"neow_cost":"NONE","seed_source_timestamp":13461923718557,"circlet_count":0,"master_deck":["Strike_R","Defend_R","Defend_R","Defend_R","Defend_R+1","Bash+1","Entrench+1","Havoc","Immolate+1","Body Slam+1","Power Through+1","Battle Trance+1","Barricade+1","Thunderclap+1","Body Slam+1","True Grit+1","Purity","Metallicize+1","Dropkick+1","Parasite"],"relics":["Burning Blood","Juzu Bracelet","Calipers","Blue Candle","Smiling Mask","Golden Idol","Busted Crown","MawBank","Ornamental Fan","Darkstone Periapt","Sozu","Singing Bowl","Boot","Toxic Egg 2","Mummified Hand"],"potions_floor_usage":[21],"damage_taken":[{"damage":3,"enemies":"Cultist","floor":1,"turns":5},{"damage":6,"enemies":"Small Slimes","floor":2,"turns":4},{"damage":5,"enemies":"Jaw Worm","floor":4,"turns":4},{"damage":10,"enemies":"Looter","floor":5,"turns":2},{"damage":13,"enemies":"3 Sentries","floor":8,"turns":4},{"damage":24,"enemies":"Gremlin Nob","floor":10,"turns":5},{"damage":51,"enemies":"The Guardian","floor":16,"turns":12},{"damage":0,"enemies":"Spheric Guardian","floor":18,"turns":2},{"damage":20,"enemies":"3 Byrds","floor":20,"turns":5},{"damage":17,"enemies":"Centurion and Healer","floor":21,"turns":6},{"damage":51,"enemies":"Cultist and Chosen","floor":24,"turns":11},{"damage":6,"enemies":"Snake Plant","floor":30,"turns":4},{"damage":0,"enemies":"Snecko","floor":31,"turns":6},{"damage":0,"enemies":"Automaton","floor":33,"turns":13},{"damage":5,"enemies":"Orb Walker","floor":35,"turns":3},{"damage":37,"enemies":"3 Darklings","floor":37,"turns":5},{"damage":0,"enemies":"Spire Growth","floor":39,"turns":3},{"damage":0,"enemies":"Giant Head","floor":41,"turns":4},{"damage":0,"enemies":"Nemesis","floor":44,"turns":12},{"damage":0,"enemies":"Jaw Worm Horde","floor":45,"turns":3},{"damage":0,"enemies":"Transient","floor":46,"turns":5},{"damage":0,"enemies":"Writhing Mass","floor":48,"turns":3},{"damage":102,"enemies":"Awakened One","floor":50,"turns":19}],"seed_played":"2561270303770486057","potions_obtained":[{"floor":5,"key":"Weak Potion"},{"floor":10,"key":"SpeedPotion"},{"floor":18,"key":"BloodPotion"},{"floor":21,"key":"Energy Potion"},{"floor":31,"key":"Energy Potion"}],"is_trial":false,"path_per_floor":["M","M","?","M","M","R","$","E","T","E","R","?","R","?","R","B",null,"M","?","M","M","?","R","M","?","T","R","T","R","M","M","R","B",null,"M","$","M","$","M","R","E","R","T","E","M","M","?","M","R"],"character_chosen":"IRONCLAD","items_purchased":["Juzu Bracelet","Singing Bowl","Purity","Metallicize"],"campfire_rested":1,"item_purchase_floors":[7,36,36,36],"current_hp_per_floor":[80,80,80,80,76,76,76,69,69,51,51,51,51,77,77,32,80,80,80,66,63,80,80,35,35,35,59,59,59,59,65,65,71,80,80,80,51,51,59,59,67,67,67,73,81,89,91,100,100,0],"gold":296,"neow_bonus":"TRANSFORM_CARD","is_prod":false,"is_daily":false,"chose_seed":false,"campfire_upgraded":10,"win_rate":0,"timestamp":1539982355,"path_taken":["M","?","?","M","M","R","$","E","T","E","R","?","R","?","R","BOSS","M","?","M","M","?","R","M","?","T","R","?","R","M","M","R","BOSS","M","$","M","$","M","R","E","R","T","E","M","M","?","M","R","BOSS"],"build_version":"2018-10-18","purchased_purges":3,"victory":false,"max_hp_per_floor":[80,80,80,80,80,80,80,80,80,80,80,80,80,80,80,80,80,80,80,80,80,80,80,80,80,80,80,80,80,80,80,80,80,80,80,80,82,82,84,84,86,86,86,86,88,90,92,100,100,100],"card_choices":[{"not_picked":["Thunderclap","Wild Strike"],"picked":"Havoc","floor":1},{"not_picked":["Disarm","Thunderclap","Reckless Charge"],"picked":"SKIP","floor":2},{"not_picked":["Battle Trance","Clash"],"picked":"Immolate","floor":4},{"not_picked":["Shrug It Off","Heavy Blade"],"picked":"Body Slam","floor":5},{"not_picked":["Wild Strike","Fire Breathing"],"picked":"Power Through","floor":8},{"not_picked":["Body Slam","Heavy Blade"],"picked":"Battle Trance","floor":10},{"not_picked":["Fiend Fire","Exhume"],"picked":"Barricade","floor":16},{"not_picked":["Dropkick"],"picked":"SKIP","floor":18},{"not_picked":[],"picked":"Thunderclap+1","floor":20},{"not_picked":["Iron Wave"],"picked":"SKIP","floor":21},{"not_picked":["Warcry"],"picked":"SKIP","floor":24},{"not_picked":[],"picked":"Body Slam","floor":30},{"not_picked":["Anger"],"picked":"SKIP","floor":31},{"not_picked":[],"picked":"True Grit+1","floor":35},{"not_picked":["Heavy Blade+1"],"picked":"Singing Bowl","floor":37},{"not_picked":["Perfected Strike"],"picked":"Singing Bowl","floor":39},{"not_picked":["True Grit"],"picked":"Singing Bowl","floor":41},{"not_picked":[],"picked":"Dropkick+1","floor":44},{"not_picked":["Thunderclap+1"],"picked":"Singing Bowl","floor":45},{"not_picked":["Cleave+1"],"picked":"Singing Bowl","floor":46},{"not_picked":["Swift Strike"],"picked":"Singing Bowl","floor":47},{"not_picked":["Perfected Strike+1"],"picked":"Singing Bowl","floor":48}],"player_experience":83215,"relics_obtained":[{"floor":8,"key":"Calipers"},{"floor":9,"key":"Blue Candle"},{"floor":10,"key":"Smiling Mask"},{"floor":26,"key":"Ornamental Fan"},{"floor":28,"key":"Darkstone Periapt"},{"floor":41,"key":"Boot"},{"floor":43,"key":"Toxic Egg 2"},{"floor":44,"key":"Mummified Hand"}],"event_choices":[{"damage_healed":0,"gold_gain":100,"player_choice":"Gold","damage_taken":0,"max_hp_gain":0,"max_hp_loss":0,"event_name":"Wheel of Change","floor":3,"gold_loss":0},{"damage_healed":0,"gold_gain":0,"player_choice":"Take Wound","damage_taken":0,"relics_obtained":["Golden Idol"],"max_hp_gain":0,"max_hp_loss":0,"event_name":"Golden Idol","floor":12,"gold_loss":0,"cards_obtained":["Injury"]},{"damage_healed":26,"gold_gain":0,"player_choice":"Banana","damage_taken":0,"max_hp_gain":0,"max_hp_loss":0,"event_name":"Big Fish","floor":14,"gold_loss":0},{"damage_healed":0,"gold_gain":0,"player_choice":"Obtained Relic","damage_taken":0,"relics_obtained":["MawBank"],"max_hp_gain":0,"max_hp_loss":0,"event_name":"Addict","floor":19,"gold_loss":85},{"damage_healed":17,"gold_gain":0,"player_choice":"Full Heal","damage_taken":0,"max_hp_gain":0,"max_hp_loss":0,"event_name":"Wheel of Change","floor":22,"gold_loss":0},{"cards_removed":["Injury"],"damage_healed":0,"gold_gain":0,"player_choice":"Removed Curses","damage_taken":0,"max_hp_gain":0,"max_hp_loss":0,"event_name":"Fountain of Cleansing","floor":25,"gold_loss":0},{"damage_healed":0,"gold_gain":0,"player_choice":"Memory 1","damage_taken":0,"max_hp_gain":0,"max_hp_loss":0,"event_name":"SensoryStone","floor":47,"gold_loss":0}],"is_beta":false,"boss_relics":[{"not_picked":["Runic Pyramid","Ectoplasm"],"picked":"Busted Crown"},{"not_picked":["Fusion Hammer","Philosopher\u0027s Stone"],"picked":"Sozu"}],"items_purged_floors":[7,36,38],"is_endless":false,"potions_floor_spawned":[5,10,18,21,31,37,39,44,45],"killed_by":"Awakened One","ascension_level":0}