{"gold_per_floor":[114,114,114,124,135,135,150,150,150,150,167,182,194,42,42,142,142,161,161,173,206,35,35,35,55,135,146,146,158,192,117,117,217,217,237,247,247,45,45,45,62,79,102,115,143,157,257,272,272,272,272,272,22,56,56],"floor_reached":55,"playtime":4543,"items_purged":["Strike_B","Defend_B","Defend_B"],"score":768,"play_id":"cee086c7-d008-4525-baff-74fb82ec8073","local_time":"20181204235814","is_ascension_mode":false,"campfire_choices":[{"floor":6.0,"key":"DIG"},{"floor":10.0,"key":"DIG"},{"floor":15.0,"key":"REST"},{"data":"Reboot","floor":23.0,"key":"SMITH"},{"data":"Consume","floor":28.0,"key":"SMITH"},{"floor":32.0,"key":"REST"},{"floor":40.0,"key":"RECALL"},{"floor":49.0,"key":"DIG"},{"floor":52.0,"key":"DIG"}],"neow_cost":"NONE","seed_source_timestamp":13631342338429,"circlet_count":0,"master_deck":["Defend_B","Zap","Skim","Leap","Sunder","Buffer","Consume+1","Electrodynamics","Turbo","Hologram","Tempest","Reboot+1","Leap+1","Double Energy+1","Consume","Sunder+1","Echo Form","White Noise","Skim","Auto Shields+1","Double Energy","Leap+1"],"special_seed":0,"relics":["Snecko Eye","Shovel","Mango","FossilizedHelix","Pantograph","Inserter","Red Mask","Bottled Flame","Potion Belt","Fusion Hammer","Happy Flower","Omamori","Ice Cream","Boot","Shuriken","Runic Capacitor","Bronze Scales"],"potions_floor_usage":[55,55,55,55,55],"damage_taken":[{"damage":10.0,"enemies":"Jaw Worm","floor":1.0,"turns":5.0},{"damage":0.0,"enemies":"2 Louse","floor":4.0,"turns":3.0},{"damage":0.0,"enemies":"Cultist","floor":5.0,"turns":5.0},{"damage":6.0,"enemies":"2 Fungi Beasts","floor":7.0,"turns":4.0},{"damage":41.0,"enemies":"Exordium Wildlife","floor":11.0,"turns":9.0},{"damage":4.0,"enemies":"Red Slaver","floor":12.0,"turns":6.0},{"damage":0.0,"enemies":"Large Slime","floor":13.0,"turns":3.0},{"damage":0.0,"enemies":"Slime Boss","floor":16.0,"turns":7.0},{"damage":6.0,"enemies":"Shell Parasite","floor":18.0,"turns":5.0},{"damage":0.0,"enemies":"Chosen","floor":20.0,"turns":5.0},{"damage":0.0,"enemies":"Masked Bandits","floor":21.0,"turns":3.0},{"damage":20.0,"enemies":"Snake Plant","floor":25.0,"turns":4.0},{"damage":0.0,"enemies":"Snecko","floor":27.0,"turns":5.0},{"damage":0.0,"enemies":"Centurion and Healer","floor":29.0,"turns":2.0},{"damage":21.0,"enemies":"Book of Stabbing","floor":30.0,"turns":6.0},{"damage":58.0,"enemies":"Champ","floor":33.0,"turns":11.0},{"damage":2.0,"enemies":"Orb Walker","floor":35.0,"turns":3.0},{"damage":0.0,"enemies":"3 Darklings","floor":36.0,"turns":3.0},{"damage":24.0,"enemies":"Jaw Worm Horde","floor":41.0,"turns":3.0},{"damage":0.0,"enemies":"Maw","floor":42.0,"turns":4.0},{"damage":0.0,"enemies":"4 Shapes","floor":44.0,"turns":2.0},{"damage":0.0,"enemies":"Giant Head","floor":45.0,"turns":7.0},{"damage":5.0,"enemies":"3 Darklings","floor":46.0,"turns":2.0},{"damage":19.0,"enemies":"Mind Bloom Boss Battle","floor":47.0,"turns":5.0},{"damage":0.0,"enemies":"Spire Growth","floor":48.0,"turns":4.0},{"damage":75.0,"enemies":"Awakened One","floor":50.0,"turns":10.0},{"damage":20.0,"enemies":"Shield and Spear","floor":54.0,"turns":4.0},{"damage":89,"enemies":"The Heart","floor":55,"turns":3}],"seed_played":"2174289082647227486","potions_obtained":[{"floor":1.0,"key":"SkillPotion"},{"floor":12.0,"key":"SteroidPotion"},{"floor":13.0,"key":"Poison Potion"},{"floor":18.0,"key":"SpeedPotion"},{"floor":25.0,"key":"SteroidPotion"},{"floor":27.0,"key":"Ancient Potion"},{"floor":42.0,"key":"Weak Potion"},{"floor":45.0,"key":"Energy Potion"},{"floor":46.0,"key":"FocusPotion"},{"floor":48.0,"key":"Explosive Potion"},{"floor":54.0,"key":"SteroidPotion"}],"is_trial":false,"path_per_floor":["M","?","?","M","M","R","M","?","T","R","M","M","M","$","R","B",null,"M","?","M","?","$","R","$","M","T","M","R","M","E","?","R","B",null,"M","M","?","$","?","R","M","M","T","M","E","M","?","M","R","B",null,"R","$","E","B"],"character_chosen":"DEFECT","items_purchased":["Consume","Reboot","White Noise","Runic Capacitor","Dexterity Potion"],"campfire_rested":2,"item_purchase_floors":[14,22,38,53,53],"current_hp_per_floor":[65,65,53,53,53,67,61,54,54,54,13,9,9,9,35,60,89,83,83,83,83,83,83,83,63,63,63,63,63,42,42,68,31,89,87,87,87,87,87,87,63,63,63,63,63,58,64,64,64,14,89,89,89,69,0],"gold":56,"neow_bonus":"BOSS_RELIC","is_prod":false,"is_daily":false,"chose_seed":false,"campfire_upgraded":2,"win_rate":0,"timestamp":1543957094,"path_taken":["M","?","?","M","M","R","M","?","T","R","M","M","?","$","R","BOSS","M","?","?","?","$","R","?","?","T","M","R","M","E","?","R","BOSS","M","M","?","$","?","R","M","M","T","?","E","M","?","M","R","BOSS","R","$","E","BOSS"],"build_version":"2018-11-15","purchased_purges":3,"victory":false,"max_hp_per_floor":[75,75,75,75,75,89,89,89,89,89,89,89,89,89,89,89,89,89,89,89,89,89,89,89,89,89,89,89,89,89,89,89,89,89,89,89,89,89,89,89,89,89,89,89,89,89,89,89,89,89,89,89,89,89,89],"card_choices":[{"not_picked":["Scrape","Steam Power","Go for the Eyes"],"picked":"SKIP","floor":1.0},{"not_picked":["Go for the Eyes","Rebound"],"picked":"Skim","floor":4.0},{"not_picked":["Streamline","Rebound","Compile Driver"],"picked":"SKIP","floor":5.0},{"not_picked":["Barrage","Cold Snap","Compile Driver"],"picked":"SKIP","floor":7.0},{"not_picked":["Steam","Stack"],"picked":"Leap","floor":11.0},{"not_picked":["Conserve Battery","Compile Driver"],"picked":"Sunder","floor":12.0},{"not_picked":["Hologram","Compile Driver"],"picked":"Buffer","floor":13.0},{"not_picked":["Seek","Multi-Cast"],"picked":"Electrodynamics","floor":16.0},{"not_picked":["Rebound","Chaos"],"picked":"Turbo","floor":18.0},{"not_picked":["Leap","Consume"],"picked":"Hologram","floor":20.0},{"not_picked":["Barrage+1","Redo"],"picked":"Tempest","floor":21.0},{"not_picked":["Streamline","Blizzard"],"picked":"Leap+1","floor":25.0},{"not_picked":["Consume","Sunder"],"picked":"Double Energy+1","floor":27.0},{"not_picked":["Stack","Coolheaded"],"picked":"Consume","floor":29.0},{"not_picked":["Coolheaded","Undo"],"picked":"Sunder+1","floor":30.0},{"not_picked":["Machine Learning","Buffer"],"picked":"Echo Form","floor":33.0},{"not_picked":["Go for the Eyes","Cold Snap+1","Gash+1"],"picked":"SKIP","floor":35.0},{"not_picked":["Redo","Hologram","Go for the Eyes+1"],"picked":"SKIP","floor":36.0},{"not_picked":["Conserve Battery","Redo+1","Hologram"],"picked":"SKIP","floor":41.0},{"not_picked":["Capacitor","Conserve Battery"],"picked":"Skim","floor":42.0},{"not_picked":["Barrage+1","Turbo","Compile Driver+1"],"picked":"SKIP","floor":44.0},{"not_picked":["Turbo+1","BootSequence+1"],"picked":"Auto Shields+1","floor":45.0},{"not_picked":["Reboot","Stack+1"],"picked":"Double Energy","floor":46.0},{"not_picked":["Coolheaded+1","Hologram","Beam Cell+1"],"picked":"SKIP","floor":48.0},{"not_picked":["Steam","Undo"],"picked":"Leap+1","floor":54.0}],"player_experience":260347,"relics_obtained":[{"floor":6.0,"key":"Mango"},{"floor":9.0,"key":"FossilizedHelix"},{"floor":10.0,"key":"Pantograph"},{"floor":21.0,"key":"Red Mask"},{"floor":26.0,"key":"Bottled Flame"},{"floor":30.0,"key":"Potion Belt"},{"floor":45.0,"key":"Omamori"},{"floor":47.0,"key":"Ice Cream"},{"floor":49.0,"key":"Boot"},{"floor":52.0,"key":"Shuriken"},{"floor":54.0,"key":"Bronze Scales"}],"event_choices":[{"cards_removed":["Strike_B"],"damage_healed":0.0,"max_hp_gain":0.0,"max_hp_loss":0.0,"gold_gain":0.0,"event_name":"Living Wall","player_choice":"Forget","floor":2.0,"gold_loss":0.0,"damage_taken":0.0},{"damage_healed":0.0,"max_hp_gain":0.0,"max_hp_loss":0.0,"gold_gain":0.0,"event_name":"Scrap Ooze","player_choice":"Success","floor":3.0,"gold_loss":0.0,"damage_taken":12.0,"relics_obtained":["Shovel"]},{"cards_removed":["Strike_B"],"damage_healed":0.0,"max_hp_gain":0.0,"max_hp_loss":0.0,"gold_gain":0.0,"event_name":"Golden Wing","player_choice":"Card Removal","floor":8.0,"gold_loss":0.0,"damage_taken":7.0},{"cards_removed":["Strike_B"],"damage_healed":0.0,"max_hp_gain":0.0,"max_hp_loss":0.0,"gold_gain":0.0,"event_name":"Bonfire Elementals","player_choice":"Offered Basic","floor":19.0,"gold_loss":0.0,"damage_taken":0.0},{"damage_healed":0.0,"max_hp_gain":0.0,"max_hp_loss":0.0,"gold_gain":0.0,"event_name":"Masked Bandits","player_choice":"Fought Bandits","floor":21.0,"gold_loss":0.0,"damage_taken":0.0},{"cards_removed":["Defend_B"],"damage_healed":0.0,"max_hp_gain":0.0,"max_hp_loss":0.0,"gold_gain":0.0,"event_name":"Beggar","player_choice":"Gave Gold","floor":31.0,"gold_loss":75.0,"damage_taken":0.0},{"cards_removed":["Dualcast"],"damage_healed":0.0,"max_hp_gain":0.0,"max_hp_loss":0.0,"gold_gain":0.0,"event_name":"Falling","player_choice":"Removed Skill","floor":37.0,"gold_loss":0.0,"damage_taken":0.0},{"damage_healed":0.0,"max_hp_gain":0.0,"max_hp_loss":0.0,"gold_gain":0.0,"event_name":"WeMeetAgain","player_choice":"Gave Potion","floor":39.0,"gold_loss":0.0,"damage_taken":0.0,"relics_obtained":["Happy Flower"]},{"damage_healed":0.0,"max_hp_gain":0.0,"max_hp_loss":0.0,"gold_gain":0.0,"event_name":"MindBloom","player_choice":"Fight","floor":47.0,"gold_loss":0.0,"damage_taken":0.0}],"is_beta":false,"boss_relics":[{"not_picked":["Nuclear Battery","Sozu"],"picked":"Inserter"},{"not_picked":["Orrery","Eternal Feather"],"picked":"Fusion Hammer"}],"items_purged_floors":[14,22,38],"is_endless":false,"potions_floor_spawned":[1,12,13,18,25,27,29,42,45,46,48,54],"killed_by":"The Heart","ascension_level":0}