{"gold_per_floor":[112,112,128,145,98,133,458,458,458,458],"floor_reached":10,"playtime":378,"items_purged":["Strike_B"],"score":83,"play_id":"e2a6a9a7-b23a-41be-85e6-4e13023e4ae8","local_time":"20190127215944","is_ascension_mode":true,"campfire_choices":[{"data":"Fission","floor":8,"key":"SMITH"}],"neow_cost":"TEN_PERCENT_HP_LOSS","seed_source_timestamp":437104403418,"circlet_count":0,"master_deck":["Strike_B","Strike_B","Strike_B","Defend_B","Defend_B","Defend_B","Defend_B","Zap","Dualcast","Fission+1","Gash","Sweeping Beam","Compile Driver","Stack","Rebound","Regret"],"relics":["Cracked Core","SsserpentHead","Question Card","Singing Bowl"],"potions_floor_usage":[],"damage_taken":[{"damage":0,"enemies":"Cultist","floor":1,"turns":4},{"damage":0,"enemies":"Small Slimes","floor":3,"turns":3},{"damage":9,"enemies":"Jaw Worm","floor":4,"turns":3},{"damage":35,"enemies":"Lagavulin","floor":6,"turns":6},{"damage":44,"enemies":"Gremlin Nob","floor":10,"turns":3}],"seed_played":"211722916652441101","potions_obtained":[{"floor":1,"key":"Ancient Potion"}],"is_trial":false,"path_per_floor":["M","?","M","M","$","E","?","R","T","E"],"character_chosen":"DEFECT","items_purchased":["Stack"],"campfire_rested":0,"item_purchase_floors":[5],"current_hp_per_floor":[68,68,68,59,59,24,24,24,24,0],"gold":458,"neow_bonus":"THREE_RARE_CARDS","is_prod":false,"is_daily":false,"chose_seed":false,"campfire_upgraded":1,"win_rate":0,"timestamp":1548597584,"path_taken":["M","?","M","M","?","E","?","R","T","E"],"build_version":"2019-01-23","purchased_purges":1,"victory":false,"max_hp_per_floor":[68,68,68,68,68,68,68,68,68,68],"card_choices":[{"not_picked":["Multi-Cast","Thunder Strike"],"picked":"Fission","floor":0},{"not_picked":["Sunder","Streamline"],"picked":"Gash","floor":1},{"not_picked":["Hologram","Auto Shields"],"picked":"Sweeping Beam","floor":3},{"not_picked":["Steam","Go for the Eyes"],"picked":"Compile Driver","floor":4},{"not_picked":["Reboot","Rip and Tear"],"picked":"Rebound","floor":6}],"player_experience":205500,"relics_obtained":[{"floor":6,"key":"Question Card"},{"floor":9,"key":"Singing Bowl"}],"event_choices":[{"damage_healed":0,"gold_gain":0,"player_choice":"Trade","damage_taken":0,"relics_obtained":["SsserpentHead"],"max_hp_gain":0,"max_hp_loss":0,"event_name":"FaceTrader","floor":2,"gold_loss":0},{"damage_healed":0,"gold_gain":275,"player_choice":"Desecrate","damage_taken":0,"max_hp_gain":0,"max_hp_loss":0,"event_name":"Golden Shrine","floor":7,"gold_loss":0,"cards_obtained":["Regret"]}],"is_beta":false,"boss_relics":[],"items_purged_floors":[5],"is_endless":false,"potions_floor_spawned":[1],"killed_by":"Gremlin Nob","ascension_level":5}