{"gold_per_floor":[19,36,46,92,108,108,128,19,19,19,48,48,61,73,73,172,172,186,186,201,181,193,193,206,206,288,322,341,341,359,42,42,139,139,152,152,152,162,174,203,203,303,358,268,280,280,43,54,54,54],"floor_reached":51,"playtime":3129,"items_purged":["Strike_G"],"score":701,"play_id":"720a0168-a84d-4937-a7d1-ef532dc2b68f","local_time":"20190119142239","is_ascension_mode":false,"campfire_choices":[{"data":"Doppelganger","floor":6.0,"key":"SMITH"},{"data":"Neutralize","floor":12.0,"key":"SMITH"},{"floor":15.0,"key":"REST"},{"data":"Flechettes","floor":23,"key":"SMITH"},{"data":"Dash","floor":25,"key":"SMITH"},{"floor":29,"key":"REST"},{"floor":32,"key":"REST"},{"data":"After Image","floor":41,"key":"SMITH"},{"floor":46,"key":"REST"},{"data":"Apotheosis","floor":49,"key":"SMITH"}],"neow_cost":"NO_GOLD","seed_source_timestamp":12527827121960,"circlet_count":0,"master_deck":["Defend_G","Defend_G","Defend_G+1","Defend_G","Defend_G","Strike_G","Strike_G+1","Strike_G+1","Survivor","Neutralize+1","Doppelganger+1","Backstab","Slice","Poisoned Stab","Flechettes+1","Backstab","Poisoned Stab","Deadly Poison","Catalyst","After Image+1","PiercingWail","Dash+1","Flying Knee","Choke+1","Glass Knife+1","Footwork","Envenom","Deadly Poison+1","Dramatic Entrance+1","Cloak And Dagger+1","Flechettes+1","Apotheosis+1","Footwork"],"special_seed":0,"relics":["Ring of the Snake","Whetstone","The Specimen","PreservedInsect","Runic Pyramid","Molten Egg 2","Mercury Hourglass","Kunai","Busted Crown","Happy Flower","Prayer Wheel","Vajra"],"potions_floor_usage":[33,33,40,50,50],"damage_taken":[{"damage":2.0,"enemies":"Cultist","floor":1.0,"turns":6.0},{"damage":0.0,"enemies":"Small Slimes","floor":2.0,"turns":4.0},{"damage":0.0,"enemies":"Jaw Worm","floor":3.0,"turns":3.0},{"damage":0.0,"enemies":"Blue Slaver","floor":5.0,"turns":3.0},{"damage":3.0,"enemies":"Large Slime","floor":7.0,"turns":6.0},{"damage":25.0,"enemies":"Lagavulin","floor":11.0,"turns":6.0},{"damage":0.0,"enemies":"Red Slaver","floor":13.0,"turns":1.0},{"damage":9.0,"enemies":"Gremlin Gang","floor":14.0,"turns":2.0},{"damage":4.0,"enemies":"Hexaghost","floor":16.0,"turns":9.0},{"damage":0.0,"enemies":"3 Byrds","floor":18.0,"turns":3.0},{"damage":0,"enemies":"Chosen","floor":20,"turns":4},{"damage":17,"enemies":"Centurion and Healer","floor":22,"turns":6},{"damage":9,"enemies":"Snake Plant","floor":24,"turns":3},{"damage":13,"enemies":"Gremlin Leader","floor":27,"turns":4},{"damage":10,"enemies":"Snecko","floor":28,"turns":3},{"damage":7,"enemies":"3 Cultists","floor":30,"turns":5},{"damage":31,"enemies":"Collector","floor":33,"turns":11},{"damage":16,"enemies":"3 Darklings","floor":35,"turns":6},{"damage":7,"enemies":"3 Shapes","floor":38,"turns":3},{"damage":1,"enemies":"Maw","floor":39,"turns":5},{"damage":0,"enemies":"Nemesis","floor":40,"turns":5},{"damage":0,"enemies":"Mind Bloom Boss Battle","floor":42,"turns":5},{"damage":8,"enemies":"Sphere and 2 Shapes","floor":45,"turns":4},{"damage":0,"enemies":"Transient","floor":48,"turns":5},{"damage":18,"enemies":"Time Eater","floor":50,"turns":7}],"seed_played":"5545473640449057236","potions_obtained":[{"floor":3.0,"key":"SteroidPotion"},{"floor":5.0,"key":"GhostInAJar"},{"floor":7.0,"key":"Fire Potion"},{"floor":13.0,"key":"GamblersBrew"},{"floor":14.0,"key":"GhostInAJar"},{"floor":20,"key":"SpeedPotion"},{"floor":21,"key":"Dexterity Potion"},{"floor":33,"key":"Dexterity Potion"},{"floor":39,"key":"SkillPotion"},{"floor":40,"key":"Poison Potion"},{"floor":45,"key":"Strength Potion"}],"is_trial":false,"path_per_floor":["M","M","M","T","M","R","M","$","T","?","E","R","M","M","R","B",null,"M","?","M","?","M","R","M","R","T","E","M","R","M","$","R","B",null,"M","?","?","M","M","E","R","?","T","?","M","R","$","M","R","B",null],"character_chosen":"THE_SILENT","items_purchased":["Backstab","Kunai","Footwork","Apotheosis","Footwork"],"campfire_rested":4,"item_purchase_floors":[8,31,31,47,47],"current_hp_per_floor":[68,68,68,68,68,68,65,65,65,65,40,40,40,31,52,48,70,70,70,70,70,53,53,44,44,44,31,21,42,35,35,56,25,70,54,54,54,47,46,46,46,46,46,46,38,57,57,57,57,39],"gold":54,"neow_bonus":"THREE_RARE_CARDS","is_prod":false,"is_daily":false,"chose_seed":false,"campfire_upgraded":6,"win_rate":0,"timestamp":1547896959,"path_taken":["M","M","M","?","M","R","M","$","T","?","E","R","?","M","R","BOSS","M","?","M","?","M","R","?","R","T","E","?","R","M","$","R","BOSS","M","?","?","M","M","E","R","?","T","?","M","R","$","M","R","BOSS"],"build_version":"2019-01-17v2","purchased_purges":1,"victory":true,"max_hp_per_floor":[70,70,70,70,70,70,70,70,70,70,70,70,70,70,70,70,70,70,70,70,70,70,70,70,70,70,70,70,70,70,70,70,70,70,70,70,66,66,66,66,66,66,66,66,66,66,66,66,66,66],"card_choices":[{"not_picked":["Tools of the Trade","A Thousand Cuts"],"picked":"Doppelganger","floor":0.0},{"not_picked":["Blade Dance","Calculated Gamble"],"picked":"Backstab","floor":1.0},{"not_picked":["Catalyst","Deflect"],"picked":"Slice","floor":2.0},{"not_picked":["Dagger Throw","Endless Agony"],"picked":"Poisoned Stab","floor":3.0},{"not_picked":["Acrobatics","Underhanded Strike","Outmaneuver"],"picked":"SKIP","floor":5.0},{"not_picked":["Blade Dance","Bane"],"picked":"Flechettes","floor":7.0},{"not_picked":["Infinite Blades","Flechettes"],"picked":"Poisoned Stab","floor":11.0},{"not_picked":["Skewer","Sucker Punch"],"picked":"Deadly Poison","floor":13.0},{"not_picked":["Sucker Punch","Distraction"],"picked":"Catalyst","floor":14.0},{"not_picked":["Unload","Corpse Explosion"],"picked":"After Image","floor":16.0},{"not_picked":["Bane","Backflip"],"picked":"PiercingWail","floor":18},{"not_picked":["Calculated Gamble","Blade Dance","Deadly Poison"],"picked":"SKIP","floor":20},{"not_picked":["Prepared","Deadly Poison"],"picked":"Dash","floor":22},{"not_picked":["Expertise+1","Reflex"],"picked":"Flying Knee","floor":24},{"not_picked":["Quick Slash+1","Blade Dance"],"picked":"Choke+1","floor":27},{"not_picked":["Blade Dance","Dagger Throw+1"],"picked":"Glass Knife+1","floor":28},{"not_picked":["Dagger Spray+1","Flechettes+1","Prepared"],"picked":"SKIP","floor":30},{"not_picked":["Unload+1","A Thousand Cuts"],"picked":"Envenom","floor":33},{"not_picked":[],"picked":"Deadly Poison+1","floor":35},{"not_picked":[],"picked":"Dramatic Entrance+1","floor":36},{"not_picked":["Flying Knee+1"],"picked":"SKIP","floor":38},{"not_picked":["Flying Knee+1"],"picked":"SKIP","floor":38},{"not_picked":["Acrobatics"],"picked":"SKIP","floor":39},{"not_picked":[],"picked":"Cloak And Dagger+1","floor":40},{"not_picked":[],"picked":"Flechettes+1","floor":45},{"not_picked":["Cloak And Dagger"],"picked":"SKIP","floor":45},{"not_picked":["Heel Hook+1"],"picked":"SKIP","floor":48},{"not_picked":["Bane+1"],"picked":"SKIP","floor":48}],"player_experience":496798,"relics_obtained":[{"floor":4.0,"key":"Whetstone"},{"floor":9.0,"key":"The Specimen"},{"floor":11.0,"key":"PreservedInsect"},{"floor":26,"key":"Molten Egg 2"},{"floor":27,"key":"Mercury Hourglass"},{"floor":40,"key":"Happy Flower"},{"floor":42,"key":"Prayer Wheel"},{"floor":43,"key":"Vajra"}],"event_choices":[{"damage_healed":0.0,"max_hp_gain":0.0,"max_hp_loss":0.0,"gold_gain":0.0,"event_name":"The Cleric","player_choice":"Leave","floor":10.0,"gold_loss":0.0,"damage_taken":0.0},{"damage_healed":0,"gold_gain":0,"player_choice":"Ignored","damage_taken":0,"max_hp_gain":0,"max_hp_loss":0,"event_name":"Vampires","floor":19,"gold_loss":0},{"damage_healed":0,"gold_gain":0,"player_choice":"Bought 1 Potion","damage_taken":0,"max_hp_gain":0,"max_hp_loss":0,"event_name":"The Woman in Blue","floor":21,"gold_loss":0},{"damage_healed":0,"gold_gain":0,"player_choice":"Memory 1","damage_taken":0,"max_hp_gain":0,"max_hp_loss":0,"event_name":"SensoryStone","floor":36,"gold_loss":0},{"damage_healed":0,"gold_gain":0,"player_choice":"Max HP","damage_taken":0,"max_hp_gain":0,"max_hp_loss":4,"event_name":"Winding Halls","floor":37,"gold_loss":0},{"damage_healed":0,"gold_gain":0,"player_choice":"Fight","damage_taken":0,"max_hp_gain":0,"max_hp_loss":0,"event_name":"MindBloom","floor":42,"gold_loss":0},{"cards_removed":["Strike_G"],"damage_healed":0,"gold_gain":0,"player_choice":"Upgrade and Remove","damage_taken":0,"max_hp_gain":0,"max_hp_loss":0,"event_name":"Designer","floor":44,"gold_loss":90,"cards_upgraded":["Defend_G"]}],"is_beta":false,"boss_relics":[{"not_picked":["Cursed Key","Tiny House"],"picked":"Runic Pyramid"},{"not_picked":["Runic Dome","White Beast Statue"],"picked":"Busted Crown"}],"items_purged_floors":[8],"is_endless":false,"potions_floor_spawned":[3,5,7,13,14,20,27,33,39,40,42,45],"ascension_level":0}