{"gold_per_floor":[114,130,140,140,140,140,163,184,184,205,9,24,24,37,37,157,157,181,195,195,110,126,159,159,182,209,7,28,52,52,52],"floor_reached":31,"playtime":2282,"items_purged":[],"score":278,"play_id":"75cd92a9-1db5-4a3e-a0e9-c429b9bebed7","local_time":"20190104025137","is_ascension_mode":false,"campfire_choices":[{"data":"Backflip","floor":6,"key":"SMITH"},{"data":"Dagger Spray","floor":15,"key":"SMITH"},{"floor":24,"key":"REST"},{"floor":30,"key":"REST"}],"neow_cost":"NONE","seed_source_timestamp":20205223652444,"circlet_count":0,"master_deck":["Defend_G","Defend_G","Defend_G","Defend_G","Strike_G+1","Strike_G","Strike_G","Strike_G","Strike_G","Survivor","Neutralize","Backflip+1","Dagger Throw","Dagger Throw","Dagger Spray+1","Poisoned Stab","Quick Slash+1","Poisoned Stab","Poisoned Stab","Phantasmal Killer","Dagger Spray+1","Dagger Spray","Noxious Fumes+1","Dagger Throw+1","Masterful Stab","Infinite Blades+1","Deflect"],"relics":["Ring of the Snake","Anchor","Golden Idol","Frozen Egg 2","Toy Ornithopter","Black Star","Nilry\u0027s Codex","Kunai","Omamori","Boot","Whetstone","MealTicket"],"potions_floor_usage":[16,19,19,19,23,25,29,31],"damage_taken":[{"damage":0,"enemies":"Cultist","floor":1,"turns":5},{"damage":0,"enemies":"Jaw Worm","floor":2,"turns":5},{"damage":0,"enemies":"2 Louse","floor":3,"turns":3},{"damage":0,"enemies":"Blue Slaver","floor":7,"turns":4},{"damage":0,"enemies":"Red Slaver","floor":8,"turns":5},{"damage":0,"enemies":"Looter","floor":10,"turns":2},{"damage":0,"enemies":"3 Louse","floor":12,"turns":2},{"damage":0,"enemies":"Gremlin Gang","floor":14,"turns":3},{"damage":56,"enemies":"The Guardian","floor":16,"turns":10},{"damage":16,"enemies":"Chosen","floor":18,"turns":5},{"damage":12,"enemies":"Spheric Guardian","floor":19,"turns":5},{"damage":16,"enemies":"Cultist and Chosen","floor":22,"turns":6},{"damage":0,"enemies":"Gremlin Leader","floor":23,"turns":5},{"damage":20,"enemies":"Snecko","floor":25,"turns":6},{"damage":19,"enemies":"Sentry and Sphere","floor":28,"turns":5},{"damage":18,"enemies":"Shelled Parasite and Fungi","floor":29,"turns":7},{"damage":33,"enemies":"Book of Stabbing","floor":31,"turns":4}],"seed_played":"-6225856763761785644","potions_obtained":[{"floor":1,"key":"FearPotion"},{"floor":3,"key":"GamblersBrew"},{"floor":8,"key":"FearPotion"},{"floor":12,"key":"EntropicBrew"},{"floor":14,"key":"Block Potion"},{"floor":28,"key":"PowerPotion"},{"floor":29,"key":"PowerPotion"}],"is_trial":false,"path_per_floor":["M","M","M","?","?","R","M","M","T","M","$","M","$","M","R","B",null,"M","M","?","?","M","E","R","M","T","$","M","M","R","E"],"character_chosen":"THE_SILENT","items_purchased":["Toy Ornithopter","MealTicket"],"campfire_rested":2,"item_purchase_floors":[11,27],"current_hp_per_floor":[70,70,70,53,53,53,53,53,53,53,53,53,53,53,53,2,70,54,57,41,41,25,30,51,36,36,36,17,4,25,0],"gold":52,"neow_bonus":"RANDOM_COMMON_RELIC","is_prod":false,"is_daily":false,"chose_seed":false,"campfire_upgraded":2,"win_rate":0.0,"timestamp":1546541497,"path_taken":["M","M","?","?","?","R","?","M","T","?","$","M","$","M","R","BOSS","M","M","?","?","M","E","R","M","T","$","M","M","R","E"],"build_version":"2018-12-20","purchased_purges":0,"victory":false,"max_hp_per_floor":[70,70,70,70,70,70,70,70,70,70,70,70,70,70,70,70,70,70,70,70,70,70,70,70,70,70,70,70,70,70,70],"card_choices":[{"not_picked":["Footwork","Skewer"],"picked":"Backflip","floor":1},{"not_picked":["Bane","Poisoned Stab"],"picked":"Dagger Throw","floor":2},{"not_picked":["Quick Slash","Acrobatics"],"picked":"Dagger Throw","floor":3},{"not_picked":["Deadly Poison","Deflect"],"picked":"Dagger Spray","floor":7},{"not_picked":["All Out Attack","Dagger Spray"],"picked":"Poisoned Stab","floor":8},{"not_picked":["Corpse Explosion","Blade Dance"],"picked":"Quick Slash","floor":10},{"not_picked":["Distraction","Outmaneuver"],"picked":"Poisoned Stab","floor":12},{"not_picked":["Blade Dance","Eviscerate"],"picked":"Poisoned Stab","floor":14},{"not_picked":["Malaise","Night Terror"],"picked":"Phantasmal Killer","floor":16},{"not_picked":["Sucker Punch","Backflip"],"picked":"Dagger Spray+1","floor":18},{"not_picked":["Riddle With Holes","Tactician"],"picked":"Dagger Spray","floor":19},{"not_picked":["Eviscerate","Sucker Punch"],"picked":"Noxious Fumes+1","floor":22},{"not_picked":["Dodge and Roll","Backflip"],"picked":"Dagger Throw+1","floor":23},{"not_picked":["Acrobatics","All Out Attack"],"picked":"Masterful Stab","floor":25},{"not_picked":["Calculated Gamble+1","Dagger Throw"],"picked":"Infinite Blades+1","floor":28},{"not_picked":["Outmaneuver","Caltrops+1"],"picked":"Deflect","floor":29}],"player_experience":18564,"relics_obtained":[{"floor":9,"key":"Frozen Egg 2"},{"floor":20,"key":"Nilry\u0027s Codex"},{"floor":23,"key":"Omamori"},{"floor":23,"key":"Boot"},{"floor":26,"key":"Whetstone"}],"event_choices":[{"damage_healed":0,"gold_gain":0,"player_choice":"Take Damage","damage_taken":17,"relics_obtained":["Golden Idol"],"max_hp_gain":0,"max_hp_loss":0,"event_name":"Golden Idol","floor":4,"gold_loss":0},{"cards_removed":["Defend_G"],"damage_healed":0,"gold_gain":0,"player_choice":"Offered Basic","damage_taken":0,"max_hp_gain":0,"max_hp_loss":0,"event_name":"Bonfire Elementals","floor":5,"gold_loss":0},{"damage_healed":0,"gold_gain":0,"player_choice":"Obtained Book","damage_taken":16,"max_hp_gain":0,"max_hp_loss":0,"event_name":"Cursed Tome","floor":20,"gold_loss":0},{"damage_healed":0,"gold_gain":0,"player_choice":"Obtained Relic","damage_taken":0,"relics_obtained":["Kunai"],"max_hp_gain":0,"max_hp_loss":0,"event_name":"Addict","floor":21,"gold_loss":85}],"is_beta":false,"boss_relics":[{"not_picked":["Snecko Eye","Coffee Dripper"],"picked":"Black Star"}],"items_purged_floors":[],"is_endless":false,"potions_floor_spawned":[1,3,8,12,14,28,29],"killed_by":"Book of Stabbing","ascension_level":0}