{"gold_per_floor":[115,115,115,190,203,203,222,222,274,122,141,153,172,205,205,306,306,318,318,318,69,89,89,89,106,106,122,137,137,153,172,172,273,273,284,684,703,127,144,179,193,193,243,256,256,54,54,54,54,54],"floor_reached":51,"playtime":3454,"items_purged":["Strike_R","Strike_R","Defend_R","Defend_R"],"score":706,"play_id":"bd32d02a-48bb-4d7c-a939-ce94802bf05b","local_time":"20181105230143","is_ascension_mode":false,"campfire_choices":[{"data":"Bash","floor":6,"key":"SMITH"},{"data":"Infernal Blade","floor":8,"key":"SMITH"},{"data":"Demon Form","floor":15,"key":"SMITH"},{"data":"RitualDagger","floor":23,"key":"SMITH"},{"floor":29,"key":"REST"},{"floor":32,"key":"REST"},{"floor":42,"key":"REST"},{"data":"Ghostly Armor","floor":45,"key":"SMITH"},{"data":"Flame Barrier","floor":47,"key":"SMITH"},{"floor":49,"key":"REST"}],"neow_cost":"NONE","seed_source_timestamp":46422393623017,"circlet_count":0,"master_deck":["Defend_R+1","Defend_R+1","Bash+1","True Grit+1","Infernal Blade+1","Demon Form+1","Twin Strike+1","Warcry","Flex","Berserk","Flame Barrier+1","RitualDagger+1","Iron Wave+1","Iron Wave+1","Ghostly Armor+1","Offering","Inflame+1","Reckless Charge+1","Shockwave+1","Shrug It Off+1","Spot Weakness+1"],"relics":["Burning Blood","Dream Catcher","Meat on the Bone","War Paint","Paper Frog","Mark of Pain","Regal Pillow","Sundial","Astrolabe","Old Coin","Self Forming Clay","Sling","PreservedInsect","Whetstone"],"potions_floor_usage":[33,33,50,50,50],"damage_taken":[{"damage":2,"enemies":"Small Slimes","floor":1,"turns":3},{"damage":6,"enemies":"Jaw Worm","floor":5,"turns":5},{"damage":7,"enemies":"2 Louse","floor":7,"turns":4},{"damage":24,"enemies":"Exordium Wildlife","floor":11,"turns":5},{"damage":27,"enemies":"Exordium Thugs","floor":12,"turns":9},{"damage":0,"enemies":"Large Slime","floor":13,"turns":4},{"damage":16,"enemies":"Gremlin Nob","floor":14,"turns":4},{"damage":9,"enemies":"The Guardian","floor":16,"turns":7},{"damage":4,"enemies":"Chosen","floor":18,"turns":3},{"damage":5,"enemies":"3 Byrds","floor":22,"turns":7},{"damage":23,"enemies":"Centurion and Healer","floor":25,"turns":8},{"damage":43,"enemies":"Shelled Parasite and Fungi","floor":27,"turns":11},{"damage":15,"enemies":"Chosen and Byrds","floor":28,"turns":7},{"damage":22,"enemies":"Cultist and Chosen","floor":30,"turns":6},{"damage":14,"enemies":"Snake Plant","floor":31,"turns":3},{"damage":46,"enemies":"Collector","floor":33,"turns":10},{"damage":21,"enemies":"3 Darklings","floor":35,"turns":8},{"damage":34,"enemies":"Mind Bloom Boss Battle","floor":36,"turns":9},{"damage":6,"enemies":"3 Shapes","floor":37,"turns":5},{"damage":4,"enemies":"Jaw Worm Horde","floor":39,"turns":5},{"damage":9,"enemies":"Giant Head","floor":40,"turns":6},{"damage":31,"enemies":"Transient","floor":41,"turns":5},{"damage":23,"enemies":"4 Shapes","floor":44,"turns":5},{"damage":76,"enemies":"Donu and Deca","floor":50,"turns":11}],"seed_played":"-8567628592891331823","potions_obtained":[{"floor":7,"key":"AttackPotion"},{"floor":12,"key":"Block Potion"},{"floor":14,"key":"Weak Potion"},{"floor":16,"key":"SkillPotion"},{"floor":18,"key":"EssenceOfSteel"},{"floor":24,"key":"FearPotion"},{"floor":36,"key":"LiquidBronze"},{"floor":39,"key":"Dexterity Potion"}],"is_trial":false,"path_per_floor":["M","?","T","?","M","R","M","R","T","$","M","M","M","E","R","B",null,"M","?","?","$","M","R","?","M","T","M","M","R","M","M","R","B",null,"M","?","M","$","M","E","M","R","T","M","R","$","R","?","R","B",null],"character_chosen":"IRONCLAD","items_purchased":["Demon Form","Regal Pillow","Self Forming Clay","Sling","Dexterity Potion"],"campfire_rested":4,"item_purchase_floors":[10,21,38,38,46],"current_hp_per_floor":[80,80,80,69,69,69,68,68,68,68,50,41,47,49,49,58,80,80,80,74,74,75,75,75,58,58,33,36,75,59,51,80,52,80,65,49,49,49,51,48,35,74,74,57,57,57,57,57,80,22],"gold":54,"neow_bonus":"RANDOM_COMMON_RELIC","is_prod":false,"is_daily":false,"chose_seed":false,"campfire_upgraded":6,"win_rate":0,"timestamp":1541448103,"path_taken":["M","?","?","?","M","R","M","R","T","$","?","M","M","E","R","BOSS","M","?","?","$","?","R","?","M","T","?","M","R","M","M","R","BOSS","M","?","M","$","M","E","M","R","T","M","R","$","R","?","R","BOSS"],"build_version":"2018-11-01","purchased_purges":4,"victory":true,"max_hp_per_floor":[80,80,80,80,80,80,80,80,80,80,80,80,80,80,80,80,80,80,80,80,80,80,80,80,80,80,80,80,80,80,80,80,80,80,80,80,80,80,80,80,80,80,80,80,80,80,80,80,80,80],"card_choices":[{"not_picked":["Cleave","Blood for Blood"],"picked":"True Grit","floor":1},{"not_picked":["Headbutt","Body Slam","Flex"],"picked":"SKIP","floor":5},{"not_picked":["Anger","Body Slam"],"picked":"Infernal Blade","floor":7},{"not_picked":["Perfected Strike","Cleave","Rupture"],"picked":"SKIP","floor":11},{"not_picked":["Wild Strike","Headbutt"],"picked":"Twin Strike","floor":12},{"not_picked":["Entrench","Twin Strike"],"picked":"Warcry","floor":13},{"not_picked":["Rupture","Thunderclap"],"picked":"Flex","floor":14},{"not_picked":["Exhume","Dark Embrace"],"picked":"Berserk","floor":16},{"not_picked":["Reckless Charge","Armaments"],"picked":"Flame Barrier","floor":18},{"not_picked":["Warcry","True Grit","Rampage"],"picked":"SKIP","floor":22},{"not_picked":["Anger","Rupture"],"picked":"Iron Wave+1","floor":25},{"not_picked":["Headbutt+1","Corruption"],"picked":"Iron Wave+1","floor":27},{"not_picked":["Havoc","Entrench+1","Twin Strike+1"],"picked":"SKIP","floor":28},{"not_picked":["Headbutt","Corruption","Flame Barrier"],"picked":"SKIP","floor":30},{"not_picked":["Pummel","Perfected Strike","Rampage"],"picked":"SKIP","floor":31},{"not_picked":["Flex","Wild Strike"],"picked":"Ghostly Armor","floor":32},{"not_picked":["Feed","Immolate"],"picked":"Offering","floor":33},{"not_picked":["Feel No Pain+1","Burning Pact","Wild Strike"],"picked":"SKIP","floor":35},{"not_picked":["Anger","Flame Barrier+1"],"picked":"Shrug It Off+1","floor":37},{"not_picked":["Juggernaut","Searing Blow","Rupture"],"picked":"SKIP","floor":39},{"not_picked":["Anger+1","Thunderclap","Shrug It Off"],"picked":"SKIP","floor":40},{"not_picked":["Sever Soul+1","Pummel","Clothesline"],"picked":"SKIP","floor":41},{"not_picked":["Rampage+1","Combust","Clash+1"],"picked":"SKIP","floor":44},{"not_picked":["Anger+1","Pommel Strike+1"],"picked":"Spot Weakness+1","floor":49}],"player_experience":143630,"relics_obtained":[{"floor":3,"key":"Meat on the Bone"},{"floor":9,"key":"War Paint"},{"floor":14,"key":"Paper Frog"},{"floor":26,"key":"Sundial"},{"floor":36,"key":"Old Coin"},{"floor":40,"key":"PreservedInsect"},{"floor":43,"key":"Whetstone"}],"event_choices":[{"damage_healed":0,"gold_gain":0,"player_choice":"Grow","damage_taken":0,"max_hp_gain":0,"max_hp_loss":0,"event_name":"Living Wall","floor":2,"gold_loss":0,"cards_upgraded":["True Grit"]},{"damage_healed":0,"gold_gain":75,"player_choice":"Gather Gold","damage_taken":11,"max_hp_gain":0,"max_hp_loss":0,"event_name":"World of Goop","floor":4,"gold_loss":0},{"damage_healed":0,"gold_gain":0,"player_choice":"Ignored","damage_taken":0,"max_hp_gain":0,"max_hp_loss":0,"event_name":"Vampires","floor":19,"gold_loss":0},{"damage_healed":0,"gold_gain":0,"player_choice":"Joined the Cult","damage_taken":6,"max_hp_gain":0,"max_hp_loss":0,"event_name":"Nest","floor":20,"gold_loss":0,"cards_obtained":["RitualDagger"]},{"damage_healed":0,"gold_gain":0,"player_choice":"Got Potions","damage_taken":0,"max_hp_gain":0,"max_hp_loss":0,"event_name":"Lab","floor":24,"gold_loss":0},{"damage_healed":0,"gold_gain":0,"player_choice":"Fight","damage_taken":0,"max_hp_gain":0,"max_hp_loss":0,"event_name":"MindBloom","floor":36,"gold_loss":0},{"damage_healed":0,"gold_gain":0,"player_choice":"Bought 0 Potions","damage_taken":0,"max_hp_gain":0,"max_hp_loss":0,"event_name":"The Woman in Blue","floor":48,"gold_loss":0}],"is_beta":false,"boss_relics":[{"not_picked":["Ectoplasm","Lizard Tail"],"picked":"Mark of Pain"},{"not_picked":["Runic Dome","Snecko Eye"],"picked":"Astrolabe"}],"items_purged_floors":[10,21,38,46],"is_endless":false,"potions_floor_spawned":[7,12,14,16,18,25,30,36,39],"ascension_level":0}