{"gold_per_floor":[211,211,211,211,231,231,11,11,35,48,83,104,125,143,143,272,272,295,394,88,188,203,227,227,227,227,177,177,196,196,216,216,216],"floor_reached":33,"playtime":1791,"items_purged":["Regret","Defend_R"],"score":272,"play_id":"af172186-a8da-4918-8e3b-6ab789ae08e5","local_time":"20181122211656","is_ascension_mode":false,"campfire_choices":[{"data":"Inflame","floor":6.0,"key":"SMITH"},{"data":"Armaments","floor":15.0,"key":"SMITH"},{"data":"Inflame","floor":24,"key":"SMITH"},{"data":"Reaper","floor":28,"key":"SMITH"},{"floor":30,"key":"RECALL"},{"floor":32,"key":"REST"}],"neow_cost":"NONE","seed_source_timestamp":0,"circlet_count":0,"master_deck":["Strike_R+1","Strike_R+1","Strike_R","Defend_R","Defend_R","Defend_R","Bash","Inflame+1","Inflame+1","Armaments+1","Feed","Reaper+1","Iron Wave+1"],"special_seed":0,"relics":["Burning Blood","Potion Belt","Golden Idol","Anchor","Centennial Puzzle","Empty Cage","Art of War","Shuriken","Matryoshka"],"potions_floor_usage":[22,33,33],"damage_taken":[{"damage":2.0,"enemies":"2 Louse","floor":1.0,"turns":4.0},{"damage":4.0,"enemies":"Cultist","floor":5.0,"turns":3.0},{"damage":10.0,"enemies":"Small Slimes","floor":10.0,"turns":6.0},{"damage":10.0,"enemies":"Gremlin Nob","floor":11.0,"turns":5.0},{"damage":4.0,"enemies":"Gremlin Gang","floor":12.0,"turns":4.0},{"damage":17.0,"enemies":"Exordium Thugs","floor":13.0,"turns":5.0},{"damage":0.0,"enemies":"3 Louse","floor":14.0,"turns":4.0},{"damage":39.0,"enemies":"Hexaghost","floor":16.0,"turns":10.0},{"damage":48.0,"enemies":"3 Byrds","floor":18.0,"turns":9.0},{"damage":13,"enemies":"Shell Parasite","floor":22,"turns":7},{"damage":15,"enemies":"Snecko","floor":23,"turns":5},{"damage":14,"enemies":"Centurion and Healer","floor":29,"turns":7},{"damage":22,"enemies":"Cultist and Chosen","floor":31,"turns":10},{"damage":134,"enemies":"Champ","floor":33,"turns":15}],"seed_played":"-3926380054780732598","potions_obtained":[{"floor":5.0,"key":"SpeedPotion"},{"floor":10.0,"key":"EssenceOfSteel"},{"floor":11.0,"key":"FearPotion"},{"floor":13.0,"key":"Swift Potion"},{"floor":18.0,"key":"Energy Potion"},{"floor":23,"key":"Swift Potion"}],"is_trial":false,"path_per_floor":["M","?","?","?","M","R","$","?","T","M","E","M","M","M","R","B",null,"M","?","$","?","M","M","R","T","T","?","R","M","R","M","R","B"],"character_chosen":"IRONCLAD","items_purchased":["Regen Potion","Inflame","Dexterity Potion","Art of War"],"campfire_rested":1,"item_purchase_floors":[7,7,20,20],"current_hp_per_floor":[80,80,60,44,46,46,46,46,46,57,53,55,44,50,50,21,84,60,60,60,60,73,68,68,68,68,68,68,75,75,70,100,0],"gold":216,"neow_bonus":"HUNDRED_GOLD","is_prod":false,"is_daily":false,"chose_seed":false,"campfire_upgraded":4,"win_rate":0,"timestamp":1542910616,"path_taken":["M","?","?","?","M","R","$","?","T","M","E","M","M","M","R","BOSS","M","?","$","?","?","M","R","?","T","?","R","?","R","M","R","BOSS"],"build_version":"2018-11-15","purchased_purges":2,"victory":false,"max_hp_per_floor":[80,80,80,80,80,80,80,80,80,80,80,80,80,80,80,84,84,88,88,88,88,92,96,96,96,96,96,96,99,99,102,102,102],"card_choices":[{"not_picked":["Iron Wave","Wild Strike"],"picked":"Inflame","floor":1.0},{"not_picked":["Warcry","Sword Boomerang","Iron Wave"],"picked":"SKIP","floor":5.0},{"not_picked":["Power Through","Havoc"],"picked":"Armaments","floor":10.0},{"not_picked":["Bloodletting","Pummel","Flex"],"picked":"SKIP","floor":11.0},{"not_picked":["Pommel Strike","Body Slam","Sword Boomerang"],"picked":"SKIP","floor":12.0},{"not_picked":["Twin Strike","Wild Strike","Iron Wave"],"picked":"SKIP","floor":13.0},{"not_picked":["True Grit","Armaments"],"picked":"Feed","floor":14.0},{"not_picked":["Impervious","Dark Embrace"],"picked":"Reaper","floor":16.0},{"not_picked":["Twin Strike","Headbutt","Heavy Blade"],"picked":"SKIP","floor":18.0},{"not_picked":["Pummel","Second Wind"],"picked":"Iron Wave+1","floor":22},{"not_picked":["Twin Strike","Immolate","Infernal Blade"],"picked":"SKIP","floor":23},{"not_picked":["Flex","Evolve+1","Perfected Strike+1"],"picked":"SKIP","floor":29},{"not_picked":["Sentinel","Pummel","Pommel Strike+1"],"picked":"SKIP","floor":31}],"player_experience":201324,"relics_obtained":[{"floor":9.0,"key":"Anchor"},{"floor":11.0,"key":"Centennial Puzzle"},{"floor":25,"key":"Shuriken"},{"floor":26,"key":"Matryoshka"}],"event_choices":[{"damage_healed":0.0,"max_hp_gain":0.0,"max_hp_loss":0.0,"gold_gain":0.0,"event_name":"Big Fish","player_choice":"Box","floor":2.0,"gold_loss":0.0,"damage_taken":0.0,"relics_obtained":["Potion Belt"],"cards_obtained":["Regret"]},{"damage_healed":0.0,"max_hp_gain":0.0,"max_hp_loss":0.0,"gold_gain":0.0,"event_name":"Golden Idol","player_choice":"Take Damage","floor":3.0,"gold_loss":0.0,"damage_taken":20.0,"relics_obtained":["Golden Idol"]},{"damage_healed":0.0,"max_hp_gain":0.0,"max_hp_loss":0.0,"gold_gain":0.0,"event_name":"Shining Light","player_choice":"Entered Light","floor":4.0,"gold_loss":0.0,"damage_taken":16.0,"cards_upgraded":["Strike_R","Strike_R"]},{"damage_healed":0.0,"max_hp_gain":0.0,"max_hp_loss":0.0,"gold_gain":0.0,"event_name":"Match and Keep!","player_choice":"0 cards matched","floor":8.0,"gold_loss":0.0,"damage_taken":0.0,"cards_obtained":[]},{"damage_healed":0.0,"max_hp_gain":0.0,"max_hp_loss":0.0,"gold_gain":99.0,"event_name":"Nest","player_choice":"Stole From Cult","floor":19.0,"gold_loss":0.0,"damage_taken":0.0},{"damage_healed":0,"gold_gain":100,"player_choice":"Pray","damage_taken":0,"max_hp_gain":0,"max_hp_loss":0,"event_name":"Golden Shrine","floor":21,"gold_loss":0},{"damage_healed":0,"gold_gain":0,"player_choice":"Bet on Owner","damage_taken":0,"max_hp_gain":0,"max_hp_loss":0,"event_name":"The Joust","floor":27,"gold_loss":50}],"is_beta":false,"boss_relics":[{"not_picked":["Runic Pyramid","White Beast Statue"],"picked":"Empty Cage"}],"items_purged_floors":[7,20],"is_endless":false,"potions_floor_spawned":[5,10,11,13,18,23],"killed_by":"Champ","ascension_level":0}