{"gold_per_floor":[110,126,146,161,172,202,202,229,308,308,308,308,308,324,324,429,429,442,542,542,558,569,596,596,631,655,655,169,99,99,114,114,218,218,230,230,243,0,0,34,34,67,146,163,193,48,80,80,80,80],"floor_reached":51,"playtime":3298,"items_purged":["Strike_R","Defend_R"],"score":952,"play_id":"c86e0358-a1fb-43b0-b837-3b0bb8527828","local_time":"20190107010805","is_ascension_mode":true,"campfire_choices":[{"data":"Feed","floor":7,"key":"SMITH"},{"data":"1","floor":10,"key":"LIFT"},{"data":"2","floor":12,"key":"LIFT"},{"data":"Bash","floor":15,"key":"SMITH"},{"data":"3","floor":24,"key":"LIFT"},{"data":"Seeing Red","floor":30,"key":"SMITH"},{"floor":32,"key":"REST"},{"data":"Pommel Strike","floor":41,"key":"SMITH"},{"floor":49,"key":"REST"}],"neow_cost":"NONE","seed_source_timestamp":272170081407086,"circlet_count":0,"master_deck":["Strike_R+1","Strike_R+1","Bash+1","Forethought","Pommel Strike+1","Inflame","Feed+1","Shrug It Off","Whirlwind+1","Iron Wave+1","Headbutt+1","Impervious","Seeing Red+1","Pommel Strike+1","RitualDagger+1","Rage","Headbutt+1","Pommel Strike+1","Rampage+1","Limit Break+1","Bloodletting+1","Flex+1","Impervious+1","Shrug It Off+1","Pummel+1","Reckless Charge+1","Rage+1","Flash of Steel+1","Headbutt+1","Thunderclap+1","Power Through+1","Heavy Blade+1","Flex+1","Anger+1","Shrug It Off+1","Warcry+1"],"relics":["Burning Blood","Molten Egg 2","Girya","Kunai","Calipers","Empty Cage","Torii","Bottled Flame","Regal Pillow","Toxic Egg 2","Red Skull","Shuriken","Frozen Egg 2","Astrolabe","Red Mask","Prayer Wheel","Omamori","Orichalcum","Sundial","Letter Opener","Dodecahedron"],"potions_floor_usage":[6,18,19,23,40,50,50],"damage_taken":[{"damage":3,"enemies":"Jaw Worm","floor":1,"turns":3},{"damage":10,"enemies":"Small Slimes","floor":2,"turns":3},{"damage":0,"enemies":"2 Louse","floor":3,"turns":2},{"damage":14,"enemies":"Blue Slaver","floor":4,"turns":4},{"damage":9,"enemies":"3 Louse","floor":5,"turns":3},{"damage":34,"enemies":"3 Sentries","floor":6,"turns":7},{"damage":21,"enemies":"Lagavulin","floor":8,"turns":6},{"damage":0,"enemies":"Looter","floor":14,"turns":2},{"damage":12,"enemies":"Slime Boss","floor":16,"turns":8},{"damage":4,"enemies":"Chosen","floor":18,"turns":3},{"damage":21,"enemies":"Colosseum Slavers","floor":19,"turns":3},{"damage":13,"enemies":"Colosseum Nobs","floor":19,"turns":5},{"damage":0,"enemies":"Spheric Guardian","floor":21,"turns":3},{"damage":0,"enemies":"Snecko","floor":22,"turns":3},{"damage":24,"enemies":"Slavers","floor":23,"turns":4},{"damage":37,"enemies":"Book of Stabbing","floor":25,"turns":6},{"damage":13,"enemies":"Centurion and Healer","floor":31,"turns":4},{"damage":76,"enemies":"Collector","floor":33,"turns":7},{"damage":3,"enemies":"Orb Walker","floor":35,"turns":2},{"damage":32,"enemies":"3 Darklings","floor":37,"turns":4},{"damage":51,"enemies":"Giant Head","floor":40,"turns":8},{"damage":0,"enemies":"Nemesis","floor":42,"turns":5},{"damage":19,"enemies":"Maw","floor":44,"turns":6},{"damage":20,"enemies":"Giant Head","floor":45,"turns":6},{"damage":1,"enemies":"Reptomancer","floor":47,"turns":3},{"damage":89,"enemies":"Time Eater","floor":50,"turns":7}],"seed_played":"-975450926923464173","potions_obtained":[{"floor":1,"key":"SkillPotion"},{"floor":6,"key":"Energy Potion"},{"floor":8,"key":"FearPotion"},{"floor":16,"key":"FearPotion"},{"floor":22,"key":"SneckoOil"},{"floor":23,"key":"SpeedPotion"},{"floor":33,"key":"BloodPotion"},{"floor":40,"key":"FairyPotion"}],"is_trial":false,"path_per_floor":["M","M","M","M","M","E","R","E","T","R","?","R","?","M","R","B",null,"M","?","?","M","M","E","R","E","T","T","$","$","R","M","R","B",null,"M","?","M","?","T","E","R","E","T","M","E","$","E","?","R","B",null],"character_chosen":"IRONCLAD","items_purchased":["Limit Break+1","Frozen Egg 2","Bloodletting+1","Shrug It Off+1"],"campfire_rested":2,"item_purchase_floors":[28,28,29,46],"current_hp_per_floor":[80,76,80,72,72,47,47,32,32,32,15,15,8,18,18,16,94,98,84,78,84,90,76,76,49,49,49,49,49,49,46,96,26,118,118,118,92,92,92,47,47,53,53,40,26,26,31,31,81,9],"gold":80,"neow_bonus":"RANDOM_COLORLESS","is_prod":false,"is_daily":false,"chose_seed":false,"campfire_upgraded":4,"win_rate":0,"timestamp":1546794485,"path_taken":["M","M","M","M","M","E","R","E","T","R","?","R","?","M","R","BOSS","M","?","?","M","M","E","R","E","T","?","?","$","R","M","R","BOSS","M","?","M","?","?","E","R","E","T","M","E","$","E","?","R","BOSS"],"build_version":"2019-01-03v4","purchased_purges":2,"victory":true,"max_hp_per_floor":[80,80,80,80,83,86,86,86,86,86,86,86,86,90,90,94,94,98,106,106,106,106,110,110,114,114,114,114,114,114,118,118,118,118,118,118,118,118,118,118,118,118,118,118,118,118,118,118,118,118],"card_choices":[{"not_picked":["Feel No Pain","Wild Strike"],"picked":"Combust","floor":1},{"not_picked":["Pummel","Havoc"],"picked":"Pommel Strike","floor":2},{"not_picked":["Thunderclap","Twin Strike"],"picked":"Inflame","floor":3},{"not_picked":["Blood for Blood","Burning Pact"],"picked":"Feed","floor":4},{"not_picked":["Second Wind","Havoc"],"picked":"Shrug It Off","floor":5},{"not_picked":["Flex","Shrug It Off"],"picked":"Whirlwind","floor":6},{"not_picked":["Headbutt+1","Sword Boomerang+1"],"picked":"Iron Wave+1","floor":8},{"not_picked":["Armaments","Second Wind"],"picked":"Headbutt+1","floor":14},{"not_picked":["Dark Embrace","Berserk"],"picked":"Impervious","floor":16},{"not_picked":["Rage","Armaments"],"picked":"Seeing Red","floor":18},{"not_picked":["Perfected Strike+1","Shrug It Off+1"],"picked":"Pommel Strike+1","floor":19},{"not_picked":["Intimidate","Whirlwind+1"],"picked":"Rage","floor":21},{"not_picked":["Flex","Dual Wield"],"picked":"Headbutt+1","floor":22},{"not_picked":["Carnage+1","Uppercut+1"],"picked":"Pommel Strike+1","floor":23},{"not_picked":["Flex","Fire Breathing"],"picked":"Rampage+1","floor":25},{"not_picked":["True Grit+1","Havoc+1"],"picked":"Flex+1","floor":31},{"not_picked":["Immolate+1","Feed+1"],"picked":"Impervious+1","floor":33},{"not_picked":["Dropkick+1","Bloodletting+1"],"picked":"Rage+1","floor":35},{"not_picked":["Discovery+1","The Bomb+1"],"picked":"Flash of Steel+1","floor":36},{"not_picked":["Combust+1","Sword Boomerang+1"],"picked":"Headbutt+1","floor":37},{"not_picked":["Evolve+1","Clothesline+1"],"picked":"Thunderclap+1","floor":40},{"not_picked":["Clothesline+1","Anger+1"],"picked":"Power Through+1","floor":42},{"not_picked":["Body Slam+1","Barricade+1"],"picked":"Heavy Blade+1","floor":44},{"not_picked":["Wild Strike+1","Twin Strike+1"],"picked":"Flex+1","floor":44},{"not_picked":["Combust+1","Dark Embrace+1"],"picked":"Anger+1","floor":45},{"not_picked":["Wild Strike+1","Flex+1"],"picked":"Warcry+1","floor":47}],"player_experience":75323,"relics_obtained":[{"floor":6,"key":"Molten Egg 2"},{"floor":8,"key":"Girya"},{"floor":9,"key":"Kunai"},{"floor":19,"key":"Torii"},{"floor":19,"key":"Bottled Flame"},{"floor":23,"key":"Regal Pillow"},{"floor":25,"key":"Toxic Egg 2"},{"floor":26,"key":"Red Skull"},{"floor":27,"key":"Shuriken"},{"floor":39,"key":"Prayer Wheel"},{"floor":40,"key":"Omamori"},{"floor":42,"key":"Orichalcum"},{"floor":43,"key":"Sundial"},{"floor":45,"key":"Letter Opener"},{"floor":47,"key":"Dodecahedron"}],"event_choices":[{"damage_healed":0,"gold_gain":0,"player_choice":"Entered Light","damage_taken":17,"max_hp_gain":0,"max_hp_loss":0,"event_name":"Shining Light","floor":11,"gold_loss":0,"cards_upgraded":["Strike_R","Strike_R"]},{"damage_healed":0,"gold_gain":0,"player_choice":"Success","damage_taken":7,"relics_obtained":["Calipers"],"max_hp_gain":0,"max_hp_loss":0,"event_name":"Scrap Ooze","floor":13,"gold_loss":0},{"damage_healed":0,"gold_gain":0,"player_choice":"Fight","damage_taken":0,"max_hp_gain":0,"max_hp_loss":0,"event_name":"Colosseum","floor":19,"gold_loss":0},{"damage_healed":0,"gold_gain":0,"player_choice":"Fought Nobs","damage_taken":0,"max_hp_gain":0,"max_hp_loss":0,"event_name":"Colosseum","floor":19,"gold_loss":0},{"damage_healed":0,"gold_gain":0,"player_choice":"Joined the Cult","damage_taken":6,"max_hp_gain":0,"max_hp_loss":0,"event_name":"Nest","floor":20,"gold_loss":0,"cards_obtained":["RitualDagger"]},{"damage_healed":0,"gold_gain":0,"player_choice":"Memory 1","damage_taken":0,"max_hp_gain":0,"max_hp_loss":0,"event_name":"SensoryStone","floor":36,"gold_loss":0},{"damage_healed":0,"gold_gain":0,"player_choice":"Paid","damage_taken":0,"relics_obtained":["Red Mask"],"max_hp_gain":0,"max_hp_loss":0,"event_name":"Tomb of Lord Red Mask","floor":38,"gold_loss":243},{"cards_removed":["Combust"],"damage_healed":0,"gold_gain":0,"player_choice":"Removed Power","damage_taken":0,"max_hp_gain":0,"max_hp_loss":0,"event_name":"Falling","floor":48,"gold_loss":0}],"is_beta":false,"boss_relics":[{"not_picked":["Velvet Choker","Snecko Eye"],"picked":"Empty Cage"},{"not_picked":["Tiny House","Black Blood"],"picked":"Astrolabe"}],"items_purged_floors":[28,46],"is_endless":false,"potions_floor_spawned":[1,6,8,16,19,22,23,33,40,45],"ascension_level":1}