{"gold_per_floor":[115,115,290,303,149,176,176,206,206,216,228,228,258,269,269,371,371,381,381,296,196,196,228,247,267,267,294,306],"floor_reached":28,"playtime":1219,"items_purged":["Doubt","Writhe"],"score":348,"play_id":"b29a5788-08d2-4d14-a543-4729d72123fd","local_time":"20190217233718","is_ascension_mode":true,"campfire_choices":[{"data":"Chaos","floor":7,"key":"SMITH"},{"data":"Self Repair","floor":12,"key":"SMITH"},{"data":"Dualcast","floor":15,"key":"SMITH"}],"neow_cost":"NONE","seed_source_timestamp":254689854667433,"circlet_count":0,"master_deck":["Strike_B","Strike_B","Strike_B","Strike_B","Defend_B","Defend_B","Defend_B","Defend_B+1","Zap+1","Dualcast+1","Self Repair+1","Sweeping Beam","Chaos+1","Ball Lightning","Leap","Leap","Stack","Conserve Battery","Stack","Fission","Go for the Eyes+1","Steam","Lockon+1","Defragment","Ball Lightning"],"relics":["Cracked Core","War Paint","Pantograph","Oddly Smooth Stone","Pen Nib","Lantern","Strawberry","Eternal Feather","Cables","Mango","Omamori","MawBank"],"potions_floor_usage":[13,23,24,25,25,27],"damage_taken":[{"damage":0,"enemies":"2 Louse","floor":1,"turns":2},{"damage":4,"enemies":"Jaw Worm","floor":4,"turns":2},{"damage":22,"enemies":"Lagavulin","floor":6,"turns":7},{"damage":36,"enemies":"Gremlin Nob","floor":8,"turns":4},{"damage":0,"enemies":"Small Slimes","floor":10,"turns":2},{"damage":0,"enemies":"Blue Slaver","floor":11,"turns":2},{"damage":8,"enemies":"Lagavulin","floor":13,"turns":5},{"damage":9,"enemies":"Exordium Wildlife","floor":14,"turns":5},{"damage":18,"enemies":"The Guardian","floor":16,"turns":10},{"damage":0,"enemies":"Chosen","floor":18,"turns":4},{"damage":63,"enemies":"Slavers","floor":23,"turns":9},{"damage":12,"enemies":"3 Byrds","floor":24,"turns":4},{"damage":31,"enemies":"Shelled Parasite and Fungi","floor":25,"turns":10},{"damage":18,"enemies":"Snake Plant","floor":27,"turns":4},{"damage":13,"enemies":"Centurion and Healer","floor":28,"turns":1}],"seed_played":"-2000082862015662640","potions_obtained":[{"floor":4,"key":"SkillPotion"},{"floor":8,"key":"FearPotion"},{"floor":11,"key":"SteroidPotion"},{"floor":13,"key":"Fire Potion"},{"floor":23,"key":"SpeedPotion"},{"floor":24,"key":"SpeedPotion"},{"floor":25,"key":"FocusPotion"}],"is_trial":false,"path_per_floor":["M","?","?","M","$","E","R","E","T","M","M","R","E","M","R","B",null,"M","?","?","$","$","E","M","M","T","M","M"],"character_chosen":"DEFECT","items_purchased":["Chaos"],"campfire_rested":0,"item_purchase_floors":[5],"current_hp_per_floor":[75,68,68,64,64,49,49,20,20,20,20,20,29,30,30,47,73,82,82,96,96,96,43,41,20,20,12,0],"gold":306,"neow_bonus":"RANDOM_COMMON_RELIC","is_prod":false,"is_daily":false,"chose_seed":false,"campfire_upgraded":3,"win_rate":0,"timestamp":1550417838,"path_taken":["M","?","?","M","$","E","R","E","T","M","M","R","E","M","R","BOSS","M","?","?","?","$","E","M","M","T","?","M"],"build_version":"2019-01-23","purchased_purges":2,"victory":false,"max_hp_per_floor":[75,75,75,75,75,75,75,75,75,75,75,75,82,82,82,82,82,82,82,96,96,96,96,96,96,96,96,96],"card_choices":[{"not_picked":["Streamline","Heatsinks"],"picked":"Self Repair","floor":1},{"not_picked":["Turbo","Storm"],"picked":"Sweeping Beam","floor":4},{"not_picked":["Conserve Battery","Barrage"],"picked":"Ball Lightning","floor":6},{"not_picked":["Static Discharge","Recycle"],"picked":"Leap","floor":8},{"not_picked":["Hologram","Rainbow"],"picked":"Leap","floor":10},{"not_picked":["Leap","Auto Shields"],"picked":"Stack","floor":11},{"not_picked":["Hello World","Gash"],"picked":"Conserve Battery","floor":13},{"not_picked":["White Noise","Streamline"],"picked":"Stack","floor":14},{"not_picked":["Creative AI","Meteor Strike"],"picked":"Fission","floor":16},{"not_picked":["Hologram","Turbo+1"],"picked":"Go for the Eyes+1","floor":18},{"not_picked":["Turbo","Force Field+1"],"picked":"Steam","floor":23},{"not_picked":["Doom and Gloom","Beam Cell"],"picked":"Lockon+1","floor":24},{"not_picked":["Go for the Eyes","Streamline+1"],"picked":"Defragment","floor":25},{"not_picked":["Steam","Conserve Battery"],"picked":"Ball Lightning","floor":27}],"player_experience":220600,"relics_obtained":[{"floor":6,"key":"Oddly Smooth Stone"},{"floor":8,"key":"Pen Nib"},{"floor":9,"key":"Lantern"},{"floor":13,"key":"Strawberry"},{"floor":23,"key":"Omamori"},{"floor":26,"key":"MawBank"}],"event_choices":[{"damage_healed":0,"gold_gain":0,"player_choice":"Success","damage_taken":7,"relics_obtained":["Pantograph"],"max_hp_gain":0,"max_hp_loss":0,"event_name":"Scrap Ooze","floor":2,"gold_loss":0},{"damage_healed":0,"gold_gain":175,"player_choice":"AGREE","damage_taken":0,"max_hp_gain":0,"max_hp_loss":0,"event_name":"Liars Game","floor":3,"gold_loss":0,"cards_obtained":["Doubt"]},{"damage_healed":0,"gold_gain":0,"player_choice":"Opened","damage_taken":0,"relics_obtained":["Cables"],"max_hp_gain":0,"max_hp_loss":0,"event_name":"The Mausoleum","floor":19,"gold_loss":0,"cards_obtained":["Writhe"]},{"damage_healed":0,"gold_gain":0,"player_choice":"Obtained Relic","damage_taken":0,"relics_obtained":["Mango"],"max_hp_gain":0,"max_hp_loss":0,"event_name":"Addict","floor":20,"gold_loss":85}],"is_beta":false,"boss_relics":[{"not_picked":["Inserter","Orrery"],"picked":"Eternal Feather"}],"items_purged_floors":[5,21],"is_endless":false,"potions_floor_spawned":[4,8,11,13,23,24,25],"killed_by":"Centurion and Healer","ascension_level":5}