{"gold_per_floor":[112,187,187,205,355,355,366,366,366,366,366,366,384,92,92,167,167,177,177,24,36,55,55,66,66,66,86,15,42,42,42,42,116,116,130,130,130,230,230,255,255,110,110,110,125,142,142,142,142,142],"floor_reached":51,"playtime":3211,"items_purged":["Doubt","Strike_G"],"score":1362,"play_id":"d5cf63d8-fc12-4d89-9178-9397a6bd3fc7","local_time":"20190112213401","is_ascension_mode":true,"campfire_choices":[{"data":"Neutralize","floor":6.0,"key":"SMITH"},{"data":"Footwork","floor":10.0,"key":"SMITH"},{"data":"Flying Knee","floor":12.0,"key":"SMITH"},{"data":"Thinking Ahead","floor":15.0,"key":"SMITH"},{"data":"Apotheosis","floor":23.0,"key":"SMITH"},{"data":"Burst","floor":25.0,"key":"SMITH"},{"data":"Strike_G","floor":30,"key":"PURGE"},{"floor":32,"key":"REST"},{"data":"Strike_G","floor":41,"key":"PURGE"},{"data":"Venomology","floor":44,"key":"SMITH"},{"floor":49,"key":"REST"}],"neow_cost":"PERCENT_DAMAGE","seed_source_timestamp":38393091888632,"circlet_count":0,"master_deck":["AscendersBane","Defend_G","Defend_G","Defend_G","Defend_G","Defend_G","Survivor","Neutralize+1","Corpse Explosion","Deflect","Flying Knee+1","Footwork+1","Backflip","Thinking Ahead+1","Blur","Burst+1","Terror","Footwork+1","Apotheosis+1","Blur","Catalyst","Deadly Poison","Concentrate","Bouncing Flask","Venomology+1","Catalyst","Footwork","Catalyst","Prepared+1","PiercingWail+1","Panacea"],"special_seed":0,"relics":["Ring of the Snake","Meat on the Bone","The Courier","Runic Pyramid","Potion Belt","Peace Pipe","Velvet Choker","Pocketwatch","Bottled Flame","Molten Egg 2"],"potions_floor_usage":[29,35,35,40,46,50,50,50,50,50],"damage_taken":[{"damage":1.0,"enemies":"Cultist","floor":1.0,"turns":5.0},{"damage":4.0,"enemies":"Jaw Worm","floor":4.0,"turns":4.0},{"damage":8.0,"enemies":"Small Slimes","floor":7.0,"turns":4.0},{"damage":3.0,"enemies":"2 Fungi Beasts","floor":13.0,"turns":3.0},{"damage":17.0,"enemies":"The Guardian","floor":16.0,"turns":17.0},{"damage":15.0,"enemies":"2 Thieves","floor":18.0,"turns":3.0},{"damage":0.0,"enemies":"Spheric Guardian","floor":21.0,"turns":8.0},{"damage":4.0,"enemies":"Cultist and Chosen","floor":22.0,"turns":10.0},{"damage":0.0,"enemies":"Centurion and Healer","floor":24.0,"turns":7.0},{"damage":5.0,"enemies":"Snake Plant","floor":27.0,"turns":6.0},{"damage":17,"enemies":"Gremlin Leader","floor":29,"turns":6},{"damage":14,"enemies":"Automaton","floor":33,"turns":10},{"damage":0,"enemies":"Orb Walker","floor":35,"turns":5},{"damage":0,"enemies":"Mind Bloom Boss Battle","floor":38,"turns":6},{"damage":0,"enemies":"Giant Head","floor":40,"turns":8},{"damage":0,"enemies":"3 Shapes","floor":45,"turns":4},{"damage":0,"enemies":"Maw","floor":46,"turns":6},{"damage":0,"enemies":"Awakened One","floor":50,"turns":19}],"seed_played":"1374895400556463240","potions_obtained":[{"floor":1.0,"key":"EssenceOfSteel"},{"floor":16.0,"key":"GamblersBrew"},{"floor":18.0,"key":"LiquidBronze"},{"floor":22.0,"key":"LiquidBronze"},{"floor":29,"key":"Energy Potion"},{"floor":33,"key":"EssenceOfSteel"}],"is_trial":false,"path_per_floor":["M","?","T","M","?","R","M","?","T","R","?","R","M","$","R","B",null,"M","?","$","M","M","R","M","R","T","M","$","E","R","$","R","B",null,"M","?","?","?","?","E","R","$","T","R","M","M","?","?","R","B",null],"character_chosen":"THE_SILENT","items_purchased":["Thinking Ahead","Blur","Apotheosis","Concentrate","Weak Potion","Catalyst"],"campfire_rested":2,"item_purchase_floors":[14,14,20,28,28,42],"current_hp_per_floor":[43,32,32,40,40,40,44,44,44,44,44,44,41,41,41,36,59,44,44,44,44,40,40,40,40,40,35,35,30,30,30,49,35,58,58,58,58,58,58,58,58,58,58,58,58,58,58,58,63,63],"gold":142,"neow_bonus":"THREE_RARE_CARDS","is_prod":false,"is_daily":false,"chose_seed":false,"campfire_upgraded":7,"win_rate":0,"timestamp":1547318041,"path_taken":["M","?","?","M","?","R","M","?","T","R","?","R","?","$","R","BOSS","M","?","$","M","M","R","M","R","T","?","?","E","R","$","R","BOSS","M","?","?","?","?","E","R","$","T","R","M","?","?","?","R","BOSS"],"build_version":"2019-01-10","purchased_purges":2,"victory":true,"max_hp_per_floor":[66,66,66,66,66,66,66,66,66,66,66,66,66,66,66,66,66,66,66,66,66,66,66,66,66,66,66,66,66,66,66,66,66,66,66,66,63,63,63,63,63,63,63,63,63,63,63,63,63,63],"card_choices":[{"not_picked":["Night Terror","Doppelganger"],"picked":"Corpse Explosion","floor":0.0},{"not_picked":["Accuracy","Blade Dance"],"picked":"Deflect","floor":1.0},{"not_picked":["Reflex","Dagger Spray"],"picked":"Flying Knee","floor":4.0},{"not_picked":["Underhanded Strike","Bane"],"picked":"Footwork","floor":7.0},{"not_picked":["Predator","Sucker Punch"],"picked":"Backflip","floor":13.0},{"not_picked":["After Image","Venomology"],"picked":"Burst","floor":16.0},{"not_picked":["Quick Slash+1","Acrobatics"],"picked":"Terror","floor":18.0},{"not_picked":["Dagger Spray","PiercingWail"],"picked":"Blur","floor":21.0},{"not_picked":["Deflect","Skewer","Dagger Spray"],"picked":"SKIP","floor":22.0},{"not_picked":["Acrobatics","Deflect"],"picked":"Catalyst","floor":24.0},{"not_picked":["Prepared","Tactician"],"picked":"Deadly Poison","floor":27.0},{"not_picked":["Outmaneuver","Underhanded Strike+1"],"picked":"Bouncing Flask","floor":29},{"not_picked":["Die Die Die","Malaise"],"picked":"Venomology","floor":33},{"not_picked":["Poisoned Stab","Flying Knee"],"picked":"Catalyst","floor":35},{"not_picked":["Accuracy+1","Flying Knee"],"picked":"Footwork","floor":38},{"not_picked":["Malaise","Die Die Die","Flechettes"],"picked":"SKIP","floor":40},{"not_picked":["Crippling Poison","PiercingWail"],"picked":"Prepared+1","floor":45},{"not_picked":["Slice+1","Dagger Spray+1"],"picked":"PiercingWail+1","floor":46},{"not_picked":["Sadistic Nature","Madness"],"picked":"Panacea","floor":48}],"player_experience":451499,"relics_obtained":[{"floor":3.0,"key":"Meat on the Bone"},{"floor":9.0,"key":"The Courier"},{"floor":26.0,"key":"Potion Belt"},{"floor":29,"key":"Peace Pipe"},{"floor":38,"key":"Pocketwatch"},{"floor":40,"key":"Bottled Flame"},{"floor":43,"key":"Molten Egg 2"}],"event_choices":[{"damage_healed":0.0,"max_hp_gain":0.0,"max_hp_loss":0.0,"gold_gain":75.0,"event_name":"World of Goop","player_choice":"Gather Gold","floor":2.0,"gold_loss":0.0,"damage_taken":11.0},{"damage_healed":0.0,"max_hp_gain":0.0,"max_hp_loss":0.0,"gold_gain":150.0,"event_name":"Liars Game","player_choice":"AGREE","floor":5.0,"gold_loss":0.0,"damage_taken":0.0,"cards_obtained":["Doubt"]},{"cards_removed":["Strike_G"],"damage_healed":0.0,"max_hp_gain":0.0,"max_hp_loss":0.0,"gold_gain":0.0,"event_name":"Living Wall","player_choice":"Forget","floor":8.0,"gold_loss":0.0,"damage_taken":0.0},{"damage_healed":0.0,"max_hp_gain":0.0,"max_hp_loss":0.0,"gold_gain":0.0,"event_name":"Dead Adventurer","player_choice":"Searched \u00271\u0027 times","floor":11.0,"gold_loss":0.0,"damage_taken":0.0},{"damage_healed":0.0,"max_hp_gain":0.0,"max_hp_loss":0.0,"gold_gain":0.0,"event_name":"Duplicator","player_choice":"Copied","floor":19.0,"gold_loss":0.0,"damage_taken":0.0,"cards_obtained":["Footwork"]},{"damage_healed":0,"gold_gain":0,"player_choice":"Ignored","damage_taken":0,"max_hp_gain":0,"max_hp_loss":0,"event_name":"Tomb of Lord Red Mask","floor":36,"gold_loss":0},{"damage_healed":0,"gold_gain":0,"player_choice":"Max HP","damage_taken":0,"max_hp_gain":0,"max_hp_loss":3,"event_name":"Winding Halls","floor":37,"gold_loss":0},{"damage_healed":0,"gold_gain":0,"player_choice":"Fight","damage_taken":0,"max_hp_gain":0,"max_hp_loss":0,"event_name":"MindBloom","floor":38,"gold_loss":0},{"cards_removed":["Strike_G"],"damage_healed":0,"gold_gain":0,"player_choice":"Removed Attack","damage_taken":0,"max_hp_gain":0,"max_hp_loss":0,"event_name":"Falling","floor":39,"gold_loss":0},{"damage_healed":0,"gold_gain":0,"player_choice":"Ignored","damage_taken":0,"max_hp_gain":0,"max_hp_loss":0,"event_name":"Mysterious Sphere","floor":47,"gold_loss":0},{"damage_healed":0,"gold_gain":0,"player_choice":"Memory 1","damage_taken":0,"max_hp_gain":0,"max_hp_loss":0,"event_name":"SensoryStone","floor":48,"gold_loss":0}],"is_beta":false,"boss_relics":[{"not_picked":["Fusion Hammer","Ring of the Serpent"],"picked":"Runic Pyramid"},{"not_picked":["Pandora\u0027s Box","WristBlade"],"picked":"Velvet Choker"}],"items_purged_floors":[14,42],"is_endless":false,"potions_floor_spawned":[1,16,18,22,29,33,38],"ascension_level":16}