{"gold_per_floor":[117,117,138,138,138,138,173,60,60,60,93,116,116,139,139,139],"floor_reached":16,"playtime":385,"items_purged":["Strike_B"],"score":153,"play_id":"b6ab66e2-8445-4556-b5b7-e2f178090414","local_time":"20190122185239","is_ascension_mode":true,"campfire_choices":[{"data":"Zap","floor":6,"key":"SMITH"},{"data":"Loop","floor":10,"key":"SMITH"},{"data":"Stack","floor":13,"key":"SMITH"},{"data":"Static Discharge","floor":15,"key":"SMITH"}],"neow_cost":"NONE","seed_source_timestamp":718281399504365,"circlet_count":0,"master_deck":["Strike_B+1","Strike_B","Defend_B+1","Defend_B","Defend_B","Defend_B+1","Zap+1","Dualcast+1","Compile Driver","Leap","Ball Lightning","Loop+1","Stack+1","Static Discharge+1","Leap"],"relics":["Cracked Core","NeowsBlessing","Golden Idol","War Paint","Darkstone Periapt","Unceasing Top"],"potions_floor_usage":[16],"damage_taken":[{"damage":0,"enemies":"Small Slimes","floor":1,"turns":1},{"damage":0,"enemies":"2 Louse","floor":3,"turns":1},{"damage":0,"enemies":"Lagavulin","floor":7,"turns":1},{"damage":26,"enemies":"3 Sentries","floor":11,"turns":5},{"damage":0,"enemies":"Cultist","floor":12,"turns":3},{"damage":0,"enemies":"Looter","floor":14,"turns":2},{"damage":24,"enemies":"Slime Boss","floor":16,"turns":3}],"seed_played":"-543922280498526083","potions_obtained":[{"floor":1,"key":"FearPotion"},{"floor":7,"key":"Ancient Potion"},{"floor":12,"key":"SkillPotion"}],"is_trial":false,"path_per_floor":["M","?","M","?","?","R","E","$","T","R","E","M","R","M","R","B"],"character_chosen":"DEFECT","items_purchased":["Loop"],"campfire_rested":0,"item_purchase_floors":[8],"current_hp_per_floor":[75,69,69,62,48,48,48,48,48,48,22,22,22,22,22,0],"gold":139,"neow_bonus":"THREE_ENEMY_KILL","is_prod":false,"is_daily":false,"chose_seed":false,"campfire_upgraded":4,"win_rate":0,"timestamp":1548154359,"path_taken":["M","?","M","?","?","R","E","$","T","R","E","M","R","M","R","BOSS"],"build_version":"2019-01-17v2","purchased_purges":1,"victory":false,"max_hp_per_floor":[75,69,69,69,69,69,69,69,69,69,69,69,69,69,69,69],"card_choices":[{"not_picked":["Rip and Tear","Recycle"],"picked":"Compile Driver","floor":1},{"not_picked":["Beam Cell","Rip and Tear"],"picked":"Leap","floor":3},{"not_picked":["Scrape","Auto Shields"],"picked":"Ball Lightning","floor":7},{"not_picked":["Leap","Tempest"],"picked":"Stack","floor":11},{"not_picked":["Blizzard","Gash"],"picked":"Static Discharge","floor":12},{"not_picked":["Consume","Go for the Eyes"],"picked":"Leap","floor":14}],"player_experience":185524,"relics_obtained":[{"floor":7,"key":"War Paint"},{"floor":9,"key":"Darkstone Periapt"},{"floor":11,"key":"Unceasing Top"}],"event_choices":[{"damage_healed":0,"gold_gain":0,"player_choice":"Lose Max HP","damage_taken":0,"relics_obtained":["Golden Idol"],"max_hp_gain":0,"max_hp_loss":6,"event_name":"Golden Idol","floor":2,"gold_loss":0},{"cards_removed":["Strike_B"],"damage_healed":0,"gold_gain":0,"player_choice":"Card Removal","damage_taken":7,"max_hp_gain":0,"max_hp_loss":0,"event_name":"Golden Wing","floor":4,"gold_loss":0},{"damage_healed":0,"gold_gain":0,"player_choice":"Entered Light","damage_taken":14,"max_hp_gain":0,"max_hp_loss":0,"event_name":"Shining Light","floor":5,"gold_loss":0,"cards_upgraded":["Strike_B","Defend_B"]}],"is_beta":false,"boss_relics":[],"items_purged_floors":[8],"is_endless":false,"potions_floor_spawned":[1,7,12],"killed_by":"Slime Boss","ascension_level":3}