{"gold_per_floor":[119,119,84,259,278,278,291,321,368,82,82,112,126,146,146,241,241,251,251,166,184,202,202,222,50,76,2,14,14],"floor_reached":29,"playtime":1653,"items_purged":["Doubt","Strike_G"],"score":270,"play_id":"ac48bc85-4666-4963-8ad4-5d1456173a51","local_time":"20190106002947","is_ascension_mode":true,"campfire_choices":[{"data":"Cloak And Dagger","floor":6.0,"key":"SMITH"},{"floor":11.0,"key":"REST"},{"floor":15.0,"key":"REST"},{"data":"Noxious Fumes","floor":23.0,"key":"SMITH"}],"neow_cost":"PERCENT_DAMAGE","seed_source_timestamp":12323845586122,"circlet_count":0,"master_deck":["Defend_G","Defend_G","Defend_G","Defend_G","Defend_G","Strike_G","Strike_G","Survivor","Neutralize","Choke","Cloak And Dagger+1","Deadly Poison","Corpse Explosion","Flying Knee+1","Terror","Well Laid Plans","Noxious Fumes+1","Deadly Poison","Sucker Punch+1","Blur","Leg Sweep","Tactician"],"special_seed":0,"relics":["Ring of the Snake","Molten Egg 2","Bottled Lightning","Orichalcum","Ornamental Fan","Runic Dome","Dream Catcher","Potion Belt"],"potions_floor_usage":[29,29],"damage_taken":[{"damage":0.0,"enemies":"Cultist","floor":1.0,"turns":4.0},{"damage":0.0,"enemies":"Small Slimes","floor":5.0,"turns":4.0},{"damage":0.0,"enemies":"Jaw Worm","floor":7.0,"turns":4.0},{"damage":38.0,"enemies":"Lagavulin","floor":8.0,"turns":7.0},{"damage":26.0,"enemies":"Gremlin Nob","floor":12.0,"turns":4.0},{"damage":15.0,"enemies":"Exordium Thugs","floor":13.0,"turns":3.0},{"damage":4.0,"enemies":"Lots of Slimes","floor":14.0,"turns":3.0},{"damage":22.0,"enemies":"The Guardian","floor":16.0,"turns":8.0},{"damage":23.0,"enemies":"2 Thieves","floor":18.0,"turns":3.0},{"damage":0.0,"enemies":"Chosen","floor":21.0,"turns":4.0},{"damage":8.0,"enemies":"Snecko","floor":22.0,"turns":4.0},{"damage":10.0,"enemies":"3 Cultists","floor":24.0,"turns":3.0},{"damage":23.0,"enemies":"Centurion and Healer","floor":28.0,"turns":7.0},{"damage":13,"enemies":"Book of Stabbing","floor":29,"turns":4}],"seed_played":"-8407081946008676435","potions_obtained":[{"floor":1.0,"key":"Fire Potion"},{"floor":12.0,"key":"GhostInAJar"},{"floor":16.0,"key":"Strength Potion"},{"floor":21.0,"key":"Weak Potion"},{"floor":22.0,"key":"Strength Potion"},{"floor":24.0,"key":"Weak Potion"}],"is_trial":false,"path_per_floor":["M","T","?","?","M","R","M","E","T","$","R","E","M","M","R","B",null,"M","?","?","M","M","R","M","$","T","$","M","E"],"character_chosen":"THE_SILENT","items_purchased":["Fruit Juice","Flying Knee+1","Terror","Leg Sweep","Tactician"],"campfire_rested":2,"item_purchase_floors":[10,10,10,25,27],"current_hp_per_floor":[49,49,66,66,66,66,66,28,28,33,55,29,14,10,32,10,75,52,52,52,52,44,44,34,34,34,34,11,0],"gold":14,"neow_bonus":"REMOVE_TWO","is_prod":false,"is_daily":false,"chose_seed":false,"campfire_upgraded":2,"win_rate":0,"timestamp":1546723787,"path_taken":["M","?","?","?","M","R","M","E","T","$","R","E","M","M","R","BOSS","M","?","?","?","M","R","M","$","T","?","M","E"],"build_version":"2019-01-03v4","purchased_purges":2,"victory":false,"max_hp_per_floor":[70,70,70,70,70,70,70,70,70,75,75,75,75,75,75,75,75,75,75,75,75,75,75,75,75,75,75,75,75],"card_choices":[{"not_picked":["Underhanded Strike","Blade Dance"],"picked":"Choke","floor":1.0},{"not_picked":["Dagger Throw+1","Setup"],"picked":"Cloak And Dagger","floor":5.0},{"not_picked":["Acrobatics","Prepared"],"picked":"Deadly Poison","floor":7.0},{"not_picked":["Deflect","Poisoned Stab+1"],"picked":"Corpse Explosion","floor":8.0},{"not_picked":["Tools of the Trade","Backflip"],"picked":"Well Laid Plans","floor":12.0},{"not_picked":["Underhanded Strike+1","Dodge and Roll"],"picked":"Noxious Fumes","floor":13.0},{"not_picked":["Escape Plan","Prepared"],"picked":"Deadly Poison","floor":14.0},{"not_picked":["Infinite Blades","Prepared","Flying Knee+1"],"picked":"SKIP","floor":18.0},{"not_picked":["Deflect","Underhanded Strike+1","Acrobatics"],"picked":"SKIP","floor":21.0},{"not_picked":["Prepared","Dagger Spray+1","Finisher+1"],"picked":"SKIP","floor":22.0},{"not_picked":["Prepared","Deflect"],"picked":"Blur","floor":24.0},{"not_picked":["Concentrate","Infinite Blades","All Out Attack+1"],"picked":"SKIP","floor":28.0}],"player_experience":381715,"relics_obtained":[{"floor":2.0,"key":"Molten Egg 2"},{"floor":8.0,"key":"Bottled Lightning"},{"floor":9.0,"key":"Orichalcum"},{"floor":12.0,"key":"Ornamental Fan"},{"floor":26.0,"key":"Potion Belt"}],"event_choices":[{"damage_healed":17.0,"max_hp_gain":0.0,"max_hp_loss":0.0,"gold_gain":0.0,"event_name":"The Cleric","player_choice":"Healed","floor":3.0,"gold_loss":35.0,"damage_taken":0.0},{"damage_healed":0.0,"max_hp_gain":0.0,"max_hp_loss":0.0,"gold_gain":175.0,"event_name":"Liars Game","player_choice":"AGREE","floor":4.0,"gold_loss":0.0,"damage_taken":0.0,"cards_obtained":["Doubt"]},{"damage_healed":0.0,"max_hp_gain":0.0,"max_hp_loss":0.0,"gold_gain":0.0,"event_name":"The Library","player_choice":"Read","floor":19.0,"gold_loss":0.0,"damage_taken":0.0,"cards_obtained":["Sucker Punch"]},{"damage_healed":0.0,"max_hp_gain":0.0,"max_hp_loss":0.0,"gold_gain":0.0,"event_name":"Addict","player_choice":"Obtained Relic","floor":20.0,"gold_loss":85.0,"damage_taken":0.0,"relics_obtained":["Dream Catcher"]}],"is_beta":false,"boss_relics":[{"not_picked":["Ring of the Serpent","Eternal Feather"],"picked":"Runic Dome"}],"items_purged_floors":[10,25],"is_endless":false,"potions_floor_spawned":[1,12,16,21,22,24],"killed_by":"Book of Stabbing","ascension_level":3}