{"gold_per_floor":[217,15,35,52,227,254,254,271,296,296,324,340,352,370,370,472,472,487,504,517,517,517,517],"floor_reached":23,"playtime":1443,"items_purged":[],"score":205,"play_id":"449ec2b2-ad5c-4a8c-83a0-0d4ff50a7f94","local_time":"20190106034302","is_ascension_mode":false,"campfire_choices":[{"data":"Bash","floor":7,"key":"SMITH"},{"data":"Armaments","floor":10,"key":"SMITH"},{"data":"Pommel Strike","floor":15,"key":"SMITH"}],"neow_cost":"NONE","seed_source_timestamp":196937814640741,"circlet_count":0,"master_deck":["Strike_R","Strike_R","Strike_R","Strike_R","Strike_R","Defend_R","Defend_R","Defend_R","Defend_R","Bash+1","Dropkick","Cleave","Twin Strike","Pommel Strike+1","Armaments+1","Clash","Seeing Red","Cleave","Anger","Offering","Cleave","Sword Boomerang","Shockwave+1"],"relics":["Burning Blood","HandDrill","Strawberry","Dream Catcher","Bag of Marbles","Black Star"],"potions_floor_usage":[6,11,11,23,23],"damage_taken":[{"damage":13,"enemies":"Jaw Worm","floor":1,"turns":7},{"damage":1,"enemies":"2 Louse","floor":3,"turns":3},{"damage":3,"enemies":"Small Slimes","floor":4,"turns":3},{"damage":44,"enemies":"3 Sentries","floor":6,"turns":7},{"damage":6,"enemies":"Blue Slaver","floor":8,"turns":4},{"damage":6,"enemies":"Gremlin Nob","floor":11,"turns":4},{"damage":0,"enemies":"3 Louse","floor":12,"turns":1},{"damage":5,"enemies":"Large Slime","floor":13,"turns":5},{"damage":5,"enemies":"Looter","floor":14,"turns":2},{"damage":62,"enemies":"Slime Boss","floor":16,"turns":12},{"damage":6,"enemies":"Shell Parasite","floor":18,"turns":2},{"damage":43,"enemies":"2 Thieves","floor":19,"turns":5},{"damage":39,"enemies":"Cultist and Chosen","floor":20,"turns":5},{"damage":31,"enemies":"Slavers","floor":23,"turns":3}],"seed_played":"7562957815037211790","potions_obtained":[{"floor":3,"key":"Poison Potion"},{"floor":4,"key":"Regen Potion"},{"floor":6,"key":"SkillPotion"},{"floor":8,"key":"Block Potion"},{"floor":12,"key":"BloodPotion"}],"is_trial":false,"path_per_floor":["M","$","M","M","?","E","R","M","T","R","E","M","M","M","R","B",null,"M","M","M","?","?","E"],"character_chosen":"IRONCLAD","items_purchased":["HandDrill"],"campfire_rested":0,"item_purchase_floors":[2],"current_hp_per_floor":[73,73,78,80,80,61,61,61,61,61,61,67,68,69,69,13,87,87,50,17,17,17,0],"gold":517,"neow_bonus":"HUNDRED_GOLD","is_prod":false,"is_daily":false,"chose_seed":false,"campfire_upgraded":3,"win_rate":0,"timestamp":1546717382,"path_taken":["M","$","M","M","?","E","R","M","T","R","E","M","M","M","R","BOSS","M","M","M","?","?","E"],"build_version":"2019-01-03v4","purchased_purges":0,"victory":false,"max_hp_per_floor":[80,80,80,80,80,87,87,87,87,87,87,87,87,87,87,87,87,87,87,87,87,87,87],"card_choices":[{"not_picked":["Iron Wave","Twin Strike"],"picked":"Dropkick","floor":1},{"not_picked":["Evolve","Uppercut"],"picked":"Cleave","floor":3},{"not_picked":["Clothesline","Flex"],"picked":"Twin Strike","floor":4},{"not_picked":["Reaper","Perfected Strike"],"picked":"Pommel Strike","floor":6},{"not_picked":["Sword Boomerang","Battle Trance"],"picked":"Armaments","floor":8},{"not_picked":["Seeing Red","Sword Boomerang"],"picked":"Clash","floor":11},{"not_picked":["Hemokinesis","True Grit"],"picked":"Seeing Red","floor":12},{"not_picked":["Carnage","Disarm"],"picked":"Cleave","floor":13},{"not_picked":["Fire Breathing","Rupture"],"picked":"Anger","floor":14},{"not_picked":["Demon Form","Barricade"],"picked":"Offering","floor":16},{"not_picked":["Carnage","Anger"],"picked":"Cleave","floor":18},{"not_picked":["Anger","Ghostly Armor"],"picked":"Sword Boomerang","floor":19},{"not_picked":["Perfected Strike","True Grit+1"],"picked":"Shockwave+1","floor":20}],"player_experience":65396,"relics_obtained":[{"floor":6,"key":"Strawberry"},{"floor":9,"key":"Dream Catcher"},{"floor":11,"key":"Bag of Marbles"}],"event_choices":[{"damage_healed":0,"gold_gain":175,"player_choice":"AGREE","damage_taken":0,"max_hp_gain":0,"max_hp_loss":0,"event_name":"Liars Game","floor":5,"gold_loss":0,"cards_obtained":["Doubt"]},{"cards_removed":["Doubt"],"damage_healed":0,"gold_gain":0,"player_choice":"Elegance","damage_taken":0,"max_hp_gain":0,"max_hp_loss":0,"event_name":"Back to Basics","floor":21,"gold_loss":0},{"damage_healed":0,"gold_gain":0,"player_choice":"Ignored","damage_taken":0,"max_hp_gain":0,"max_hp_loss":0,"event_name":"The Mausoleum","floor":22,"gold_loss":0}],"is_beta":false,"boss_relics":[{"not_picked":["Lizard Tail","Tiny House"],"picked":"Black Star"}],"items_purged_floors":[],"is_endless":false,"potions_floor_spawned":[3,4,6,8,12],"killed_by":"Slavers","ascension_level":0}