{"gold_per_floor":[118,118,118,118,131,195,195,218,218,218,241,241,256,276,276,399,399,399,399,399,399,399,399,399,314,314,314,314,314,314,314,314,314,314,314,314,20,20,20,20,20,20,20,20,20,20,20,20,20,20],"floor_reached":51,"playtime":3558,"items_purged":["Zap"],"score":728,"play_id":"6cb4332f-a6b0-468e-b29e-36645398d0f2","local_time":"20181208151318","is_ascension_mode":false,"campfire_choices":[{"floor":10.0,"key":"REST"},{"data":"Defragment","floor":12.0,"key":"SMITH"},{"data":"Echo Form","floor":15.0,"key":"SMITH"},{"floor":23.0,"key":"REST"},{"floor":28.0,"key":"REST"},{"floor":32.0,"key":"REST"},{"data":"Redo","floor":40.0,"key":"SMITH"},{"data":"Fission","floor":42.0,"key":"SMITH"},{"floor":49,"key":"REST"}],"neow_cost":"NONE","seed_source_timestamp":13453783099361,"circlet_count":0,"master_deck":["Strike_B+1","Strike_B","Strike_B+1","Defend_B","Defend_B","Defend_B","Defend_B","Dualcast+1","Defragment+1","Gash+1","Leap","White Noise","Leap","Echo Form+1","Fission+1","Reinforced Body+1","Redo+1","Coolheaded","Skim","Loop+1","Glacier+1","Buffer+1","Machine Learning+1","Undo+1","Leap","Redo","Creative AI+1","Redo+1"],"special_seed":0,"relics":["FrozenCore","NeowsBlessing","Bloody Idol","Pocketwatch","Tiny Chest","Torii","Ectoplasm","Symbiotic Virus","Frozen Egg 2","Vajra","Runic Capacitor","Bronze Scales","Whetstone","Mercury Hourglass"],"potions_floor_usage":[50,50,50],"damage_taken":[{"damage":0.0,"enemies":"2 Louse","floor":1.0,"turns":1.0},{"damage":0.0,"enemies":"Jaw Worm","floor":5.0,"turns":1.0},{"damage":0.0,"enemies":"Gremlin Nob","floor":6.0,"turns":1.0},{"damage":2.0,"enemies":"Small Slimes","floor":8.0,"turns":2.0},{"damage":1.0,"enemies":"3 Louse","floor":11.0,"turns":4.0},{"damage":2.0,"enemies":"Exordium Wildlife","floor":13.0,"turns":4.0},{"damage":1.0,"enemies":"Large Slime","floor":14.0,"turns":4.0},{"damage":2.0,"enemies":"The Guardian","floor":16.0,"turns":10.0},{"damage":37.0,"enemies":"Shell Parasite","floor":18.0,"turns":11.0},{"damage":9.0,"enemies":"Spheric Guardian","floor":19.0,"turns":5.0},{"damage":12.0,"enemies":"Centurion and Healer","floor":21.0,"turns":12.0},{"damage":8.0,"enemies":"Snake Plant","floor":24.0,"turns":5.0},{"damage":1.0,"enemies":"Cultist and Chosen","floor":27.0,"turns":7.0},{"damage":0.0,"enemies":"Chosen and Byrds","floor":29.0,"turns":6.0},{"damage":9.0,"enemies":"Shelled Parasite and Fungi","floor":30.0,"turns":5.0},{"damage":21.0,"enemies":"Gremlin Leader","floor":31.0,"turns":8.0},{"damage":26.0,"enemies":"Automaton","floor":33.0,"turns":9.0},{"damage":0.0,"enemies":"3 Shapes","floor":35.0,"turns":6.0},{"damage":0.0,"enemies":"Orb Walker","floor":41.0,"turns":5.0},{"damage":7,"enemies":"Nemesis","floor":44,"turns":7},{"damage":0,"enemies":"4 Shapes","floor":45,"turns":8},{"damage":12,"enemies":"Sphere and 2 Shapes","floor":46,"turns":7},{"damage":11,"enemies":"Transient","floor":47,"turns":5},{"damage":19,"enemies":"4 Shapes","floor":48,"turns":8},{"damage":30,"enemies":"Donu and Deca","floor":50,"turns":14}],"seed_played":"8207944213208642447","potions_obtained":[{"floor":5.0,"key":"SpeedPotion"},{"floor":8.0,"key":"LiquidBronze"},{"floor":14.0,"key":"Energy Potion"},{"floor":16.0,"key":"GamblersBrew"},{"floor":19.0,"key":"Weak Potion"},{"floor":24.0,"key":"SpeedPotion"},{"floor":27.0,"key":"Weak Potion"},{"floor":31.0,"key":"Ancient Potion"},{"floor":33.0,"key":"Swift Potion"},{"floor":44,"key":"Ancient Potion"}],"is_trial":false,"path_per_floor":["M","?","?","?","M","E","?","M","T","R","M","R","M","M","R","B",null,"M","M","?","M","?","R","M","?","T","M","R","M","M","E","R","B",null,"M","?","$","$","T","R","M","R","T","E","M","M","M","M","R","B",null],"character_chosen":"DEFECT","items_purchased":["Runic Capacitor","Leap"],"campfire_rested":5,"item_purchase_floors":[37,37],"current_hp_per_floor":[75,57,32,32,32,32,17,15,15,37,36,36,34,33,33,31,75,38,29,29,17,17,39,31,31,31,30,52,52,43,22,44,18,75,75,75,75,75,75,75,75,75,75,68,68,56,45,26,48,18],"gold":20,"neow_bonus":"THREE_ENEMY_KILL","is_prod":false,"is_daily":false,"chose_seed":false,"campfire_upgraded":4,"win_rate":0,"timestamp":1544271198,"path_taken":["M","?","?","?","M","E","?","M","T","R","M","R","M","M","R","BOSS","M","M","?","M","?","R","?","?","T","M","R","M","M","E","R","BOSS","M","?","?","$","?","R","M","R","T","E","M","M","?","M","R","BOSS"],"build_version":"2018-12-06","purchased_purges":1,"victory":true,"max_hp_per_floor":[75,75,75,75,75,75,75,75,75,75,75,75,75,75,75,75,75,75,75,75,75,75,75,75,75,75,75,75,75,75,75,75,75,75,75,75,75,75,75,75,75,75,75,75,75,75,75,75,75,75],"card_choices":[{"not_picked":["Go for the Eyes","Redo"],"picked":"Defragment","floor":1.0},{"not_picked":["Beam Cell","Hologram"],"picked":"Gash","floor":5.0},{"not_picked":["Ball Lightning","Melter","Rainbow"],"picked":"SKIP","floor":6.0},{"not_picked":["White Noise","Undo"],"picked":"Leap","floor":8.0},{"not_picked":["Sweeping Beam","Melter"],"picked":"White Noise","floor":11.0},{"not_picked":["Fusion","Barrage"],"picked":"Leap","floor":13.0},{"not_picked":["Static Discharge","Recycle"],"picked":"Echo Form","floor":14.0},{"not_picked":["Amplify","Electrodynamics"],"picked":"Fission","floor":16.0},{"not_picked":["Turbo+1","Skim"],"picked":"Reinforced Body+1","floor":18.0},{"not_picked":["Storm","Fusion"],"picked":"Redo","floor":19.0},{"not_picked":["Hologram","Double Energy"],"picked":"Coolheaded","floor":21.0},{"not_picked":["Tempest","Turbo"],"picked":"Skim","floor":24.0},{"not_picked":["Sweeping Beam","Steam Power"],"picked":"Loop+1","floor":27.0},{"not_picked":["Go for the Eyes+1","Sweeping Beam+1"],"picked":"Glacier+1","floor":29.0},{"not_picked":["Compile Driver+1","Coolheaded","Ball Lightning"],"picked":"SKIP","floor":30.0},{"not_picked":["Chaos","Beam Cell"],"picked":"Buffer+1","floor":31.0},{"not_picked":["Electrodynamics+1","Fission"],"picked":"Machine Learning+1","floor":33.0},{"not_picked":["FTL","Streamline+1","Undo+1"],"picked":"SKIP","floor":35.0},{"not_picked":["FTL","Streamline+1"],"picked":"Undo+1","floor":35.0},{"not_picked":["Barrage+1","Turbo","Rebound"],"picked":"SKIP","floor":41.0},{"not_picked":["Stack","Steam"],"picked":"Redo","floor":44},{"not_picked":["Darkness+1","Scrape"],"picked":"Creative AI+1","floor":45},{"not_picked":["Hologram+1","Turbo+1","Barrage+1"],"picked":"SKIP","floor":46},{"not_picked":["Ball Lightning","Sweeping Beam","Skim+1"],"picked":"SKIP","floor":47},{"not_picked":["Reinforced Body","Rebound"],"picked":"Redo+1","floor":48}],"player_experience":265168,"relics_obtained":[{"floor":6.0,"key":"Tiny Chest"},{"floor":9.0,"key":"Torii"},{"floor":26.0,"key":"Frozen Egg 2"},{"floor":31.0,"key":"Vajra"},{"floor":39.0,"key":"Bronze Scales"},{"floor":43.0,"key":"Whetstone"},{"floor":44,"key":"Mercury Hourglass"}],"event_choices":[{"damage_healed":0.0,"max_hp_gain":0.0,"max_hp_loss":0.0,"gold_gain":0.0,"event_name":"Golden Idol","player_choice":"Take Damage","floor":2.0,"gold_loss":0.0,"damage_taken":18.0,"relics_obtained":["Golden Idol"]},{"damage_healed":0.0,"max_hp_gain":0.0,"max_hp_loss":0.0,"gold_gain":0.0,"event_name":"Scrap Ooze","player_choice":"Success","floor":3.0,"gold_loss":0.0,"damage_taken":25.0,"relics_obtained":["Pocketwatch"]},{"cards_removed":["Strike_B"],"damage_healed":0.0,"max_hp_gain":0.0,"max_hp_loss":0.0,"gold_gain":0.0,"event_name":"Living Wall","player_choice":"Forget","floor":4.0,"gold_loss":0.0,"damage_taken":0.0},{"damage_healed":0.0,"max_hp_gain":0.0,"max_hp_loss":0.0,"gold_gain":0.0,"event_name":"Shining Light","player_choice":"Entered Light","floor":7.0,"gold_loss":0.0,"damage_taken":15.0,"cards_upgraded":["Gash","Dualcast"]},{"damage_healed":0.0,"max_hp_gain":0.0,"max_hp_loss":0.0,"gold_gain":0.0,"event_name":"Forgotten Altar","player_choice":"Gave Idol","floor":20.0,"relics_lost":["Golden Idol"],"gold_loss":0.0,"damage_taken":0.0,"relics_obtained":["Bloody Idol"]},{"damage_healed":0.0,"max_hp_gain":0.0,"max_hp_loss":0.0,"gold_gain":200.0,"event_name":"Wheel of Change","player_choice":"Gold","floor":22.0,"gold_loss":0.0,"damage_taken":0.0},{"damage_healed":0.0,"max_hp_gain":0.0,"max_hp_loss":0.0,"gold_gain":0.0,"event_name":"Addict","player_choice":"Obtained Relic","floor":25.0,"gold_loss":85.0,"damage_taken":0.0,"relics_obtained":["Symbiotic Virus"]},{"damage_healed":0.0,"max_hp_gain":0.0,"max_hp_loss":0.0,"gold_gain":0.0,"event_name":"The Woman in Blue","player_choice":"Bought 0 Potions","floor":36.0,"gold_loss":0.0,"damage_taken":0.0}],"is_beta":false,"boss_relics":[{"not_picked":["Inserter","Runic Dome"],"picked":"Ectoplasm"},{"not_picked":["Snecko Eye","Eternal Feather"],"picked":"FrozenCore"}],"items_purged_floors":[37],"is_endless":false,"potions_floor_spawned":[5,8,14,16,19,24,27,31,33,41,44,46],"ascension_level":0}