{"gold_per_floor":[111,127,202,214,214,214,242,254,266,278,305,337,364,390,402,515,527,550,582,612,634,571,583,605,617,629,641,171,171,184,200,200,302,302,315,315,325,335,348,348,68,68,68,68,68,68,83,98,98,98],"floor_reached":51,"playtime":2901,"items_purged":["Strike_R"],"score":655,"play_id":"ed406514-c60b-4679-9d64-f0e182e7bfe3","local_time":"20181105214247","is_ascension_mode":false,"campfire_choices":[{"data":"Armaments","floor":6,"key":"SMITH"},{"data":"Metallicize","floor":8,"key":"SMITH"},{"floor":15,"key":"REST"},{"floor":23,"key":"REST"},{"data":"Offering","floor":25,"key":"SMITH"},{"data":"Exhume","floor":32,"key":"SMITH"},{"data":"Barricade","floor":40,"key":"SMITH"},{"data":"Shrug It Off","floor":42,"key":"SMITH"},{"data":"Rupture","floor":44,"key":"SMITH"},{"data":"Combust","floor":46,"key":"SMITH"},{"floor":49,"key":"REST"}],"neow_cost":"NONE","seed_source_timestamp":42238672801659,"circlet_count":0,"master_deck":["Defend_R","Defend_R","Defend_R","Bash","Uppercut","Armaments+1","Whirlwind","Metallicize+1","Shrug It Off+1","Offering+1","Infernal Blade+1","Combust+1","Rupture+1","Exhume+1","Bite","Bite","Bite","Bite","Bite","Barricade+1"],"relics":["Burning Blood","MawBank","Bottled Tornado","Mark of Pain","Thread and Needle","Shuriken","Cursed Key","Membership Card","Lantern"],"potions_floor_usage":[14,16,50,50,50],"damage_taken":[{"damage":1,"enemies":"Jaw Worm","floor":1,"turns":5},{"damage":1,"enemies":"2 Louse","floor":2,"turns":3},{"damage":3,"enemies":"Small Slimes","floor":4,"turns":3},{"damage":24,"enemies":"3 Sentries","floor":7,"turns":7},{"damage":3,"enemies":"Exordium Wildlife","floor":11,"turns":5},{"damage":6,"enemies":"Looter","floor":12,"turns":3},{"damage":3,"enemies":"3 Louse","floor":13,"turns":5},{"damage":30,"enemies":"Exordium Thugs","floor":14,"turns":6},{"damage":37,"enemies":"Slime Boss","floor":16,"turns":16},{"damage":6,"enemies":"Shell Parasite","floor":18,"turns":7},{"damage":7,"enemies":"3 Byrds","floor":19,"turns":4},{"damage":39,"enemies":"Shelled Parasite and Fungi","floor":20,"turns":6},{"damage":10,"enemies":"Snecko","floor":21,"turns":4},{"damage":6,"enemies":"Centurion and Healer","floor":24,"turns":9},{"damage":19,"enemies":"Chosen and Byrds","floor":30,"turns":4},{"damage":30,"enemies":"Snake Plant","floor":31,"turns":4},{"damage":75,"enemies":"Champ","floor":33,"turns":12},{"damage":7,"enemies":"Orb Walker","floor":35,"turns":5},{"damage":15,"enemies":"3 Shapes","floor":37,"turns":6},{"damage":19,"enemies":"Sphere and 2 Shapes","floor":38,"turns":5},{"damage":8,"enemies":"Maw","floor":39,"turns":7},{"damage":52,"enemies":"Jaw Worm Horde","floor":47,"turns":6},{"damage":12,"enemies":"Sphere and 2 Shapes","floor":48,"turns":6},{"damage":79,"enemies":"Awakened One","floor":50,"turns":14}],"seed_played":"2688394060888651523","potions_obtained":[{"floor":1,"key":"BloodPotion"},{"floor":11,"key":"Dexterity Potion"},{"floor":12,"key":"GamblersBrew"},{"floor":13,"key":"PowerPotion"},{"floor":18,"key":"Ancient Potion"},{"floor":20,"key":"Swift Potion"},{"floor":21,"key":"Energy Potion"},{"floor":30,"key":"EssenceOfSteel"}],"is_trial":false,"path_per_floor":["M","M","?","M","?","R","E","R","T","?","M","M","M","M","R","B",null,"M","M","M","M","?","R","M","R","T","?","$","?","M","M","R","B",null,"M","?","M","M","M","R","$","R","T","R","$","R","M","M","R","B",null],"character_chosen":"IRONCLAD","items_purchased":["Shuriken","Rupture","Exhume","Membership Card","Lantern"],"campfire_rested":3,"item_purchase_floors":[28,28,28,41,41],"current_hp_per_floor":[80,80,69,72,77,77,59,59,59,59,62,62,65,49,74,43,85,85,84,51,47,47,72,72,72,72,72,72,59,59,44,44,17,59,59,59,59,48,59,59,59,59,59,59,59,59,31,47,59,51],"gold":98,"neow_bonus":"REMOVE_CARD","is_prod":false,"is_daily":false,"chose_seed":false,"campfire_upgraded":8,"win_rate":0,"timestamp":1541443367,"path_taken":["M","M","?","M","?","R","E","R","T","?","M","M","M","M","R","BOSS","M","M","M","M","?","R","M","R","T","?","$","?","M","M","R","BOSS","M","?","M","M","M","R","?","R","T","R","?","R","M","M","R","BOSS"],"build_version":"2018-11-01","purchased_purges":1,"victory":true,"max_hp_per_floor":[80,80,80,80,85,85,85,85,85,85,85,85,85,85,85,85,85,85,85,85,85,85,85,85,85,85,85,85,59,59,59,59,59,59,59,59,59,59,59,59,59,59,59,59,59,59,59,59,59,59],"card_choices":[{"not_picked":["Blood for Blood","Wild Strike"],"picked":"Uppercut","floor":1},{"not_picked":["Havoc","Iron Wave"],"picked":"Armaments","floor":2},{"not_picked":["Seeing Red","Shrug It Off"],"picked":"Whirlwind","floor":4},{"not_picked":["Fire Breathing","True Grit"],"picked":"Metallicize","floor":7},{"not_picked":["Corruption","Body Slam"],"picked":"Shrug It Off","floor":11},{"not_picked":["Sword Boomerang","Headbutt","Pommel Strike"],"picked":"SKIP","floor":12},{"not_picked":["Perfected Strike","Flex","Iron Wave"],"picked":"SKIP","floor":13},{"not_picked":["Infernal Blade","Thunderclap","Immolate"],"picked":"SKIP","floor":14},{"not_picked":["Immolate","Exhume"],"picked":"Offering","floor":16},{"not_picked":["Body Slam","Flex+1"],"picked":"Infernal Blade+1","floor":18},{"not_picked":["Thunderclap","Havoc+1","Pummel"],"picked":"SKIP","floor":19},{"not_picked":["Clothesline","Perfected Strike","Thunderclap"],"picked":"SKIP","floor":20},{"not_picked":["Feel No Pain","Thunderclap","Armaments"],"picked":"SKIP","floor":21},{"not_picked":["Iron Wave","Hemokinesis","Flex"],"picked":"SKIP","floor":24},{"not_picked":["Infernal Blade","Wild Strike","Rampage"],"picked":"SKIP","floor":30},{"not_picked":["Cleave","Headbutt","Armaments"],"picked":"SKIP","floor":31},{"not_picked":["Bludgeon","Exhume"],"picked":"Barricade","floor":33},{"not_picked":["Clash","Anger+1","Headbutt+1"],"picked":"SKIP","floor":35},{"not_picked":["Twin Strike","Corruption","Iron Wave"],"picked":"SKIP","floor":37},{"not_picked":["Clothesline+1","Thunderclap","Perfected Strike"],"picked":"SKIP","floor":38},{"not_picked":["Heavy Blade","Twin Strike+1","Shockwave+1"],"picked":"SKIP","floor":39},{"not_picked":["Twin Strike+1","Perfected Strike+1","Iron Wave"],"picked":"SKIP","floor":47},{"not_picked":["Second Wind+1","Uppercut+1","Armaments+1"],"picked":"SKIP","floor":48}],"player_experience":140729,"relics_obtained":[{"floor":7,"key":"MawBank"},{"floor":9,"key":"Bottled Tornado"},{"floor":26,"key":"Thread and Needle"}],"event_choices":[{"damage_healed":0,"gold_gain":75,"player_choice":"Gather Gold","damage_taken":11,"max_hp_gain":0,"max_hp_loss":0,"event_name":"World of Goop","floor":3,"gold_loss":0},{"damage_healed":0,"gold_gain":0,"player_choice":"Donut","damage_taken":0,"max_hp_gain":5,"max_hp_loss":0,"event_name":"Big Fish","floor":5,"gold_loss":0},{"damage_healed":0,"gold_gain":30,"player_choice":"Searched \u00272\u0027 times","damage_taken":0,"max_hp_gain":0,"max_hp_loss":0,"event_name":"Dead Adventurer","floor":10,"gold_loss":0},{"cards_removed":["Defend_R"],"damage_healed":0,"gold_gain":0,"player_choice":"Gave Gold","damage_taken":0,"max_hp_gain":0,"max_hp_loss":0,"event_name":"Beggar","floor":22,"gold_loss":75},{"damage_healed":0,"gold_gain":0,"player_choice":"Read","damage_taken":0,"max_hp_gain":0,"max_hp_loss":0,"event_name":"The Library","floor":27,"gold_loss":0,"cards_obtained":["Combust"]},{"damage_healed":0,"gold_gain":0,"player_choice":"Became a vampire","damage_taken":0,"max_hp_gain":0,"max_hp_loss":26,"event_name":"Vampires","floor":29,"gold_loss":0,"cards_obtained":["Bite","Bite","Bite","Bite","Bite"]},{"damage_healed":0,"gold_gain":0,"player_choice":"0 cards matched","damage_taken":0,"max_hp_gain":0,"max_hp_loss":0,"event_name":"Match and Keep!","floor":36,"gold_loss":0,"cards_obtained":[]}],"is_beta":false,"boss_relics":[{"not_picked":["Snecko Eye","Calling Bell"],"picked":"Mark of Pain"},{"not_picked":["Runic Dome","Tiny House"],"picked":"Cursed Key"}],"items_purged_floors":[28],"is_endless":false,"potions_floor_spawned":[1,11,12,13,18,20,21,30,38,39,47],"ascension_level":0}