{"gold_per_floor":[109,122,132,132,148,182,182,208,208,221,221,242,272,287,287,388,388,398,498,498,511,530,859,457,457,457,486,486,504,523,553,553,650,650,661,661,661,674,70,95,111,122,122,134,153,253,279,296,296,296],"floor_reached":51,"playtime":2573,"items_purged":["Strike_R","Strike_R"],"score":966,"play_id":"64959c69-0f5d-4b5f-a2bb-fd2d00caf49c","local_time":"20190501222144","is_ascension_mode":false,"campfire_choices":[{"data":"Perfected Strike","floor":11.0,"key":"SMITH"},{"data":"Armaments","floor":15.0,"key":"SMITH"},{"data":"Shockwave","floor":28.0,"key":"SMITH"},{"data":"Clothesline","floor":32.0,"key":"SMITH"},{"floor":49,"key":"RECALL"}],"neow_cost":"NONE","seed_source_timestamp":0,"circlet_count":0,"master_deck":["Strike_R","Strike_R","Strike_R","Defend_R","Defend_R","Defend_R","Bash","Clothesline+1","Inflame","Armaments+1","Disarm","Perfected Strike+1","Inflame","Shrug It Off","Shrug It Off","Perfected Strike+1","Ghostly Armor","Double Tap","Pummel+1","Clothesline+1","Shockwave+1","Inflame+1","Wild Strike+1","Whirlwind+1","Feed+1","Disarm","Juggernaut+1","Pommel Strike+1","Corruption+1","Impervious","Heavy Blade+1","Headbutt+1","True Grit+1","Metallicize+1","Warcry+1"],"special_seed":0,"relics":["Burning Blood","PreservedInsect","Smiling Mask","Dodecahedron","Molten Egg 2","Odd Mushroom","Art of War","Sozu","FossilizedHelix","Frozen Egg 2","Old Coin","Singing Bowl","Pantograph","Bottled Flame","Lantern","Fusion Hammer","Magic Flower","Bird Faced Urn","Shuriken","Ornamental Fan"],"potions_floor_usage":[],"damage_taken":[{"damage":6.0,"enemies":"Jaw Worm","floor":1.0,"turns":6.0},{"damage":1.0,"enemies":"2 Louse","floor":2.0,"turns":4.0},{"damage":2.0,"enemies":"Small Slimes","floor":3.0,"turns":4.0},{"damage":9.0,"enemies":"Blue Slaver","floor":5.0,"turns":5.0},{"damage":28.0,"enemies":"Gremlin Nob","floor":6.0,"turns":5.0},{"damage":17.0,"enemies":"3 Sentries","floor":8.0,"turns":4.0},{"damage":14.0,"enemies":"3 Louse","floor":10.0,"turns":4.0},{"damage":19.0,"enemies":"The Mushroom Lair","floor":12.0,"turns":4.0},{"damage":3.0,"enemies":"Lagavulin","floor":13.0,"turns":7.0},{"damage":10.0,"enemies":"Exordium Thugs","floor":14.0,"turns":6.0},{"damage":3.0,"enemies":"Slime Boss","floor":16.0,"turns":7.0},{"damage":0.0,"enemies":"Spheric Guardian","floor":18.0,"turns":2.0},{"damage":7.0,"enemies":"Colosseum Slavers","floor":19.0,"turns":5.0},{"damage":0.0,"enemies":"Colosseum Nobs","floor":19.0,"turns":4.0},{"damage":0.0,"enemies":"3 Byrds","floor":21.0,"turns":5.0},{"damage":8.0,"enemies":"Cultist and Chosen","floor":22.0,"turns":5.0},{"damage":4.0,"enemies":"Gremlin Leader","floor":23.0,"turns":6.0},{"damage":0.0,"enemies":"Slavers","floor":27.0,"turns":1.0},{"damage":0.0,"enemies":"Centurion and Healer","floor":29.0,"turns":3.0},{"damage":0.0,"enemies":"Snecko","floor":30.0,"turns":3.0},{"damage":5.0,"enemies":"Gremlin Leader","floor":31.0,"turns":4.0},{"damage":41.0,"enemies":"Automaton","floor":33.0,"turns":10.0},{"damage":0.0,"enemies":"3 Shapes","floor":35.0,"turns":4.0},{"damage":2.0,"enemies":"3 Darklings","floor":38.0,"turns":7.0},{"damage":0.0,"enemies":"Reptomancer","floor":40.0,"turns":5.0},{"damage":14.0,"enemies":"Jaw Worm Horde","floor":41.0,"turns":4.0},{"damage":6.0,"enemies":"4 Shapes","floor":42.0,"turns":6.0},{"damage":0.0,"enemies":"3 Darklings","floor":44.0,"turns":6.0},{"damage":0.0,"enemies":"Spire Growth","floor":45.0,"turns":3.0},{"damage":0.0,"enemies":"Giant Head","floor":47.0,"turns":5.0},{"damage":17.0,"enemies":"Writhing Mass","floor":48.0,"turns":3.0},{"damage":78,"enemies":"Donu and Deca","floor":50,"turns":9}],"seed_played":"-7025178571599576104","potions_obtained":[{"floor":3.0,"key":"Ancient Potion"},{"floor":5.0,"key":"Explosive Potion"},{"floor":8.0,"key":"FairyPotion"},{"floor":10.0,"key":"BloodPotion"},{"floor":13.0,"key":"EssenceOfSteel"},{"floor":14.0,"key":"AttackPotion"}],"is_trial":false,"path_per_floor":["M","M","M","?","M","E","T","E","T","M","R","?","E","M","R","B",null,"M","?","?","M","M","E","$","?","T","E","R","M","M","E","R","B",null,"M","?","?","M","$","E","M","M","T","M","M","?","E","M","R","B",null],"character_chosen":"IRONCLAD","items_purchased":["Inflame+1","Singing Bowl","Wild Strike+1","Corruption+1","Impervious","Magic Flower","Heavy Blade+1"],"campfire_rested":0,"item_purchase_floors":[24,24,24,39,39,39,39],"current_hp_per_floor":[88,88,88,88,85,63,63,52,52,44,44,39,42,38,38,41,88,88,88,88,88,86,88,88,88,88,90,90,90,92,92,92,61,96,102,102,102,106,106,110,114,120,120,126,130,130,136,131,131,79],"gold":296,"neow_bonus":"TEN_PERCENT_HP_BONUS","is_prod":false,"is_daily":false,"chose_seed":false,"campfire_upgraded":4,"win_rate":1,"timestamp":1556774504,"path_taken":["M","M","M","?","M","E","?","E","T","M","R","?","E","M","R","BOSS","M","?","?","M","M","E","?","?","T","E","R","M","M","E","R","BOSS","BOSS","M","?","?","M","$","E","M","M","T","M","M","?","E","?","R","BOSS"],"build_version":"2019-01-23","purchased_purges":2,"victory":true,"max_hp_per_floor":[88,88,88,88,88,88,88,88,88,88,88,88,88,88,88,88,88,88,88,88,88,88,88,88,88,88,90,90,90,92,92,92,96,96,102,102,102,106,106,110,114,120,120,126,130,130,136,136,136,136],"card_choices":[{"not_picked":["Second Wind","Burning Pact"],"picked":"Clothesline","floor":1.0},{"not_picked":["Headbutt","Iron Wave"],"picked":"Inflame","floor":2.0},{"not_picked":["Havoc","Clash"],"picked":"Armaments","floor":3.0},{"not_picked":["Clash","Flex"],"picked":"Disarm","floor":5.0},{"not_picked":["Rupture","Sentinel"],"picked":"Perfected Strike","floor":6.0},{"not_picked":["Ghostly Armor","Carnage"],"picked":"Inflame","floor":8.0},{"not_picked":["Ghostly Armor","Cleave+1"],"picked":"Shrug It Off","floor":10.0},{"not_picked":["Anger+1","Power Through"],"picked":"Shrug It Off","floor":12.0},{"not_picked":["Clash+1","Hemokinesis+1"],"picked":"Perfected Strike+1","floor":13.0},{"not_picked":["Havoc","Intimidate"],"picked":"Ghostly Armor","floor":14.0},{"not_picked":["Dark Embrace","Demon Form"],"picked":"Double Tap","floor":16.0},{"not_picked":["Havoc","True Grit","Sword Boomerang+1"],"picked":"SKIP","floor":18.0},{"not_picked":["Entrench","Sentinel"],"picked":"Pummel+1","floor":19.0},{"not_picked":["Rupture+1","Flex","Reckless Charge+1"],"picked":"SKIP","floor":21.0},{"not_picked":["Rupture+1","Entrench"],"picked":"Clothesline+1","floor":22.0},{"not_picked":["Clothesline+1","Carnage+1"],"picked":"Shockwave","floor":23.0},{"not_picked":["Twin Strike+1","Rampage+1","Cleave+1"],"picked":"Singing Bowl","floor":27.0},{"not_picked":["Blood for Blood+1","Havoc+1"],"picked":"Feed+1","floor":29.0},{"not_picked":["Bloodletting","Twin Strike+1","Rampage+1"],"picked":"Singing Bowl","floor":30.0},{"not_picked":["Havoc","Pommel Strike+1"],"picked":"Disarm","floor":31.0},{"not_picked":["Bludgeon+1","Demon Form+1"],"picked":"Juggernaut+1","floor":33.0},{"not_picked":["Clothesline+1","Rampage+1","Flex+1"],"picked":"Singing Bowl","floor":35.0},{"not_picked":["Sword Boomerang+1","Cleave+1"],"picked":"Pommel Strike+1","floor":38.0},{"not_picked":["Combust+1","Twin Strike+1"],"picked":"Headbutt+1","floor":40.0},{"not_picked":["Warcry","Hemokinesis+1"],"picked":"True Grit+1","floor":41.0},{"not_picked":["Anger+1","Combust+1","Hemokinesis+1"],"picked":"Singing Bowl","floor":42.0},{"not_picked":["Clothesline+1","Pommel Strike+1","Flex"],"picked":"Singing Bowl","floor":44.0},{"not_picked":["Wild Strike+1","Twin Strike+1"],"picked":"Metallicize+1","floor":45.0},{"not_picked":["Berserk+1","Reckless Charge+1","Rage+1"],"picked":"Singing Bowl","floor":47.0},{"not_picked":["True Grit+1","Thunderclap+1"],"picked":"Warcry+1","floor":48.0}],"player_experience":691564,"relics_obtained":[{"floor":6.0,"key":"PreservedInsect"},{"floor":7.0,"key":"Smiling Mask"},{"floor":8.0,"key":"Dodecahedron"},{"floor":9.0,"key":"Molten Egg 2"},{"floor":12.0,"key":"Odd Mushroom"},{"floor":13.0,"key":"Art of War"},{"floor":19.0,"key":"FossilizedHelix"},{"floor":19.0,"key":"Frozen Egg 2"},{"floor":23.0,"key":"Old Coin"},{"floor":26.0,"key":"Pantograph"},{"floor":27.0,"key":"Bottled Flame"},{"floor":31.0,"key":"Lantern"},{"floor":40.0,"key":"Bird Faced Urn"},{"floor":43.0,"key":"Shuriken"},{"floor":47.0,"key":"Ornamental Fan"}],"event_choices":[{"damage_healed":0.0,"max_hp_gain":0.0,"max_hp_loss":0.0,"gold_gain":0.0,"event_name":"Liars Game","player_choice":"Ignored","floor":4.0,"gold_loss":0.0,"damage_taken":0.0},{"damage_healed":0.0,"max_hp_gain":0.0,"max_hp_loss":0.0,"gold_gain":0.0,"event_name":"Mushrooms","player_choice":"Fought Mushrooms","floor":12.0,"gold_loss":0.0,"damage_taken":0.0},{"damage_healed":0.0,"max_hp_gain":0.0,"max_hp_loss":0.0,"gold_gain":0.0,"event_name":"Colosseum","player_choice":"Fight","floor":19.0,"gold_loss":0.0,"damage_taken":0.0},{"damage_healed":0.0,"max_hp_gain":0.0,"max_hp_loss":0.0,"gold_gain":0.0,"event_name":"Colosseum","player_choice":"Fought Nobs","floor":19.0,"gold_loss":0.0,"damage_taken":0.0},{"damage_healed":0.0,"max_hp_gain":0.0,"max_hp_loss":0.0,"gold_gain":0.0,"event_name":"Ghosts","player_choice":"Ignored","floor":20.0,"gold_loss":0.0,"damage_taken":0.0},{"damage_healed":0.0,"max_hp_gain":0.0,"max_hp_loss":0.0,"gold_gain":0.0,"event_name":"The Library","player_choice":"Read","floor":25.0,"gold_loss":0.0,"damage_taken":0.0,"cards_obtained":["Whirlwind"]},{"damage_healed":0.0,"max_hp_gain":0.0,"max_hp_loss":0.0,"gold_gain":0.0,"event_name":"Tomb of Lord Red Mask","player_choice":"Ignored","floor":36.0,"gold_loss":0.0,"damage_taken":0.0},{"cards_removed":["Defend_R"],"damage_healed":0.0,"max_hp_gain":0.0,"max_hp_loss":0.0,"gold_gain":0.0,"event_name":"Falling","player_choice":"Removed Skill","floor":37.0,"gold_loss":0.0,"damage_taken":0.0},{"damage_healed":0.0,"max_hp_gain":0.0,"max_hp_loss":0.0,"gold_gain":100.0,"event_name":"Golden Shrine","player_choice":"Pray","floor":46.0,"gold_loss":0.0,"damage_taken":0.0}],"is_beta":false,"boss_relics":[{"not_picked":["Pandora\u0027s Box","Empty Cage"],"picked":"Sozu"},{"not_picked":["Runic Dome","Coffee Dripper"],"picked":"Fusion Hammer"}],"items_purged_floors":[24,39],"is_endless":false,"potions_floor_spawned":[3,5,8,10,13,14,19,21,23,30,31,42,45,47,48],"ascension_level":0}