{"gold_per_floor":[115,125,125,41,216,216,227,227,227,246,246,262,288,300,300,396,446,465,7,12,12,27,27,43,55,103,103,103,153,168,178,178,178],"floor_reached":33,"playtime":3640,"items_purged":[],"score":251,"play_id":"bf7dcb7c-1d9f-4b25-ada1-cfe17baf3c7c","local_time":"20190501003144","is_ascension_mode":false,"campfire_choices":[{"data":"Bouncing Flask","floor":6,"key":"SMITH"},{"data":"Poisoned Stab","floor":8,"key":"SMITH"},{"floor":15,"key":"REST"},{"floor":23,"key":"REST"},{"floor":32,"key":"REST"}],"neow_cost":"NONE","seed_source_timestamp":9230538212851,"circlet_count":0,"master_deck":["Defend_G","Defend_G","Defend_G","Defend_G","Defend_G","Strike_G+1","Strike_G","Strike_G+1","Strike_G","Strike_G+1","Survivor+1","Neutralize","Bouncing Flask+1","Outmaneuver","Poisoned Stab+1","Infinite Blades","Sucker Punch","Underhanded Strike","Bouncing Flask+1","Leg Sweep","Acrobatics","Malaise","PiercingWail","Prepared","Poisoned Stab","Burst","Infinite Blades","Bane","Caltrops","Deflect+1","Masterful Stab+1","Backstab"],"relics":["Velvet Choker","Whetstone","Happy Flower","Tiny House","TwistedFunnel","Darkstone Periapt","Boot"],"potions_floor_usage":[12,13,20,22,30,33,33],"damage_taken":[{"damage":0,"enemies":"2 Louse","floor":1,"turns":3},{"damage":3,"enemies":"Jaw Worm","floor":2,"turns":3},{"damage":0,"enemies":"Cultist","floor":7,"turns":3},{"damage":7,"enemies":"Exordium Wildlife","floor":10,"turns":4},{"damage":6,"enemies":"Red Slaver","floor":12,"turns":3},{"damage":8,"enemies":"3 Sentries","floor":13,"turns":8},{"damage":7,"enemies":"Looter","floor":14,"turns":3},{"damage":19,"enemies":"The Guardian","floor":16,"turns":8},{"damage":2,"enemies":"Chosen","floor":18,"turns":4},{"damage":20,"enemies":"2 Thieves","floor":20,"turns":4},{"damage":32,"enemies":"Snake Plant","floor":22,"turns":3},{"damage":19,"enemies":"Sentry and Sphere","floor":24,"turns":6},{"damage":8,"enemies":"Centurion and Healer","floor":25,"turns":5},{"damage":2,"enemies":"Cultist and Chosen","floor":30,"turns":5},{"damage":18,"enemies":"Sentry and Sphere","floor":31,"turns":5},{"damage":53,"enemies":"Automaton","floor":33,"turns":8}],"seed_played":"-4309876380028023925","potions_obtained":[{"floor":2,"key":"Swift Potion"},{"floor":10,"key":"Weak Potion"},{"floor":14,"key":"Explosive Potion"},{"floor":16,"key":"Regen Potion"},{"floor":17,"key":"FairyPotion"},{"floor":18,"key":"Poison Potion"},{"floor":24,"key":"Weak Potion"},{"floor":25,"key":"AttackPotion"},{"floor":31,"key":"Explosive Potion"}],"is_trial":false,"path_per_floor":["M","M","?","$","?","R","M","R","T","M","?","M","E","M","R","B",null,"M","$","M","?","M","R","M","M","T","?","?","?","M","M","R","B"],"character_chosen":"THE_SILENT","items_purchased":["Poisoned Stab","Infinite Blades","Poisoned Stab","Burst","TwistedFunnel","Infinite Blades"],"campfire_rested":3,"item_purchase_floors":[4,4,19,19,19,19],"current_hp_per_floor":[70,67,53,53,53,53,53,53,53,46,46,40,32,25,46,27,75,73,73,64,64,32,54,35,27,27,13,39,39,37,19,43,0],"gold":178,"neow_bonus":"BOSS_RELIC","is_prod":false,"is_daily":false,"chose_seed":false,"campfire_upgraded":2,"win_rate":0.0,"timestamp":1556685104,"path_taken":["M","M","?","$","?","R","M","R","T","M","?","?","E","M","R","BOSS","M","?","M","?","?","R","M","M","T","?","?","?","?","M","R","BOSS"],"build_version":"2019-01-23","purchased_purges":0,"victory":false,"max_hp_per_floor":[70,70,70,70,70,70,70,70,70,70,70,70,70,70,70,70,75,75,75,75,75,75,75,75,75,75,80,80,80,80,80,80,80],"card_choices":[{"not_picked":["Dodge and Roll","Quick Slash"],"picked":"Bouncing Flask","floor":1},{"not_picked":["Dash","Backflip"],"picked":"Outmaneuver","floor":2},{"not_picked":["Dodge and Roll","Endless Agony"],"picked":"Sucker Punch","floor":7},{"not_picked":["Skewer","Quick Slash"],"picked":"Underhanded Strike","floor":10},{"not_picked":["Infinite Blades","Expertise"],"picked":"Bouncing Flask","floor":12},{"not_picked":["Terror","Flechettes"],"picked":"Leg Sweep","floor":13},{"not_picked":["Endless Agony","Blade Dance"],"picked":"Acrobatics","floor":14},{"not_picked":["Doppelganger","Night Terror"],"picked":"Malaise","floor":16},{"not_picked":["Eviscerate","Dagger Spray"],"picked":"PiercingWail","floor":17},{"not_picked":["Dash","Dagger Spray+1"],"picked":"Prepared","floor":18},{"not_picked":["Dash","Underhanded Strike"],"picked":"Backflip","floor":20},{"not_picked":["Phantasmal Killer","Slice+1"],"picked":"Bane","floor":22},{"not_picked":["Infinite Blades+1","Blade Dance"],"picked":"Caltrops","floor":24},{"not_picked":["Flechettes","Flying Knee"],"picked":"Deflect+1","floor":25},{"not_picked":["Expertise","Endless Agony"],"picked":"Masterful Stab+1","floor":30},{"not_picked":["Distraction","Outmaneuver"],"picked":"Backstab","floor":31}],"player_experience":21840,"relics_obtained":[{"floor":9,"key":"Whetstone"},{"floor":13,"key":"Happy Flower"},{"floor":26,"key":"Boot"}],"event_choices":[{"damage_healed":0,"gold_gain":0,"player_choice":"Entered Light","damage_taken":14,"max_hp_gain":0,"max_hp_loss":0,"event_name":"Shining Light","floor":3,"gold_loss":0,"cards_upgraded":["Survivor","Strike_G"]},{"damage_healed":0,"gold_gain":175,"player_choice":"AGREE","damage_taken":0,"max_hp_gain":0,"max_hp_loss":0,"event_name":"Liars Game","floor":5,"gold_loss":0,"cards_obtained":["Doubt"]},{"cards_removed":["Doubt"],"damage_healed":0,"gold_gain":0,"player_choice":"Forget","damage_taken":0,"max_hp_gain":0,"max_hp_loss":0,"event_name":"Living Wall","floor":11,"gold_loss":0},{"cards_removed":["Backflip"],"damage_healed":0,"gold_gain":0,"player_choice":"Gave Card","damage_taken":0,"relics_obtained":["Darkstone Periapt"],"max_hp_gain":0,"max_hp_loss":0,"event_name":"WeMeetAgain","floor":21,"gold_loss":0},{"damage_healed":0,"gold_gain":0,"player_choice":"Shed Blood","damage_taken":19,"max_hp_gain":5,"max_hp_loss":0,"event_name":"Forgotten Altar","floor":27,"gold_loss":0},{"damage_healed":26,"gold_gain":0,"player_choice":"Heal","damage_taken":0,"max_hp_gain":0,"max_hp_loss":0,"event_name":"The Library","floor":28,"gold_loss":0},{"damage_healed":0,"gold_gain":100,"player_choice":"Bet on Murderer","damage_taken":0,"max_hp_gain":0,"max_hp_loss":0,"event_name":"The Joust","floor":29,"gold_loss":50}],"is_beta":false,"boss_relics":[{"not_picked":["Runic Dome","Runic Pyramid"],"picked":"Tiny House"}],"items_purged_floors":[],"is_endless":false,"potions_floor_spawned":[2,10,14,16,18,24,25,31],"killed_by":"Automaton","ascension_level":0}