{"gold_per_floor":[118,118,16,29,47,47,76,76,99,24,299,314,162,179,179,276,276,292,292,167,181,181],"floor_reached":22,"playtime":1083,"items_purged":["Strike_B","Regret","Strike_B"],"score":184,"play_id":"e752ff24-3123-499e-8053-d40e457bb781","local_time":"20181118224833","is_ascension_mode":false,"campfire_choices":[{"data":"Darkness","floor":6,"key":"SMITH"},{"floor":8,"key":"REST"},{"floor":15,"key":"REST"}],"neow_cost":"PERCENT_DAMAGE","seed_source_timestamp":41309627740258,"circlet_count":0,"master_deck":["Strike_B","Defend_B","Defend_B","Defend_B","Dualcast","Darkness+1","Capacitor","Hologram","Conserve Battery","Redo","Lockon"],"relics":["Cracked Core","Juzu Bracelet","Oddly Smooth Stone","Bag of Marbles","Sozu"],"potions_floor_usage":[14,16],"damage_taken":[{"damage":8,"enemies":"Jaw Worm","floor":1,"turns":4},{"damage":7,"enemies":"Cultist","floor":4,"turns":5},{"damage":0,"enemies":"2 Louse","floor":5,"turns":3},{"damage":21,"enemies":"Lagavulin","floor":7,"turns":6},{"damage":3,"enemies":"2 Fungi Beasts","floor":12,"turns":3},{"damage":16,"enemies":"Gremlin Gang","floor":14,"turns":5},{"damage":27,"enemies":"Slime Boss","floor":16,"turns":7},{"damage":4,"enemies":"Shell Parasite","floor":18,"turns":6},{"damage":22,"enemies":"2 Thieves","floor":21,"turns":4},{"damage":43,"enemies":"3 Cultists","floor":22,"turns":5}],"seed_played":"-8787750490697511092","potions_obtained":[{"floor":5,"key":"Dexterity Potion"},{"floor":7,"key":"Poison Potion"}],"is_trial":false,"path_per_floor":["M","?","?","M","M","R","E","R","T","$","?","M","$","M","R","B",null,"M","?","$","M","M"],"character_chosen":"DEFECT","items_purchased":["Conserve Battery"],"campfire_rested":2,"item_purchase_floors":[13],"current_hp_per_floor":[46,46,46,39,39,39,18,40,40,40,40,37,37,21,43,16,75,71,57,57,35,0],"gold":181,"neow_bonus":"REMOVE_TWO","is_prod":false,"is_daily":false,"chose_seed":false,"campfire_upgraded":1,"win_rate":0.0,"timestamp":1542570513,"path_taken":["M","?","?","M","M","R","E","R","T","$","?","M","$","M","R","BOSS","M","?","$","M","M"],"build_version":"2018-11-15","purchased_purges":3,"victory":false,"max_hp_per_floor":[75,75,75,75,75,75,75,75,75,75,75,75,75,75,75,75,75,75,80,80,80,80],"card_choices":[{"not_picked":["Ball Lightning","FTL"],"picked":"Darkness","floor":1},{"not_picked":["Aggregate","Barrage","Streamline"],"picked":"SKIP","floor":4},{"not_picked":["Stack","Go for the Eyes"],"picked":"Capacitor","floor":5},{"not_picked":["Gash","Force Field","Steam"],"picked":"SKIP","floor":7},{"not_picked":["Barrage","Cold Snap"],"picked":"Hologram","floor":12},{"not_picked":["Ball Lightning","Aggregate"],"picked":"Redo","floor":14},{"not_picked":["Go for the Eyes","Cold Snap+1"],"picked":"Lockon","floor":18},{"not_picked":["Coolheaded","Rebound","Streamline"],"picked":"SKIP","floor":21}],"player_experience":190876,"relics_obtained":[{"floor":7,"key":"Oddly Smooth Stone"},{"floor":9,"key":"Bag of Marbles"}],"event_choices":[{"cards_removed":["Zap"],"damage_healed":0,"gold_gain":0,"player_choice":"Forget","damage_taken":0,"max_hp_gain":0,"max_hp_loss":0,"event_name":"Living Wall","floor":2,"gold_loss":0},{"damage_healed":0,"gold_gain":0,"player_choice":"Paid Gold","damage_taken":0,"relics_obtained":["Juzu Bracelet"],"max_hp_gain":0,"max_hp_loss":0,"event_name":"WeMeetAgain","floor":3,"gold_loss":102},{"damage_healed":0,"gold_gain":275,"player_choice":"Desecrate","damage_taken":0,"max_hp_gain":0,"max_hp_loss":0,"event_name":"Golden Shrine","floor":11,"gold_loss":0,"cards_obtained":["Regret"]},{"damage_healed":0,"gold_gain":0,"player_choice":"Shed Blood","damage_taken":19,"max_hp_gain":5,"max_hp_loss":0,"event_name":"Forgotten Altar","floor":19,"gold_loss":0}],"is_beta":false,"boss_relics":[{"not_picked":["Runic Dome","Lizard Tail"],"picked":"Sozu"}],"items_purged_floors":[10,13,20],"is_endless":false,"potions_floor_spawned":[5,7],"killed_by":"3 Cultists","ascension_level":0}