{"gold_per_floor":[117,67,67,83,258,283,301,301,301,317,317,331,331,22,22,120,120,130,130,29,45,45,45,55,74,74,74,74,88,88,98,98,98],"floor_reached":33,"playtime":1972,"items_purged":["Doubt"],"score":297,"play_id":"9dbb6ad3-e9fa-4e5c-a979-d04b6c17f141","local_time":"20181031215130","is_ascension_mode":false,"campfire_choices":[{"data":"Armaments","floor":8,"key":"SMITH"},{"floor":11,"key":"REST"},{"data":"Metallicize","floor":15,"key":"SMITH"},{"data":"Flame Barrier","floor":23,"key":"SMITH"},{"floor":30,"key":"REST"},{"floor":32,"key":"REST"}],"neow_cost":"NONE","seed_source_timestamp":9707940415813,"circlet_count":0,"master_deck":["Strike_R","Strike_R","Strike_R","Strike_R","Defend_R","Defend_R","Defend_R","Defend_R","Bash+1","Power Through","Armaments+1","True Grit","Immolate","Iron Wave","Metallicize+1","Dark Shackles","Feed","Flame Barrier+1","Body Slam","Battle Trance","Warcry+1","Metallicize","Metallicize+1"],"relics":["Burning Blood","Self Forming Clay","Bottled Flame","Membership Card","Velvet Choker","Blue Candle","Bird Faced Urn"],"potions_floor_usage":[16,33],"damage_taken":[{"damage":11,"enemies":"Jaw Worm","floor":1,"turns":5},{"damage":4,"enemies":"Small Slimes","floor":4,"turns":5},{"damage":56,"enemies":"3 Sentries","floor":6,"turns":17},{"damage":4,"enemies":"Cultist","floor":7,"turns":4},{"damage":18,"enemies":"Exordium Thugs","floor":10,"turns":8},{"damage":0,"enemies":"2 Fungi Beasts","floor":12,"turns":3},{"damage":41,"enemies":"Slime Boss","floor":16,"turns":16},{"damage":7,"enemies":"Shell Parasite","floor":18,"turns":8},{"damage":13,"enemies":"Colosseum Slavers","floor":19,"turns":4},{"damage":15,"enemies":"Chosen","floor":21,"turns":8},{"damage":3,"enemies":"3 Cultists","floor":24,"turns":5},{"damage":18,"enemies":"Snecko","floor":25,"turns":5},{"damage":49,"enemies":"Cultist and Chosen","floor":29,"turns":9},{"damage":35,"enemies":"3 Cultists","floor":31,"turns":8},{"damage":106,"enemies":"Champ","floor":33,"turns":21}],"seed_played":"3987438306493752009","potions_obtained":[{"floor":4,"key":"Strength Potion"},{"floor":10,"key":"Strength Potion"},{"floor":13,"key":"Fruit Juice"}],"is_trial":false,"path_per_floor":["M","?","?","M","?","E","M","R","T","M","R","M","?","$","R","B",null,"M","?","$","M","?","R","M","M","T","T","?","M","R","M","R"],"character_chosen":"IRONCLAD","items_purchased":["Metallicize","Dark Shackles","Membership Card","Flame Barrier","Body Slam"],"campfire_rested":3,"item_purchase_floors":[14,14,14,20,20],"current_hp_per_floor":[83,83,83,85,85,35,37,37,37,25,51,57,57,57,57,27,93,92,88,88,79,60,60,66,54,54,54,88,51,83,61,94,0],"gold":98,"neow_bonus":"TEN_PERCENT_HP_BONUS","is_prod":false,"is_daily":false,"chose_seed":false,"campfire_upgraded":3,"win_rate":0,"timestamp":1541011890,"path_taken":["M","?","?","M","?","E","M","R","T","M","R","?","?","$","R","BOSS","M","?","$","M","?","R","M","M","T","?","?","M","R","M","R","BOSS"],"build_version":"2018-10-25v2","purchased_purges":1,"victory":false,"max_hp_per_floor":[88,88,88,88,88,88,88,88,88,88,88,88,88,88,88,93,93,93,96,96,96,101,101,104,104,104,104,104,108,108,111,111,111],"card_choices":[{"not_picked":["Heavy Blade","Perfected Strike"],"picked":"Power Through","floor":1},{"not_picked":["Clash","Wild Strike"],"picked":"Armaments","floor":4},{"not_picked":["Clash","Havoc","Thunderclap"],"picked":"SKIP","floor":6},{"not_picked":["Pommel Strike","Entrench"],"picked":"True Grit","floor":7},{"not_picked":["Sword Boomerang","Body Slam"],"picked":"Immolate","floor":10},{"not_picked":["Wild Strike","Twin Strike"],"picked":"Iron Wave","floor":12},{"not_picked":["Brutality","Bludgeon"],"picked":"Feed","floor":16},{"not_picked":["Warcry","Headbutt","Cleave"],"picked":"SKIP","floor":18},{"not_picked":["Infernal Blade","Evolve+1"],"picked":"Battle Trance","floor":21},{"not_picked":["Havoc","Twin Strike"],"picked":"Warcry+1","floor":24},{"not_picked":["Pummel","Warcry","Sword Boomerang"],"picked":"SKIP","floor":25},{"not_picked":["Iron Wave","Havoc"],"picked":"Metallicize","floor":29},{"not_picked":["Anger","Combust"],"picked":"Metallicize+1","floor":31}],"player_experience":116688,"relics_obtained":[{"floor":6,"key":"Self Forming Clay"},{"floor":9,"key":"Bottled Flame"},{"floor":26,"key":"Blue Candle"},{"floor":27,"key":"Bird Faced Urn"}],"event_choices":[{"cards_removed":["Strike_R"],"damage_healed":0,"gold_gain":0,"player_choice":"Card Removal","damage_taken":0,"max_hp_gain":0,"max_hp_loss":0,"event_name":"The Cleric","floor":2,"gold_loss":50},{"damage_healed":0,"gold_gain":0,"player_choice":"Forge","damage_taken":0,"max_hp_gain":0,"max_hp_loss":0,"event_name":"Accursed Blacksmith","floor":3,"gold_loss":0,"cards_upgraded":["Bash"]},{"damage_healed":0,"gold_gain":175,"player_choice":"AGREE","damage_taken":0,"max_hp_gain":0,"max_hp_loss":0,"event_name":"Liars Game","floor":5,"gold_loss":0,"cards_obtained":["Doubt"]},{"damage_healed":0,"gold_gain":0,"player_choice":"Got Potions","damage_taken":0,"max_hp_gain":0,"max_hp_loss":0,"event_name":"The Lab","floor":13,"gold_loss":0},{"damage_healed":0,"gold_gain":0,"player_choice":"Fight","damage_taken":0,"max_hp_gain":0,"max_hp_loss":0,"event_name":"Colosseum","floor":19,"gold_loss":0},{"damage_healed":0,"gold_gain":0,"player_choice":"Fled From Nobs","damage_taken":0,"max_hp_gain":0,"max_hp_loss":0,"event_name":"Colosseum","floor":19,"gold_loss":0},{"damage_healed":0,"gold_gain":0,"player_choice":"Shed Blood","damage_taken":24,"max_hp_gain":5,"max_hp_loss":0,"event_name":"Forgotten Altar","floor":22,"gold_loss":0},{"damage_healed":34,"gold_gain":0,"player_choice":"Heal","damage_taken":0,"max_hp_gain":0,"max_hp_loss":0,"event_name":"The Library","floor":28,"gold_loss":0}],"is_beta":false,"boss_relics":[{"not_picked":["Lizard Tail","Fusion Hammer"],"picked":"Velvet Choker"}],"items_purged_floors":[20],"is_endless":false,"potions_floor_spawned":[4,10,19],"killed_by":"Champ","ascension_level":0}