{"gold_per_floor":[217,231,231,231,250,275,275,289,312,189,189,201,201,234,234,334,334,349,274,274,374,393,393,393,393,419,439,453,154,174,49,49,145,145,158,158,158,172,172,172,188,188,188,136,149,149,169,193,193,193],"floor_reached":51,"playtime":2192,"items_purged":["Strike_B","Defend_B","Dualcast"],"score":705,"play_id":"f17a65df-2d5a-4cca-aa7a-40c66267b6e2","local_time":"20190225101807","is_ascension_mode":false,"campfire_choices":[{"data":"Streamline","floor":7.0,"key":"SMITH"},{"data":"Beam Cell","floor":11.0,"key":"SMITH"},{"floor":13.0,"key":"REST"},{"data":"Genetic Algorithm","floor":15.0,"key":"SMITH"},{"data":"Hyperbeam","floor":23.0,"key":"SMITH"},{"data":"Streamline","floor":25.0,"key":"SMITH"},{"data":"Defend_B","floor":32.0,"key":"SMITH"},{"data":"Hologram","floor":46.0,"key":"SMITH"},{"data":"Defend_B","floor":49.0,"key":"SMITH"}],"neow_cost":"NONE","seed_source_timestamp":22721274724467,"circlet_count":0,"master_deck":["Defend_B+1","Defend_B","Streamline+1","Turbo","Streamline+1","Beam Cell+1","Genetic Algorithm+1","Tempest","Hyperbeam+1","FTL+1","Auto Shields+1","Conserve Battery+1","Meteor Strike","Hologram+1"],"special_seed":0,"relics":["Cracked Core","Bag of Preparation","Strawberry","Art of War","Centennial Puzzle","Runic Pyramid","Ice Cream","Bottled Flame","Ancient Tea Set","Runic Capacitor","Busted Crown","Kunai","Oddly Smooth Stone"],"potions_floor_usage":[50],"damage_taken":[{"damage":1.0,"enemies":"Jaw Worm","floor":1.0,"turns":3.0},{"damage":0.0,"enemies":"Small Slimes","floor":2.0,"turns":3.0},{"damage":0.0,"enemies":"2 Louse","floor":5.0,"turns":3.0},{"damage":28.0,"enemies":"Gremlin Nob","floor":6.0,"turns":4.0},{"damage":10.0,"enemies":"Large Slime","floor":8.0,"turns":7.0},{"damage":1.0,"enemies":"3 Louse","floor":12.0,"turns":2.0},{"damage":26.0,"enemies":"Lagavulin","floor":14.0,"turns":5.0},{"damage":15.0,"enemies":"Hexaghost","floor":16.0,"turns":5.0},{"damage":4.0,"enemies":"Spheric Guardian","floor":18.0,"turns":3.0},{"damage":5.0,"enemies":"Colosseum Slavers","floor":21.0,"turns":4.0},{"damage":0.0,"enemies":"Colosseum Nobs","floor":21.0,"turns":3.0},{"damage":0.0,"enemies":"Chosen","floor":22.0,"turns":3.0},{"damage":0.0,"enemies":"Snake Plant","floor":27.0,"turns":2.0},{"damage":0.0,"enemies":"Centurion and Healer","floor":28.0,"turns":4.0},{"damage":0.0,"enemies":"Chosen and Byrds","floor":30.0,"turns":3.0},{"damage":0.0,"enemies":"Champ","floor":33.0,"turns":8.0},{"damage":0.0,"enemies":"3 Darklings","floor":35.0,"turns":4.0},{"damage":0.0,"enemies":"3 Shapes","floor":38.0,"turns":3.0},{"damage":0.0,"enemies":"Sphere and 2 Shapes","floor":41.0,"turns":3.0},{"damage":0.0,"enemies":"4 Shapes","floor":45.0,"turns":3.0},{"damage":0.0,"enemies":"Writhing Mass","floor":47.0,"turns":3.0},{"damage":2,"enemies":"Awakened One","floor":50,"turns":11}],"seed_played":"1347440411401468051","potions_obtained":[{"floor":2.0,"key":"FairyPotion"},{"floor":5.0,"key":"PowerPotion"},{"floor":6.0,"key":"LiquidBronze"},{"floor":8.0,"key":"Swift Potion"},{"floor":21.0,"key":"FocusPotion"},{"floor":27.0,"key":"FocusPotion"},{"floor":33.0,"key":"LiquidBronze"},{"floor":45.0,"key":"SpeedPotion"},{"floor":47.0,"key":"GamblersBrew"}],"is_trial":false,"path_per_floor":["M","M","?","?","M","E","R","M","T","$","R","M","R","E","R","B",null,"M","?","?","?","M","R","?","R","T","M","M","$","M","$","R","B",null,"M","?","?","M","?","$","M","$","T","$","M","R","M","T","R","B",null],"character_chosen":"DEFECT","items_purchased":["Beam Cell","Runic Capacitor","Hologram"],"campfire_rested":1,"item_purchase_floors":[10,29,44],"current_hp_per_floor":[74,74,71,64,64,43,43,33,33,33,33,32,56,30,30,15,82,78,78,62,57,57,57,57,57,57,57,57,57,57,57,57,57,87,87,87,87,87,87,87,87,87,87,87,87,87,87,87,87,85],"gold":193,"neow_bonus":"HUNDRED_GOLD","is_prod":false,"is_daily":false,"chose_seed":true,"campfire_upgraded":8,"win_rate":0,"timestamp":1551079087,"path_taken":["M","M","?","?","M","E","R","?","T","$","R","M","R","E","R","BOSS","M","?","?","?","M","R","?","R","T","?","M","$","M","$","R","BOSS","M","?","?","M","?","$","?","?","T","$","M","R","M","?","R","BOSS"],"build_version":"2019-01-23","purchased_purges":3,"victory":true,"max_hp_per_floor":[75,75,75,75,75,82,82,82,82,82,82,82,82,82,82,82,82,82,82,87,87,87,87,87,87,87,87,87,87,87,87,87,87,87,87,87,87,87,87,87,87,87,87,87,87,87,87,87,87,87],"card_choices":[{"not_picked":["Sweeping Beam","Heatsinks"],"picked":"Streamline","floor":1.0},{"not_picked":["Go for the Eyes","Undo","Defragment"],"picked":"SKIP","floor":2.0},{"not_picked":["Cold Snap","Creative AI"],"picked":"Turbo","floor":5.0},{"not_picked":["Static Discharge","Consume","Lockon"],"picked":"SKIP","floor":6.0},{"not_picked":["Turbo","Ball Lightning"],"picked":"Streamline","floor":8.0},{"not_picked":["Turbo","Leap"],"picked":"Genetic Algorithm","floor":12.0},{"not_picked":["Gash","Force Field"],"picked":"Tempest","floor":14.0},{"not_picked":["Rainbow","Electrodynamics"],"picked":"Hyperbeam","floor":16.0},{"not_picked":["Aggregate+1","Cold Snap+1","Beam Cell"],"picked":"SKIP","floor":18.0},{"not_picked":["Aggregate+1","Cold Snap+1","Beam Cell"],"picked":"SKIP","floor":18.0},{"not_picked":["Streamline","Steam"],"picked":"FTL+1","floor":22.0},{"not_picked":["Compile Driver+1","Stack+1"],"picked":"Auto Shields+1","floor":27.0},{"not_picked":["Tempest","Doom and Gloom","Steam"],"picked":"SKIP","floor":28.0},{"not_picked":["Ball Lightning","Multi-Cast"],"picked":"Conserve Battery+1","floor":30.0},{"not_picked":["Reboot","All For One"],"picked":"Meteor Strike","floor":33.0},{"not_picked":["Coolheaded+1"],"picked":"SKIP","floor":35.0},{"not_picked":["Go for the Eyes"],"picked":"SKIP","floor":38.0},{"not_picked":["Cold Snap+1"],"picked":"SKIP","floor":41.0},{"not_picked":["Leap+1"],"picked":"SKIP","floor":45.0},{"not_picked":["Barrage+1"],"picked":"SKIP","floor":47.0}],"player_experience":879731,"relics_obtained":[{"floor":6.0,"key":"Strawberry"},{"floor":9.0,"key":"Art of War"},{"floor":14.0,"key":"Centennial Puzzle"},{"floor":21.0,"key":"Ice Cream"},{"floor":21.0,"key":"Bottled Flame"},{"floor":26.0,"key":"Ancient Tea Set"},{"floor":43.0,"key":"Kunai"},{"floor":48.0,"key":"Oddly Smooth Stone"}],"event_choices":[{"damage_healed":0.0,"max_hp_gain":0.0,"max_hp_loss":0.0,"gold_gain":0.0,"event_name":"Scrap Ooze","player_choice":"Success","floor":3.0,"gold_loss":0.0,"damage_taken":3.0,"relics_obtained":["Bag of Preparation"]},{"cards_removed":["Strike_B"],"damage_healed":0.0,"max_hp_gain":0.0,"max_hp_loss":0.0,"gold_gain":0.0,"event_name":"Golden Wing","player_choice":"Card Removal","floor":4.0,"gold_loss":0.0,"damage_taken":7.0},{"cards_removed":["Strike_B"],"damage_healed":0.0,"max_hp_gain":0.0,"max_hp_loss":0.0,"gold_gain":0.0,"event_name":"Beggar","player_choice":"Gave Gold","floor":19.0,"gold_loss":75.0,"damage_taken":0.0},{"damage_healed":0.0,"max_hp_gain":5.0,"max_hp_loss":0.0,"gold_gain":0.0,"event_name":"Forgotten Altar","player_choice":"Shed Blood","floor":20.0,"gold_loss":0.0,"damage_taken":21.0},{"damage_healed":0.0,"max_hp_gain":0.0,"max_hp_loss":0.0,"gold_gain":0.0,"event_name":"Colosseum","player_choice":"Fight","floor":21.0,"gold_loss":0.0,"damage_taken":0.0},{"damage_healed":0.0,"max_hp_gain":0.0,"max_hp_loss":0.0,"gold_gain":0.0,"event_name":"Colosseum","player_choice":"Fought Nobs","floor":21.0,"gold_loss":0.0,"damage_taken":0.0},{"cards_removed":["Strike_B"],"damage_healed":0.0,"max_hp_gain":0.0,"max_hp_loss":0.0,"gold_gain":0.0,"event_name":"Purifier","player_choice":"Purged","floor":24.0,"gold_loss":0.0,"damage_taken":0.0},{"cards_removed":["Defend_B"],"damage_healed":0.0,"max_hp_gain":0.0,"max_hp_loss":0.0,"gold_gain":0.0,"event_name":"Falling","player_choice":"Removed Skill","floor":36.0,"gold_loss":0.0,"damage_taken":0.0},{"damage_healed":0.0,"max_hp_gain":0.0,"max_hp_loss":0.0,"gold_gain":0.0,"event_name":"SensoryStone","player_choice":"Memory 1","floor":37.0,"gold_loss":0.0,"damage_taken":0.0},{"cards_removed":["Zap"],"damage_healed":0.0,"max_hp_gain":0.0,"max_hp_loss":0.0,"gold_gain":0.0,"event_name":"Bonfire Elementals","player_choice":"Offered Basic","floor":39.0,"gold_loss":0.0,"damage_taken":0.0}],"is_beta":false,"boss_relics":[{"not_picked":["Lizard Tail","Fusion Hammer"],"picked":"Runic Pyramid"},{"not_picked":["White Beast Statue","Astrolabe"],"picked":"Busted Crown"}],"items_purged_floors":[10,29,31],"is_endless":false,"potions_floor_spawned":[2,5,6,8,14,21,27,33,45,47],"ascension_level":0}