{"gold_per_floor":[16,166,5,23,23,23,54,64,64,94,24,24,24,42,42,116,116,133,133,152,152,152,152,170,170,170,82,82,102,115,115,115,186,186,200,219,235,335,388,388,388,19,100,19,19,30,43,56,56,56],"floor_reached":51,"playtime":3382,"items_purged":["Doubt","Strike_G"],"score":1169,"play_id":"34914e96-cba3-42f0-bb57-54ba912aca81","local_time":"20190115001430","is_ascension_mode":true,"campfire_choices":[{"data":"Skewer","floor":6.0,"key":"SMITH"},{"floor":13.0,"key":"REST"},{"floor":15.0,"key":"REST"},{"data":"Crippling Poison","floor":23.0,"key":"SMITH"},{"data":"Neutralize","floor":25.0,"key":"SMITH"},{"data":"Noxious Fumes","floor":28.0,"key":"SMITH"},{"floor":32.0,"key":"REST"},{"data":"Concentrate","floor":41.0,"key":"SMITH"},{"data":"PanicButton","floor":45.0,"key":"SMITH"},{"floor":49,"key":"REST"}],"neow_cost":"NO_GOLD","seed_source_timestamp":13630203905914,"circlet_count":0,"master_deck":["AscendersBane","Defend_G","Defend_G","Defend_G","Defend_G+1","Defend_G","Strike_G","Survivor","Neutralize+1","Deep Breath","Finesse","Skewer+1","Corpse Explosion+1","Deflect","Bullet Time+1","Die Die Die","PiercingWail+1","Masterful Stab","Skewer","Crippling Poison+1","PiercingWail+1","Noxious Fumes+1","Terror","Concentrate+1","Adrenaline","Blur+1","PanicButton+1"],"special_seed":0,"relics":["Ring of the Snake","Meat on the Bone","Gremlin Horn","Ice Cream","Runic Pyramid","Pear","Busted Crown","Bird Faced Urn","StoneCalendar","Anchor","The Courier","Singing Bowl"],"potions_floor_usage":[50],"damage_taken":[{"damage":0.0,"enemies":"2 Louse","floor":1.0,"turns":4.0},{"damage":0.0,"enemies":"Small Slimes","floor":4.0,"turns":4.0},{"damage":15.0,"enemies":"3 Sentries","floor":7.0,"turns":3.0},{"damage":0.0,"enemies":"Jaw Worm","floor":8.0,"turns":2.0},{"damage":31.0,"enemies":"Gremlin Nob","floor":10.0,"turns":5.0},{"damage":6.0,"enemies":"Exordium Thugs","floor":14.0,"turns":4.0},{"damage":30.0,"enemies":"Hexaghost","floor":16.0,"turns":10.0},{"damage":10.0,"enemies":"Shell Parasite","floor":18.0,"turns":7.0},{"damage":0.0,"enemies":"Chosen","floor":20.0,"turns":4.0},{"damage":0.0,"enemies":"3 Cultists","floor":24.0,"turns":2.0},{"damage":6.0,"enemies":"Sentry and Sphere","floor":29.0,"turns":6.0},{"damage":0.0,"enemies":"Snecko","floor":30.0,"turns":3.0},{"damage":24.0,"enemies":"Automaton","floor":33.0,"turns":8.0},{"damage":0.0,"enemies":"Orb Walker","floor":35.0,"turns":4.0},{"damage":0.0,"enemies":"3 Darklings","floor":36.0,"turns":4.0},{"damage":13.0,"enemies":"Sphere and 2 Shapes","floor":37.0,"turns":6.0},{"damage":0.0,"enemies":"Mind Bloom Boss Battle","floor":38.0,"turns":3.0},{"damage":15.0,"enemies":"2 Orb Walkers","floor":39.0,"turns":3.0},{"damage":1,"enemies":"Maw","floor":46,"turns":6},{"damage":0,"enemies":"Transient","floor":47,"turns":6},{"damage":10,"enemies":"Spire Growth","floor":48,"turns":4},{"damage":68,"enemies":"Time Eater","floor":50,"turns":9}],"seed_played":"-5028077204980269119","potions_obtained":[{"floor":1.0,"key":"Weak Potion"},{"floor":4.0,"key":"Dexterity Potion"},{"floor":10.0,"key":"FearPotion"},{"floor":18.0,"key":"Strength Potion"},{"floor":20.0,"key":"Explosive Potion"},{"floor":24.0,"key":"Poison Potion"},{"floor":35.0,"key":"GhostInAJar"}],"is_trial":false,"path_per_floor":["M","?","$","M","?","R","E","M","T","E","?","$","R","M","R","B",null,"M","?","M","?","?","R","M","R","T","$","R","M","M","?","R","B",null,"M","M","M","?","?","?","R","$","T","?","R","M","M","M","R","B",null],"character_chosen":"THE_SILENT","items_purchased":["Skewer","Noxious Fumes","PanicButton","Anchor"],"campfire_rested":4,"item_purchase_floors":[3,27,42,42],"current_hp_per_floor":[59,59,59,59,39,39,24,36,36,17,17,17,36,42,61,43,60,50,50,50,32,32,32,44,44,54,54,54,48,48,48,72,48,73,73,73,60,60,45,45,45,45,45,45,45,48,52,56,82,28],"gold":56,"neow_bonus":"RANDOM_COLORLESS_2","is_prod":false,"is_daily":false,"chose_seed":false,"campfire_upgraded":6,"win_rate":0,"timestamp":1547500470,"path_taken":["M","?","$","M","?","R","E","M","T","E","?","?","R","M","R","BOSS","M","?","M","?","?","R","M","R","T","$","R","M","?","?","R","BOSS","M","M","M","?","?","?","R","$","T","?","R","M","M","M","R","BOSS"],"build_version":"2019-01-10","purchased_purges":2,"victory":true,"max_hp_per_floor":[66,66,66,66,66,66,66,66,66,66,66,66,66,66,66,66,66,66,66,66,71,71,71,71,71,81,81,81,81,81,81,81,81,81,81,81,81,81,81,81,81,81,81,81,81,83,85,87,87,87],"card_choices":[{"not_picked":["Acrobatics","Dagger Throw","Backflip"],"picked":"SKIP","floor":1.0},{"not_picked":["Dagger Spray","Quick Slash"],"picked":"Corpse Explosion","floor":4.0},{"not_picked":["Tactician","Sucker Punch"],"picked":"Deflect","floor":7.0},{"not_picked":["Expertise","Deflect","Sucker Punch"],"picked":"SKIP","floor":8.0},{"not_picked":["Escape Plan","Bouncing Flask"],"picked":"Bullet Time","floor":10.0},{"not_picked":["Bane","Backstab","Slice"],"picked":"SKIP","floor":14.0},{"not_picked":["Venomology","Doppelganger"],"picked":"Die Die Die","floor":16.0},{"not_picked":["Sucker Punch","Blade Dance"],"picked":"PiercingWail+1","floor":18.0},{"not_picked":["Sucker Punch","Slice"],"picked":"Crippling Poison","floor":20.0},{"not_picked":["Sucker Punch","Well Laid Plans+1"],"picked":"PiercingWail+1","floor":24.0},{"not_picked":["Cloak And Dagger","All Out Attack"],"picked":"Terror","floor":29.0},{"not_picked":["Acrobatics","Bouncing Flask","Infinite Blades"],"picked":"SKIP","floor":30.0},{"not_picked":["Die Die Die","Tools of the Trade"],"picked":"Adrenaline","floor":33.0},{"not_picked":["Flechettes"],"picked":"SKIP","floor":35.0},{"not_picked":["Deadly Poison"],"picked":"SKIP","floor":36.0},{"not_picked":[],"picked":"Blur+1","floor":37.0},{"not_picked":["Crippling Poison+1"],"picked":"Singing Bowl","floor":46},{"not_picked":["Heel Hook"],"picked":"Singing Bowl","floor":47},{"not_picked":["Deadly Poison"],"picked":"Singing Bowl","floor":48}],"player_experience":460151,"relics_obtained":[{"floor":7.0,"key":"Meat on the Bone"},{"floor":9.0,"key":"Gremlin Horn"},{"floor":10.0,"key":"Ice Cream"},{"floor":26.0,"key":"Pear"},{"floor":38.0,"key":"Bird Faced Urn"},{"floor":39.0,"key":"StoneCalendar"},{"floor":43.0,"key":"The Courier"}],"event_choices":[{"damage_healed":0.0,"max_hp_gain":0.0,"max_hp_loss":0.0,"gold_gain":150.0,"event_name":"Liars Game","player_choice":"AGREE","floor":2.0,"gold_loss":0.0,"damage_taken":0.0,"cards_obtained":["Doubt"]},{"damage_healed":0.0,"max_hp_gain":0.0,"max_hp_loss":0.0,"gold_gain":0.0,"event_name":"Shining Light","player_choice":"Entered Light","floor":5.0,"gold_loss":0.0,"damage_taken":20.0,"cards_upgraded":["Defend_G","Corpse Explosion"]},{"damage_healed":0.0,"max_hp_gain":0.0,"max_hp_loss":0.0,"gold_gain":0.0,"event_name":"World of Goop","player_choice":"Left Gold","floor":11.0,"gold_loss":70.0,"damage_taken":0.0},{"damage_healed":0.0,"max_hp_gain":0.0,"max_hp_loss":0.0,"gold_gain":0.0,"cards_transformed":["Strike_G","Strike_G"],"event_name":"Drug Dealer","player_choice":"Became Test Subject","floor":19.0,"gold_loss":0.0,"damage_taken":0.0,"cards_obtained":["Masterful Stab","Skewer"]},{"damage_healed":0.0,"max_hp_gain":5.0,"max_hp_loss":0.0,"gold_gain":0.0,"event_name":"Forgotten Altar","player_choice":"Shed Blood","floor":21.0,"gold_loss":0.0,"damage_taken":23.0},{"damage_healed":0.0,"max_hp_gain":0.0,"max_hp_loss":0.0,"gold_gain":0.0,"event_name":"Upgrade Shrine","player_choice":"Upgraded","floor":22.0,"gold_loss":0.0,"damage_taken":0.0,"cards_upgraded":["Bullet Time"]},{"damage_healed":0.0,"max_hp_gain":0.0,"max_hp_loss":0.0,"gold_gain":0.0,"event_name":"The Library","player_choice":"Read","floor":31.0,"gold_loss":0.0,"damage_taken":0.0,"cards_obtained":["Concentrate"]},{"damage_healed":0.0,"max_hp_gain":0.0,"max_hp_loss":0.0,"gold_gain":0.0,"event_name":"MindBloom","player_choice":"Fight","floor":38.0,"gold_loss":0.0,"damage_taken":0.0},{"damage_healed":0.0,"max_hp_gain":0.0,"max_hp_loss":0.0,"gold_gain":0.0,"event_name":"Mysterious Sphere","player_choice":"Fight","floor":39.0,"gold_loss":0.0,"damage_taken":0.0},{"cards_removed":["Strike_G"],"damage_healed":0.0,"max_hp_gain":0.0,"max_hp_loss":0.0,"gold_gain":0.0,"event_name":"Falling","player_choice":"Removed Attack","floor":40.0,"gold_loss":0.0,"damage_taken":0.0},{"damage_healed":0.0,"max_hp_gain":0.0,"max_hp_loss":0.0,"gold_gain":0.0,"event_name":"WeMeetAgain","player_choice":"Paid Gold","floor":44.0,"gold_loss":81.0,"damage_taken":0.0,"relics_obtained":["Singing Bowl"]}],"is_beta":false,"boss_relics":[{"not_picked":["Eternal Feather","Lizard Tail"],"picked":"Runic Pyramid"},{"not_picked":["Orrery","Cursed Key"],"picked":"Busted Crown"}],"items_purged_floors":[3,42],"is_endless":false,"potions_floor_spawned":[1,4,10,18,20,24,35,38,46],"ascension_level":17}