{"gold_per_floor":[119,138,152,152,163,196,207,239,239,239,414,427,444,444,444,444],"floor_reached":16,"playtime":2189,"items_purged":[],"score":114,"play_id":"864ab084-21f0-41ab-bd52-8015b5b327e9","local_time":"20190430030532","is_ascension_mode":false,"campfire_choices":[{"floor":10,"key":"REST"},{"data":"Seeing Red","floor":15,"key":"SMITH"}],"neow_cost":"","seed_source_timestamp":8800242161286,"circlet_count":0,"master_deck":["Strike_R","Strike_R","Strike_R","Strike_R","Strike_R","Defend_R","Defend_R","Defend_R","Defend_R+1","Bash+1","Shockwave","Cleave","True Grit","Headbutt","Rupture","Inflame","Reaper","Seeing Red+1","Corruption"],"relics":["Burning Blood","Anchor","Thread and Needle","Pantograph"],"potions_floor_usage":[6,6,16],"damage_taken":[{"damage":11,"enemies":"2 Louse","floor":1,"turns":3},{"damage":13,"enemies":"Jaw Worm","floor":2,"turns":3},{"damage":12,"enemies":"Small Slimes","floor":3,"turns":4},{"damage":13,"enemies":"Blue Slaver","floor":5,"turns":5},{"damage":12,"enemies":"Gremlin Nob","floor":6,"turns":4},{"damage":9,"enemies":"Looter","floor":7,"turns":4},{"damage":11,"enemies":"Lagavulin","floor":8,"turns":7},{"damage":4,"enemies":"Red Slaver","floor":12,"turns":5},{"damage":2,"enemies":"Gremlin Gang","floor":13,"turns":5},{"damage":99,"enemies":"The Guardian","floor":16,"turns":12}],"seed_played":"-4185823157530275236","potions_obtained":[{"floor":1,"key":"AttackPotion"},{"floor":3,"key":"SkillPotion"},{"floor":8,"key":"BloodPotion"}],"is_trial":false,"path_per_floor":["M","M","M","?","M","E","M","E","T","R","?","M","M","?","R","B"],"character_chosen":"IRONCLAD","items_purchased":[],"campfire_rested":1,"item_purchase_floors":[],"current_hp_per_floor":[75,68,62,46,39,33,30,25,25,49,49,55,75,68,68,0],"gold":444,"neow_bonus":"","is_prod":false,"is_daily":false,"chose_seed":false,"campfire_upgraded":1,"win_rate":0.0,"timestamp":1556607932,"path_taken":["M","M","M","?","M","E","M","E","T","R","?","M","M","?","R","BOSS"],"build_version":"2019-01-23","purchased_purges":0,"victory":false,"max_hp_per_floor":[80,80,80,80,80,80,80,80,80,80,80,80,80,80,80,80],"card_choices":[{"not_picked":["Corruption","Battle Trance"],"picked":"Shockwave","floor":1},{"not_picked":["Pommel Strike","Ghostly Armor"],"picked":"Cleave","floor":2},{"not_picked":["Cleave","Entrench"],"picked":"True Grit","floor":3},{"not_picked":["Sword Boomerang","Twin Strike"],"picked":"Headbutt","floor":5},{"not_picked":["Shrug It Off","Metallicize"],"picked":"Rupture","floor":6},{"not_picked":["Anger","Twin Strike"],"picked":"Inflame","floor":7},{"not_picked":["Fire Breathing","Flame Barrier"],"picked":"Reaper","floor":8},{"not_picked":["Pommel Strike","Intimidate"],"picked":"Seeing Red","floor":12},{"not_picked":["Shrug It Off","Entrench"],"picked":"Corruption","floor":13}],"player_experience":0,"relics_obtained":[{"floor":6,"key":"Anchor"},{"floor":8,"key":"Thread and Needle"},{"floor":9,"key":"Pantograph"}],"event_choices":[{"damage_healed":0,"gold_gain":0,"player_choice":"Entered Light","damage_taken":16,"max_hp_gain":0,"max_hp_loss":0,"event_name":"Shining Light","floor":4,"gold_loss":0,"cards_upgraded":["Bash","Defend_R"]},{"damage_healed":0,"gold_gain":175,"player_choice":"AGREE","damage_taken":0,"max_hp_gain":0,"max_hp_loss":0,"event_name":"Liars Game","floor":11,"gold_loss":0,"cards_obtained":["Doubt"]},{"cards_removed":["Doubt"],"damage_healed":0,"gold_gain":0,"player_choice":"Card Removal","damage_taken":7,"max_hp_gain":0,"max_hp_loss":0,"event_name":"Golden Wing","floor":14,"gold_loss":0}],"is_beta":false,"boss_relics":[],"items_purged_floors":[],"is_endless":false,"potions_floor_spawned":[1,3,8],"killed_by":"The Guardian","ascension_level":0}