{"gold_per_floor":[113,31,31,31,43,43,61,79,155,189,364,380,342,356,356,457,457,440,458,458,477,477,477,490,510,583,583],"floor_reached":27,"playtime":3573,"items_purged":[],"score":217,"play_id":"a1ca28e7-4674-4cff-a7bc-ddc996853627","local_time":"20190430222515","is_ascension_mode":false,"campfire_choices":[{"floor":6,"key":"REST"},{"floor":15,"key":"REST"},{"floor":23,"key":"REST"}],"neow_cost":"NONE","seed_source_timestamp":1708226203721,"circlet_count":0,"master_deck":["Defend_G","Defend_G","Defend_G","Defend_G","Defend_G+1","Strike_G","Strike_G","Strike_G+1","Strike_G","Strike_G","Survivor+1","Neutralize","Dagger Throw","Predator","Outmaneuver","Sucker Punch","Backflip","Blade Dance+1","Eviscerate","Doubt","Night Terror","Noxious Fumes","Corpse Explosion","Clumsy","Normality","Prepared","Bouncing Flask","Flying Knee+1","Doubt","PiercingWail","Well Laid Plans+1"],"relics":["Ring of the Snake","NeowsBlessing","Oddly Smooth Stone","Dodecahedron","War Paint","Calling Bell","Orichalcum","Shuriken","Ginger","Letter Opener"],"potions_floor_usage":[16,16,18,21,21,24],"damage_taken":[{"damage":0,"enemies":"Cultist","floor":1,"turns":1},{"damage":0,"enemies":"Small Slimes","floor":5,"turns":1},{"damage":0,"enemies":"Jaw Worm","floor":7,"turns":1},{"damage":0,"enemies":"Exordium Wildlife","floor":8,"turns":3},{"damage":27,"enemies":"3 Sentries","floor":10,"turns":9},{"damage":12,"enemies":"Gremlin Gang","floor":12,"turns":8},{"damage":7,"enemies":"Looter","floor":14,"turns":4},{"damage":23,"enemies":"The Guardian","floor":16,"turns":13},{"damage":18,"enemies":"2 Thieves","floor":18,"turns":4},{"damage":11,"enemies":"Chosen","floor":19,"turns":5},{"damage":10,"enemies":"Snake Plant","floor":21,"turns":4},{"damage":23,"enemies":"Snecko","floor":24,"turns":6},{"damage":31,"enemies":"Centurion and Healer","floor":25,"turns":9},{"damage":4,"enemies":"Sentry and Sphere","floor":27,"turns":3}],"seed_played":"8251697167956309876","potions_obtained":[{"floor":1,"key":"Regen Potion"},{"floor":5,"key":"Energy Potion"},{"floor":10,"key":"Regen Potion"},{"floor":20,"key":"Fruit Juice"},{"floor":20,"key":"Block Potion"},{"floor":20,"key":"GhostInAJar"}],"is_trial":false,"path_per_floor":["M","$","?","?","M","R","M","M","T","E","?","M","?","M","R","B",null,"M","M","?","M","?","R","M","M","T","M"],"character_chosen":"THE_SILENT","items_purchased":["Predator","Outmaneuver"],"campfire_rested":3,"item_purchase_floors":[2,2],"current_hp_per_floor":[70,70,52,38,38,59,59,59,59,32,32,20,20,13,34,57,70,52,41,41,31,31,52,34,3,3,0],"gold":583,"neow_bonus":"THREE_ENEMY_KILL","is_prod":false,"is_daily":false,"chose_seed":false,"campfire_upgraded":0,"win_rate":0.0,"timestamp":1556677515,"path_taken":["M","?","?","?","M","R","?","?","T","E","?","M","?","M","R","BOSS","M","M","?","?","?","R","M","M","T","M"],"build_version":"2019-01-23","purchased_purges":0,"victory":false,"max_hp_per_floor":[70,70,70,70,70,70,70,70,70,70,70,70,70,70,70,70,70,70,70,70,70,70,70,75,75,75,75],"card_choices":[{"not_picked":["Tactician","Dodge and Roll"],"picked":"Dagger Throw","floor":1},{"not_picked":["Choke","Flechettes"],"picked":"Sucker Punch","floor":5},{"not_picked":["Bane","Catalyst"],"picked":"Backflip","floor":7},{"not_picked":["Footwork","Prepared"],"picked":"Blade Dance","floor":8},{"not_picked":["Tactician","Slice"],"picked":"Eviscerate","floor":10},{"not_picked":["Deflect","Acrobatics"],"picked":"Night Terror","floor":12},{"not_picked":["Bane","Deadly Poison"],"picked":"Noxious Fumes","floor":14},{"not_picked":["Doppelganger","Venomology"],"picked":"Corpse Explosion","floor":16},{"not_picked":["Well Laid Plans","Backflip"],"picked":"Prepared","floor":18},{"not_picked":["Bane","Acrobatics"],"picked":"Bouncing Flask","floor":19},{"not_picked":["All Out Attack","Outmaneuver"],"picked":"Flying Knee+1","floor":21},{"not_picked":["Acrobatics","Infinite Blades"],"picked":"PiercingWail","floor":24},{"not_picked":["Prepared","Sucker Punch"],"picked":"Well Laid Plans+1","floor":25}],"player_experience":14682,"relics_obtained":[{"floor":9,"key":"Dodecahedron"},{"floor":10,"key":"War Paint"},{"floor":17,"key":"Orichalcum"},{"floor":17,"key":"Shuriken"},{"floor":17,"key":"Ginger"},{"floor":26,"key":"Letter Opener"}],"event_choices":[{"damage_healed":0,"gold_gain":0,"player_choice":"Success","damage_taken":18,"relics_obtained":["Oddly Smooth Stone"],"max_hp_gain":0,"max_hp_loss":0,"event_name":"Scrap Ooze","floor":3,"gold_loss":0},{"damage_healed":0,"gold_gain":0,"player_choice":"Entered Light","damage_taken":14,"max_hp_gain":0,"max_hp_loss":0,"event_name":"Shining Light","floor":4,"gold_loss":0,"cards_upgraded":["Strike_G","Survivor"]},{"damage_healed":0,"gold_gain":175,"player_choice":"AGREE","damage_taken":0,"max_hp_gain":0,"max_hp_loss":0,"event_name":"Liars Game","floor":11,"gold_loss":0,"cards_obtained":["Doubt"]},{"damage_healed":0,"gold_gain":0,"player_choice":"Left Gold","damage_taken":0,"max_hp_gain":0,"max_hp_loss":0,"event_name":"World of Goop","floor":13,"gold_loss":38},{"damage_healed":0,"gold_gain":0,"player_choice":"Got Potions","damage_taken":0,"max_hp_gain":0,"max_hp_loss":0,"event_name":"Lab","floor":20,"gold_loss":0},{"damage_healed":0,"gold_gain":0,"cards_transformed":["Pain"],"player_choice":"Transformed","damage_taken":0,"max_hp_gain":0,"max_hp_loss":0,"event_name":"Transmorgrifier","floor":22,"gold_loss":0,"cards_obtained":["Doubt"]}],"is_beta":false,"boss_relics":[{"not_picked":["Ring of the Serpent","HoveringKite"],"picked":"Calling Bell"}],"items_purged_floors":[],"is_endless":false,"potions_floor_spawned":[1,5,10,14],"killed_by":"Sentry and Sphere","ascension_level":0}