{"gold_per_floor":[117,127,127,302,31,69,96,161,161,5,5,5,45,60,60,183,183,196,216,236,136,156,156,196,196,219,219,262,262,283,297,297,416,416,436,239,264,287,358,358,401,417,417,228,228,228,244,258,258,258,258,258,3,46,46],"floor_reached":55,"playtime":3180,"items_purged":["Doubt","Amplify"],"score":1055,"play_id":"c1efad3d-d916-4d56-9888-97b869c52565","local_time":"20190124185308","is_ascension_mode":true,"campfire_choices":[{"data":"Chaos","floor":12,"key":"SMITH"},{"data":"Aggregate","floor":15,"key":"SMITH"},{"data":"Redo","floor":23,"key":"SMITH"},{"data":"Fission","floor":27,"key":"SMITH"},{"data":"Zap","floor":29,"key":"SMITH"},{"data":"Redo","floor":32,"key":"SMITH"},{"floor":40,"key":"RECALL"},{"data":"Redo","floor":45,"key":"SMITH"},{"floor":49,"key":"REST"},{"data":"Double Energy","floor":52,"key":"SMITH"}],"neow_cost":"NONE","seed_source_timestamp":888325859632116,"circlet_count":0,"master_deck":["Zap+1","Dualcast+1","Cold Snap+1","Go for the Eyes","Electrodynamics+1","Chaos+1","Stack","Aggregate+1","Cold Snap","Cold Snap","Rip and Tear","All For One","Redo+1","Echo Form","Conserve Battery","Chill","Sweeping Beam","Chill","Rebound+1","Fission+1","Beam Cell+1","Redo+1","Leap+1","Electrodynamics","Machine Learning+1","Loop+1","Hologram+1","Ball Lightning+1","Stack","Ball Lightning","Hello World+1","Redo+1","Stack+1","Double Energy+1","Cold Snap+1","Chaos","Stack"],"relics":["Cracked Core","NeowsBlessing","Golden Idol","Ice Cream","Vajra","Tiny Chest","Kunai","Anchor","Gremlin Horn","Pandora\u0027s Box","Lantern","Whetstone","Incense Burner","Astrolabe","Happy Flower","Mercury Hourglass","Orichalcum","Oddly Smooth Stone","Bag of Preparation","FossilizedHelix"],"potions_floor_usage":[19,24,33,35,50,50,54,55,55],"damage_taken":[{"damage":0,"enemies":"Small Slimes","floor":1,"turns":1},{"damage":0,"enemies":"Jaw Worm","floor":2,"turns":1},{"damage":0,"enemies":"Gremlin Nob","floor":6,"turns":1},{"damage":23,"enemies":"Lagavulin","floor":8,"turns":6},{"damage":0,"enemies":"3 Sentries","floor":13,"turns":3},{"damage":0,"enemies":"Cultist","floor":14,"turns":2},{"damage":13,"enemies":"Hexaghost","floor":16,"turns":12},{"damage":4,"enemies":"Spheric Guardian","floor":18,"turns":3},{"damage":9,"enemies":"2 Thieves","floor":19,"turns":2},{"damage":7,"enemies":"Shelled Parasite and Fungi","floor":20,"turns":3},{"damage":3,"enemies":"Snecko","floor":22,"turns":4},{"damage":2,"enemies":"Gremlin Leader","floor":24,"turns":4},{"damage":2,"enemies":"Book of Stabbing","floor":28,"turns":4},{"damage":0,"enemies":"Cultist and Chosen","floor":30,"turns":4},{"damage":9,"enemies":"Snake Plant","floor":31,"turns":2},{"damage":0,"enemies":"Automaton","floor":33,"turns":7},{"damage":22,"enemies":"3 Darklings","floor":35,"turns":3},{"damage":0,"enemies":"3 Shapes","floor":37,"turns":3},{"damage":3,"enemies":"3 Darklings","floor":38,"turns":4},{"damage":0,"enemies":"Reptomancer","floor":41,"turns":5},{"damage":7,"enemies":"4 Shapes","floor":42,"turns":2},{"damage":7,"enemies":"Transient","floor":47,"turns":5},{"damage":0,"enemies":"Jaw Worm Horde","floor":48,"turns":2},{"damage":36,"enemies":"Donu and Deca","floor":50,"turns":7},{"damage":54,"enemies":"Shield and Spear","floor":54,"turns":5},{"damage":45,"enemies":"The Heart","floor":55,"turns":3}],"seed_played":"8104684659479554345","potions_obtained":[{"floor":8,"key":"SkillPotion"},{"floor":13,"key":"Dexterity Potion"},{"floor":22,"key":"SkillPotion"},{"floor":28,"key":"LiquidBronze"},{"floor":30,"key":"Energy Potion"},{"floor":35,"key":"Regen Potion"},{"floor":41,"key":"EssenceOfSteel"}],"is_trial":false,"path_per_floor":["M","M","?","?","$","E","T","E","T","$","?","R","E","M","R","B",null,"M","M","M","$","M","R","E","?","T","R","E","R","M","M","R","B",null,"M","$","M","M","T","R","E","M","T","$","R","$","M","M","R","B",null,"R","$","E","B"],"character_chosen":"DEFECT","items_purchased":["Electrodynamics","Chaos","Anchor","Happy Flower","Stack","Oddly Smooth Stone","Double Energy","Dexterity Potion","SkillPotion","Bag of Preparation"],"campfire_rested":1,"item_purchase_floors":[5,5,10,36,36,44,44,53,53,53],"current_hp_per_floor":[75,75,69,69,69,69,69,46,46,46,32,32,32,32,32,19,69,65,56,49,49,46,46,44,44,44,44,42,42,42,33,33,33,69,47,47,47,44,44,44,44,37,37,37,37,37,30,30,50,29,69,69,69,15,0],"gold":46,"neow_bonus":"THREE_ENEMY_KILL","is_prod":false,"is_daily":false,"chose_seed":false,"campfire_upgraded":8,"win_rate":0,"timestamp":1548327188,"path_taken":["M","M","?","?","?","E","?","E","T","$","?","R","E","M","R","BOSS","M","M","M","$","M","R","E","?","T","R","E","R","M","M","R","BOSS","M","$","M","?","?","R","E","M","T","?","R","$","M","M","R","BOSS","R","$","E","BOSS"],"build_version":"2019-01-23","purchased_purges":2,"victory":false,"max_hp_per_floor":[75,75,69,69,69,69,69,69,69,69,69,69,69,69,69,69,69,69,69,69,69,69,69,69,69,69,69,69,69,69,69,69,69,69,69,69,69,69,69,69,69,69,69,69,69,69,69,69,69,69,69,69,69,69,69],"card_choices":[{"not_picked":["Compile Driver","Storm"],"picked":"Cold Snap","floor":1},{"not_picked":["Beam Cell","Turbo"],"picked":"Go for the Eyes","floor":2},{"not_picked":["Capacitor","Go for the Eyes"],"picked":"Stack","floor":6},{"not_picked":["FTL","Melter"],"picked":"Aggregate","floor":8},{"not_picked":["Hologram","Reprogram"],"picked":"Cold Snap","floor":13},{"not_picked":["Scrape","Go for the Eyes"],"picked":"Cold Snap","floor":14},{"not_picked":["Amplify","Buffer"],"picked":"All For One","floor":16},{"not_picked":["Reinforced Body","Heatsinks"],"picked":"Conserve Battery","floor":18},{"not_picked":["Doom and Gloom+1","Conserve Battery"],"picked":"Chill","floor":19},{"not_picked":["Beam Cell","Reprogram"],"picked":"Sweeping Beam","floor":20},{"not_picked":["Barrage","Gash"],"picked":"Chill","floor":22},{"not_picked":["Beam Cell","Gash+1"],"picked":"Rebound","floor":24},{"not_picked":["Turbo","Thunder Strike"],"picked":"Beam Cell+1","floor":28},{"not_picked":["Sunder","Reprogram"],"picked":"Redo","floor":30},{"not_picked":["Gash","Steam+1"],"picked":"Leap+1","floor":31},{"not_picked":["Reboot","Buffer"],"picked":"Electrodynamics","floor":33},{"not_picked":["Coolheaded+1","Stack+1"],"picked":"Ball Lightning+1","floor":35},{"not_picked":["Barrage","Undo+1"],"picked":"Ball Lightning","floor":37},{"not_picked":["Coolheaded+1","Turbo+1"],"picked":"Hello World+1","floor":38},{"not_picked":["Electrodynamics","Static Discharge+1"],"picked":"Redo","floor":41},{"not_picked":["Double Energy+1","Turbo"],"picked":"Stack+1","floor":42},{"not_picked":["Coolheaded","Conserve Battery"],"picked":"Cold Snap+1","floor":47},{"not_picked":["Leap","Conserve Battery"],"picked":"Chaos","floor":48},{"not_picked":["Electrodynamics","Reprogram+1"],"picked":"Stack","floor":54}],"player_experience":190214,"relics_obtained":[{"floor":6,"key":"Ice Cream"},{"floor":7,"key":"Vajra"},{"floor":8,"key":"Tiny Chest"},{"floor":9,"key":"Kunai"},{"floor":13,"key":"Gremlin Horn"},{"floor":24,"key":"Lantern"},{"floor":26,"key":"Whetstone"},{"floor":28,"key":"Incense Burner"},{"floor":39,"key":"Mercury Hourglass"},{"floor":41,"key":"Orichalcum"},{"floor":54,"key":"FossilizedHelix"}],"event_choices":[{"damage_healed":0,"gold_gain":0,"player_choice":"Lose Max HP","damage_taken":0,"relics_obtained":["Golden Idol"],"max_hp_gain":0,"max_hp_loss":6,"event_name":"Golden Idol","floor":3,"gold_loss":0},{"damage_healed":0,"gold_gain":175,"player_choice":"AGREE","damage_taken":0,"max_hp_gain":0,"max_hp_loss":0,"event_name":"Liars Game","floor":4,"gold_loss":0,"cards_obtained":["Doubt"]},{"damage_healed":0,"gold_gain":0,"player_choice":"Entered Light","damage_taken":14,"max_hp_gain":0,"max_hp_loss":0,"event_name":"Shining Light","floor":11,"gold_loss":0,"cards_upgraded":["Dualcast","Electrodynamics"]},{"damage_healed":0,"gold_gain":0,"cards_transformed":["Reinforced Body"],"player_choice":"Transformed","damage_taken":0,"max_hp_gain":0,"max_hp_loss":0,"event_name":"Transmorgrifier","floor":25,"gold_loss":0,"cards_obtained":["Fission"]}],"is_beta":false,"boss_relics":[{"not_picked":["Empty Cage","Inserter"],"picked":"Pandora\u0027s Box"},{"not_picked":["Coffee Dripper","FrozenCore"],"picked":"Astrolabe"}],"items_purged_floors":[5,21],"is_endless":false,"potions_floor_spawned":[8,13,22,28,30,35,41,42,48],"killed_by":"The Heart","ascension_level":3}