{"gold_per_floor":[111,124,49,65,80,80,180,180,180,24,35,54,54,35,35,138,138,150,75,75,75,101,101,1,15,15,15,32,59,78,78,78,78],"floor_reached":33,"playtime":2053,"items_purged":["Strike_B","Strike_B"],"score":282,"play_id":"420b4832-e07a-4012-ab54-a079bdb7c5b0","local_time":"20181119000708","is_ascension_mode":false,"campfire_choices":[{"data":"Loop","floor":6,"key":"SMITH"},{"data":"Redo","floor":8,"key":"SMITH"},{"data":"Undo","floor":13,"key":"SMITH"},{"floor":15,"key":"REST"},{"floor":23,"key":"REST"},{"floor":32,"key":"REST"}],"neow_cost":"PERCENT_DAMAGE","seed_source_timestamp":45053796905269,"circlet_count":0,"master_deck":["Strike_B","Defend_B","Defend_B","Defend_B","Defend_B","Zap","Dualcast","Redo+1","Loop+1","Coolheaded","Impatience","Undo+1","Hologram","Multi-Cast","Conserve Battery","Chaos+1"],"relics":["Cracked Core","StoneCalendar","Fusion Hammer","Calipers","Regal Pillow","Pear","Bottled Flame","Pantograph"],"potions_floor_usage":[16,29,33,33],"damage_taken":[{"damage":0,"enemies":"Cultist","floor":1,"turns":4},{"damage":2,"enemies":"Small Slimes","floor":2,"turns":3},{"damage":4,"enemies":"2 Louse","floor":4,"turns":3},{"damage":7,"enemies":"Large Slime","floor":5,"turns":5},{"damage":8,"enemies":"Looter","floor":11,"turns":3},{"damage":0,"enemies":"Red Slaver","floor":12,"turns":3},{"damage":9,"enemies":"Exordium Thugs","floor":14,"turns":4},{"damage":30,"enemies":"The Guardian","floor":16,"turns":12},{"damage":4,"enemies":"3 Byrds","floor":18,"turns":5},{"damage":0,"enemies":"Chosen","floor":25,"turns":6},{"damage":7,"enemies":"Snecko","floor":28,"turns":7},{"damage":56,"enemies":"Book of Stabbing","floor":29,"turns":12},{"damage":12,"enemies":"Chosen and Byrds","floor":30,"turns":9},{"damage":101,"enemies":"Automaton","floor":33,"turns":12}],"seed_played":"8259429440949154234","potions_obtained":[{"floor":2,"key":"Block Potion"},{"floor":11,"key":"Ancient Potion"},{"floor":25,"key":"SkillPotion"},{"floor":28,"key":"Block Potion"},{"floor":29,"key":"AttackPotion"}],"is_trial":false,"path_per_floor":["M","M","$","M","M","R","?","R","T","$","M","M","R","M","R","B",null,"M","?","?","?","T","R","$","M","T","$","M","E","M","T","R","B"],"character_chosen":"DEFECT","items_purchased":["Loop","Impatience"],"campfire_rested":3,"item_purchase_floors":[3,10],"current_hp_per_floor":[68,66,66,62,55,55,55,55,55,55,47,47,47,38,64,34,89,85,85,85,85,85,89,89,89,99,99,92,36,24,24,68,0],"gold":78,"neow_bonus":"TWENTY_PERCENT_HP_BONUS","is_prod":false,"is_daily":false,"chose_seed":false,"campfire_upgraded":3,"win_rate":0.0,"timestamp":1542575228,"path_taken":["M","M","?","M","M","R","?","R","T","$","M","M","R","?","R","BOSS","M","?","?","?","?","R","$","M","T","?","M","E","?","?","R","BOSS"],"build_version":"2018-11-15","purchased_purges":2,"victory":false,"max_hp_per_floor":[89,89,89,89,89,89,89,89,89,89,89,89,89,89,89,89,89,89,89,89,89,89,89,89,89,99,99,99,99,99,99,99,99],"card_choices":[{"not_picked":["Reprogram","Hologram"],"picked":"Redo","floor":1},{"not_picked":["Stack","Melter","Coolheaded"],"picked":"SKIP","floor":2},{"not_picked":["Barrage","Reinforced Body"],"picked":"Coolheaded","floor":4},{"not_picked":["Stack","Beam Cell","Streamline"],"picked":"SKIP","floor":5},{"not_picked":["Go for the Eyes","Melter"],"picked":"Undo","floor":11},{"not_picked":["Multi-Cast","Cold Snap","Chaos"],"picked":"SKIP","floor":12},{"not_picked":["Steam","Doom and Gloom"],"picked":"Hologram","floor":14},{"not_picked":["Biased Cognition","Rainbow"],"picked":"Multi-Cast","floor":16},{"not_picked":["Compile Driver","Cold Snap+1","Static Discharge"],"picked":"SKIP","floor":18},{"not_picked":["Cold Snap","Gash","Melter+1"],"picked":"SKIP","floor":25},{"not_picked":["Sweeping Beam","Cold Snap"],"picked":"Conserve Battery","floor":28},{"not_picked":["Reprogram","Cold Snap+1"],"picked":"Chaos+1","floor":29},{"not_picked":["Tempest","Storm+1","FTL"],"picked":"SKIP","floor":30}],"player_experience":194556,"relics_obtained":[{"floor":9,"key":"StoneCalendar"},{"floor":22,"key":"Regal Pillow"},{"floor":26,"key":"Pear"},{"floor":29,"key":"Bottled Flame"},{"floor":31,"key":"Pantograph"}],"event_choices":[{"damage_healed":0,"gold_gain":100,"player_choice":"Pray","damage_taken":0,"max_hp_gain":0,"max_hp_loss":0,"event_name":"Golden Shrine","floor":7,"gold_loss":0},{"cards_removed":["Strike_B"],"damage_healed":0,"gold_gain":0,"player_choice":"Gave Gold","damage_taken":0,"max_hp_gain":0,"max_hp_loss":0,"event_name":"Beggar","floor":19,"gold_loss":75},{"damage_healed":0,"gold_gain":0,"player_choice":"Ignored","damage_taken":0,"max_hp_gain":0,"max_hp_loss":0,"event_name":"Ghosts","floor":20,"gold_loss":0},{"damage_healed":0,"gold_gain":0,"player_choice":"Opened","damage_taken":0,"relics_obtained":["Calipers"],"max_hp_gain":0,"max_hp_loss":0,"event_name":"The Mausoleum","floor":21,"gold_loss":0}],"is_beta":false,"boss_relics":[{"not_picked":["Ectoplasm","Calling Bell"],"picked":"Fusion Hammer"}],"items_purged_floors":[10,24],"is_endless":false,"potions_floor_spawned":[2,11,25,28,29],"killed_by":"Automaton","ascension_level":0}