{"gold_per_floor":[109,121,33,43,56,56,83,83,83,83,112,112,129,160,160,234,234,249,260,276,149,149,149,179,192,266,266,300,300,300,318,318,318],"floor_reached":33,"playtime":2971,"items_purged":["Strike_R"],"score":561,"play_id":"fe7920cd-3f03-46cf-abe4-cf0f8e8acf43","local_time":"20190501003156","is_ascension_mode":true,"campfire_choices":[{"data":"Anger","floor":6.0,"key":"SMITH"},{"data":"Inflame","floor":8.0,"key":"SMITH"},{"data":"Heavy Blade","floor":10.0,"key":"SMITH"},{"floor":15.0,"key":"REST"},{"data":"Uppercut","floor":23.0,"key":"SMITH"},{"floor":27.0,"key":"REST"},{"floor":30.0,"key":"REST"},{"data":"Burning Pact","floor":32.0,"key":"SMITH"}],"neow_cost":"NONE","seed_source_timestamp":0,"circlet_count":0,"master_deck":["AscendersBane","Strike_R","Strike_R","Strike_R","Defend_R","Defend_R","Defend_R","Defend_R","Bash","Anger+1","Ghostly Armor","Inflame+1","Heavy Blade+1","Shockwave+1","Impervious","Carnage","Armaments","Feed","Demon Form","Uppercut+1","Shrug It Off","Heavy Blade","Burning Pact+1"],"special_seed":0,"relics":["Burning Blood","Omamori","Regal Pillow","Darkstone Periapt","Bronze Scales","Velvet Choker","Mummified Hand","Frozen Egg 2","Meat on the Bone"],"potions_floor_usage":[33,33],"damage_taken":[{"damage":15.0,"enemies":"2 Louse","floor":1.0,"turns":3.0},{"damage":1.0,"enemies":"Cultist","floor":2.0,"turns":3.0},{"damage":0.0,"enemies":"Small Slimes","floor":4.0,"turns":5.0},{"damage":11.0,"enemies":"3 Louse","floor":5.0,"turns":5.0},{"damage":20.0,"enemies":"3 Sentries","floor":7.0,"turns":6.0},{"damage":14.0,"enemies":"Lagavulin","floor":11.0,"turns":6.0},{"damage":13.0,"enemies":"Blue Slaver","floor":13.0,"turns":4.0},{"damage":20.0,"enemies":"3 Sentries","floor":14.0,"turns":8.0},{"damage":26.0,"enemies":"The Guardian","floor":16.0,"turns":10.0},{"damage":10.0,"enemies":"3 Byrds","floor":18.0,"turns":3.0},{"damage":0.0,"enemies":"Spheric Guardian","floor":19.0,"turns":3.0},{"damage":5.0,"enemies":"Snake Plant","floor":20.0,"turns":3.0},{"damage":26.0,"enemies":"Gremlin Leader","floor":24.0,"turns":8.0},{"damage":24.0,"enemies":"Cultist and Chosen","floor":25.0,"turns":6.0},{"damage":44.0,"enemies":"Slavers","floor":28.0,"turns":6.0},{"damage":16.0,"enemies":"Centurion and Healer","floor":31.0,"turns":4.0},{"damage":64,"enemies":"Automaton","floor":33,"turns":10}],"seed_played":"-8020983264531725799","potions_obtained":[{"floor":1.0,"key":"Explosive Potion"},{"floor":7.0,"key":"PowerPotion"},{"floor":13.0,"key":"Explosive Potion"},{"floor":14.0,"key":"Strength Potion"},{"floor":25.0,"key":"Swift Potion"},{"floor":28.0,"key":"GamblersBrew"},{"floor":31.0,"key":"Explosive Potion"}],"is_trial":false,"path_per_floor":["M","M","$","M","M","R","E","R","T","R","E","?","M","E","R","B",null,"M","M","M","$","?","R","E","M","T","R","E","?","R","M","R","B"],"character_chosen":"IRONCLAD","items_purchased":["Inflame","SteroidPotion","Energy Potion"],"campfire_rested":3,"item_purchase_floors":[3,3,21],"current_hp_per_floor":[59,64,64,70,65,65,51,51,51,51,43,43,36,22,59,39,66,62,71,72,72,57,57,37,19,19,58,23,23,63,56,56,0],"gold":318,"neow_bonus":"RANDOM_COMMON_RELIC","is_prod":false,"is_daily":false,"chose_seed":false,"campfire_upgraded":5,"win_rate":0,"timestamp":1556695916,"path_taken":["M","M","$","M","M","R","E","R","T","R","E","?","?","E","R","BOSS","M","M","M","$","?","R","E","M","T","R","E","?","R","M","R","BOSS"],"build_version":"2019-01-23","purchased_purges":1,"victory":false,"max_hp_per_floor":[75,75,75,75,75,75,75,75,75,75,75,75,75,75,75,75,75,75,78,78,78,83,83,83,83,83,83,86,86,86,89,89,89],"card_choices":[{"not_picked":["Cleave","Heavy Blade"],"picked":"Anger","floor":1.0},{"not_picked":["Warcry","Twin Strike"],"picked":"Ghostly Armor","floor":2.0},{"not_picked":["Clash","Flex"],"picked":"Heavy Blade","floor":4.0},{"not_picked":["Infernal Blade","Flex"],"picked":"Shockwave","floor":5.0},{"not_picked":["Sentinel","Clothesline"],"picked":"Impervious","floor":7.0},{"not_picked":["Headbutt","Second Wind"],"picked":"Carnage","floor":11.0},{"not_picked":["Hemokinesis","Dropkick"],"picked":"Armaments","floor":13.0},{"not_picked":["Carnage","Intimidate"],"picked":"Feed","floor":14.0},{"not_picked":["Feed","Berserk"],"picked":"Demon Form","floor":16.0},{"not_picked":["Anger","Thunderclap","Flex"],"picked":"SKIP","floor":18.0},{"not_picked":["Dual Wield+1","Intimidate"],"picked":"Uppercut","floor":19.0},{"not_picked":["Metallicize","Rupture"],"picked":"Shrug It Off","floor":20.0},{"not_picked":["Body Slam","Clash","Clothesline"],"picked":"SKIP","floor":24.0},{"not_picked":["Anger","Wild Strike","Bloodletting"],"picked":"SKIP","floor":25.0},{"not_picked":["Flex","Brutality+1"],"picked":"Heavy Blade","floor":28.0},{"not_picked":["Armaments+1","Burning Pact","Searing Blow"],"picked":"SKIP","floor":31.0},{"not_picked":["Armaments+1","Searing Blow"],"picked":"Burning Pact","floor":31.0}],"player_experience":434953,"relics_obtained":[{"floor":7.0,"key":"Regal Pillow"},{"floor":11.0,"key":"Darkstone Periapt"},{"floor":14.0,"key":"Bronze Scales"},{"floor":24.0,"key":"Mummified Hand"},{"floor":26.0,"key":"Frozen Egg 2"},{"floor":28.0,"key":"Meat on the Bone"}],"event_choices":[{"damage_healed":0.0,"max_hp_gain":0.0,"max_hp_loss":0.0,"gold_gain":0.0,"event_name":"Accursed Blacksmith","player_choice":"Forge","floor":12.0,"gold_loss":0.0,"damage_taken":0.0,"cards_upgraded":["Shockwave"]},{"damage_healed":0.0,"max_hp_gain":5.0,"max_hp_loss":0.0,"gold_gain":0.0,"event_name":"Forgotten Altar","player_choice":"Shed Blood","floor":22.0,"gold_loss":0.0,"damage_taken":20.0},{"cards_removed":["Strike_R"],"damage_healed":0.0,"max_hp_gain":0.0,"max_hp_loss":0.0,"gold_gain":0.0,"event_name":"Back to Basics","player_choice":"Elegance","floor":29.0,"gold_loss":0.0,"damage_taken":0.0}],"is_beta":false,"boss_relics":[{"not_picked":["Mark of Pain","Ectoplasm"],"picked":"Velvet Choker"}],"items_purged_floors":[21],"is_endless":false,"potions_floor_spawned":[1,7,13,14,25,28,31],"killed_by":"Automaton","ascension_level":14}