{"gold_per_floor":[118,118,130,143,153,183,183,242,266,295,295,307,317,342,342,440,440,458,60,60,79,148,173,173,199,225,260,279,279,294,99,99,200,200,214,214,214,224,41,75,87,119,178,202,233,279,291,53,53,53,53,53,5,33,33],"floor_reached":55,"playtime":4154,"items_purged":["Strike_G","Defend_G"],"score":957,"play_id":"ce039984-b3ab-431d-93f7-6719eceb139e","local_time":"20190108024723","is_ascension_mode":true,"campfire_choices":[{"data":"Poisoned Stab","floor":7,"key":"SMITH"},{"floor":11,"key":"REST"},{"data":"Deadly Poison","floor":15,"key":"SMITH"},{"data":"Venomology","floor":24,"key":"SMITH"},{"data":"Dodge and Roll","floor":29,"key":"SMITH"},{"data":"Poisoned Stab","floor":32,"key":"SMITH"},{"data":"Doppelganger","floor":41,"key":"SMITH"},{"floor":47,"key":"RECALL"},{"floor":49,"key":"REST"},{"data":"Sucker Punch","floor":52,"key":"SMITH"}],"neow_cost":"TEN_PERCENT_HP_LOSS","seed_source_timestamp":363692503167871,"circlet_count":0,"master_deck":["Defend_G","Defend_G","Defend_G+1","Survivor+1","Neutralize+1","Dodge and Roll+1","Quick Slash+1","Backflip","Poisoned Stab+1","Bane","Noxious Fumes","Bane","Deadly Poison+1","Dagger Throw","Noxious Fumes","Venomology+1","Deflect+1","Poisoned Stab+1","Poisoned Stab+1","Flying Knee","Endless Agony+1","Well Laid Plans+1","Heel Hook+1","Blur+1","Doppelganger+1","Slice+1","Purity","Impatience","Dagger Throw","Finesse","Caltrops+1","Poisoned Stab+1","Sucker Punch+1","Acrobatics+1","Calculated Gamble","Skewer+1","Poisoned Stab","Prepared"],"relics":["Ring of the Snake","Ginger","Tiny Chest","Bag of Preparation","Snake Skull","Empty Cage","Boot","Dream Catcher","Ornamental Fan","PreservedInsect","Bronze Scales","War Paint","Bottled Flame","TwistedFunnel","Busted Crown","MawBank","Whetstone","Strawberry","Bottled Lightning","Bag of Marbles"],"potions_floor_usage":[5,6,10,12,18,21,23,23,25,25,28,30,30,33,35,35,40,40,40,44,45,46,46,50,50,50,54,55],"damage_taken":[{"damage":0,"enemies":"Jaw Worm","floor":1,"turns":6},{"damage":0,"enemies":"Cultist","floor":3,"turns":7},{"damage":0,"enemies":"Small Slimes","floor":4,"turns":5},{"damage":8,"enemies":"Exordium Thugs","floor":5,"turns":7},{"damage":24,"enemies":"Gremlin Nob","floor":6,"turns":6},{"damage":11,"enemies":"Lagavulin","floor":8,"turns":6},{"damage":10,"enemies":"3 Sentries","floor":10,"turns":7},{"damage":0,"enemies":"Red Slaver","floor":12,"turns":2},{"damage":2,"enemies":"Looter","floor":13,"turns":4},{"damage":0,"enemies":"Lagavulin","floor":14,"turns":5},{"damage":1,"enemies":"The Guardian","floor":16,"turns":8},{"damage":0,"enemies":"Chosen","floor":18,"turns":4},{"damage":0,"enemies":"Shell Parasite","floor":21,"turns":4},{"damage":11,"enemies":"Slavers","floor":23,"turns":4},{"damage":0,"enemies":"Gremlin Leader","floor":25,"turns":6},{"damage":21,"enemies":"Book of Stabbing","floor":27,"turns":4},{"damage":0,"enemies":"Centurion and Healer","floor":28,"turns":6},{"damage":0,"enemies":"Snake Plant","floor":30,"turns":3},{"damage":6,"enemies":"Champ","floor":33,"turns":9},{"damage":1,"enemies":"3 Darklings","floor":35,"turns":4},{"damage":0,"enemies":"Orb Walker","floor":38,"turns":3},{"damage":14,"enemies":"Reptomancer","floor":40,"turns":4},{"damage":3,"enemies":"3 Darklings","floor":42,"turns":3},{"damage":4,"enemies":"Maw","floor":44,"turns":5},{"damage":2,"enemies":"Sphere and 2 Shapes","floor":45,"turns":3},{"damage":0,"enemies":"Giant Head","floor":46,"turns":6},{"damage":46,"enemies":"Time Eater","floor":50,"turns":11},{"damage":11,"enemies":"Shield and Spear","floor":54,"turns":5},{"damage":59,"enemies":"The Heart","floor":55,"turns":3}],"seed_played":"6209039384639416929","potions_obtained":[{"floor":3,"key":"FearPotion"},{"floor":4,"key":"GamblersBrew"},{"floor":6,"key":"Poison Potion"},{"floor":10,"key":"Poison Potion"},{"floor":12,"key":"Fire Potion"},{"floor":13,"key":"SkillPotion"},{"floor":16,"key":"Ancient Potion"},{"floor":18,"key":"Explosive Potion"},{"floor":25,"key":"Explosive Potion"},{"floor":33,"key":"SkillPotion"},{"floor":42,"key":"SteroidPotion"}],"is_trial":false,"path_per_floor":["M","?","M","M","M","E","R","E","T","E","R","M","M","E","R","B",null,"M","$","?","M","T","E","R","E","T","E","M","R","M","$","R","B",null,"M","?","?","M","$","E","R","M","T","M","M","E","R","$","R","B",null,"R","$","E","B"],"character_chosen":"THE_SILENT","items_purchased":["Poisoned Stab","Boot","Dream Catcher","TwistedFunnel","Finesse","Bottled Lightning","Poisoned Stab"],"campfire_rested":2,"item_purchase_floors":[19,19,19,31,39,48,53],"current_hp_per_floor":[63,63,63,63,55,31,31,20,20,10,28,28,26,26,26,25,63,63,63,63,63,63,52,52,52,52,31,31,31,31,31,31,25,63,62,57,57,57,57,43,43,40,40,36,34,41,41,41,62,16,70,70,70,59,0],"gold":33,"neow_bonus":"REMOVE_TWO","is_prod":false,"is_daily":false,"chose_seed":false,"campfire_upgraded":7,"win_rate":0,"timestamp":1546886843,"path_taken":["M","?","M","?","M","E","R","E","T","E","R","M","M","E","R","BOSS","M","$","?","M","?","E","R","E","T","E","M","R","?","?","R","BOSS","M","?","?","M","?","E","R","M","T","M","M","E","R","$","R","BOSS","R","$","E","BOSS"],"build_version":"2019-01-03v4","purchased_purges":2,"victory":false,"max_hp_per_floor":[63,63,63,63,63,63,63,63,63,63,63,63,63,63,63,63,63,63,63,63,63,63,63,63,63,63,63,63,63,63,63,63,63,63,63,63,63,63,63,63,63,63,63,63,63,70,70,70,70,70,70,70,70,70,70],"card_choices":[{"not_picked":["Expertise","Heel Hook"],"picked":"Dodge and Roll","floor":1},{"not_picked":["Outmaneuver","Expertise"],"picked":"Quick Slash","floor":3},{"not_picked":["Sucker Punch","Reflex"],"picked":"Backflip","floor":4},{"not_picked":["Outmaneuver","Night Terror"],"picked":"Poisoned Stab","floor":5},{"not_picked":["Expertise","Footwork"],"picked":"Bane","floor":6},{"not_picked":["Well Laid Plans","Blade Dance"],"picked":"Noxious Fumes","floor":8},{"not_picked":["Doppelganger","Calculated Gamble"],"picked":"Bane","floor":10},{"not_picked":["Backflip","Dodge and Roll"],"picked":"Deadly Poison","floor":12},{"not_picked":["Underhanded Strike","All Out Attack"],"picked":"Dagger Throw","floor":13},{"not_picked":["Heel Hook","Outmaneuver"],"picked":"Noxious Fumes","floor":14},{"not_picked":["Corpse Explosion","Burst"],"picked":"Venomology","floor":16},{"not_picked":["Cloak And Dagger+1","Dagger Throw+1"],"picked":"Deflect+1","floor":18},{"not_picked":["Blade Dance+1","Flying Knee"],"picked":"Poisoned Stab","floor":21},{"not_picked":["A Thousand Cuts","Prepared"],"picked":"Flying Knee","floor":23},{"not_picked":["Skewer","Leg Sweep"],"picked":"Endless Agony+1","floor":25},{"not_picked":["Cloak And Dagger","Caltrops"],"picked":"Well Laid Plans+1","floor":27},{"not_picked":["Cloak And Dagger","Predator"],"picked":"Heel Hook+1","floor":28},{"not_picked":["Prepared","Blade Dance"],"picked":"Blur+1","floor":30},{"not_picked":["Glass Knife","Wraith Form v2"],"picked":"Doppelganger","floor":33},{"not_picked":[],"picked":"Slice+1","floor":35},{"not_picked":[],"picked":"Purity","floor":36},{"not_picked":[],"picked":"Impatience","floor":36},{"not_picked":[],"picked":"Dagger Throw","floor":38},{"not_picked":[],"picked":"Caltrops+1","floor":40},{"not_picked":[],"picked":"Poisoned Stab+1","floor":42},{"not_picked":[],"picked":"Sucker Punch","floor":44},{"not_picked":[],"picked":"Acrobatics+1","floor":45},{"not_picked":[],"picked":"Calculated Gamble","floor":46},{"not_picked":[],"picked":"Skewer+1","floor":49},{"not_picked":[],"picked":"Prepared","floor":54}],"player_experience":93122,"relics_obtained":[{"floor":6,"key":"Ginger"},{"floor":8,"key":"Tiny Chest"},{"floor":10,"key":"Bag of Preparation"},{"floor":14,"key":"Snake Skull"},{"floor":22,"key":"Ornamental Fan"},{"floor":23,"key":"PreservedInsect"},{"floor":25,"key":"Bronze Scales"},{"floor":26,"key":"War Paint"},{"floor":27,"key":"Bottled Flame"},{"floor":40,"key":"MawBank"},{"floor":43,"key":"Whetstone"},{"floor":46,"key":"Strawberry"},{"floor":54,"key":"Bag of Marbles"}],"event_choices":[{"damage_healed":0,"gold_gain":0,"player_choice":"Upgraded","damage_taken":0,"max_hp_gain":0,"max_hp_loss":0,"event_name":"Upgrade Shrine","floor":2,"gold_loss":0,"cards_upgraded":["Neutralize"]},{"damage_healed":0,"gold_gain":0,"player_choice":"Memory 2","damage_taken":5,"max_hp_gain":0,"max_hp_loss":0,"event_name":"SensoryStone","floor":36,"gold_loss":0},{"cards_removed":["Defend_G"],"damage_healed":0,"gold_gain":0,"player_choice":"Removed Skill","damage_taken":0,"max_hp_gain":0,"max_hp_loss":0,"event_name":"Falling","floor":37,"gold_loss":0}],"is_beta":false,"boss_relics":[{"not_picked":["Orrery","Lizard Tail"],"picked":"Empty Cage"},{"not_picked":["Sozu","Ring of the Serpent"],"picked":"Busted Crown"}],"items_purged_floors":[19,39],"is_endless":false,"potions_floor_spawned":[3,4,6,10,12,13,16,18,25,27,33,38,42,45],"killed_by":"The Heart","ascension_level":1}