{"gold_per_floor":[117,117,134,59,9,9,43,62,62,62,78,90,105,133,133,234,234,254,104,104,114,127,161,161,161],"floor_reached":25,"playtime":2020,"items_purged":["Strike_R","Defend_R"],"score":233,"play_id":"3e68499b-6db3-4776-a347-14f803d19592","local_time":"20181019213332","is_ascension_mode":false,"campfire_choices":[{"data":"Entrench","floor":6,"key":"SMITH"},{"floor":15,"key":"REST"},{"floor":24,"key":"REST"}],"neow_cost":"NONE","seed_source_timestamp":6503075134464,"circlet_count":0,"master_deck":["Defend_R","Defend_R","Defend_R","Bash","Fire Breathing","Entrench+1","Berserk","Shrug It Off","Body Slam","Uppercut","Ghostly Armor","Double Tap","Iron Wave+1","Armaments","Metallicize+1","Metallicize","Feed"],"special_seed":0,"relics":["Burning Blood","Sundial","Lantern","Blood Vial","Gremlin Horn","Empty Cage","Enchiridion","Champion Belt"],"potions_floor_usage":[7,14,21],"damage_taken":[{"damage":1.0,"enemies":"Jaw Worm","floor":1.0,"turns":5.0},{"damage":1.0,"enemies":"Cultist","floor":3.0,"turns":4.0},{"damage":76,"enemies":"3 Sentries","floor":7,"turns":17},{"damage":4,"enemies":"2 Louse","floor":8,"turns":6},{"damage":2,"enemies":"2 Fungi Beasts","floor":11,"turns":5},{"damage":2,"enemies":"3 Louse","floor":12,"turns":4},{"damage":3,"enemies":"Looter","floor":13,"turns":4},{"damage":28,"enemies":"Gremlin Nob","floor":14,"turns":4},{"damage":3,"enemies":"The Guardian","floor":16,"turns":15},{"damage":12,"enemies":"Chosen","floor":18,"turns":7},{"damage":17,"enemies":"Spheric Guardian","floor":21,"turns":8},{"damage":12,"enemies":"Snake Plant","floor":22,"turns":9},{"damage":45,"enemies":"Slavers","floor":23,"turns":7},{"damage":53,"enemies":"3 Cultists","floor":25,"turns":7}],"seed_played":"3071722270568827816","potions_obtained":[{"floor":1.0,"key":"GamblersBrew"},{"floor":7,"key":"Swift Potion"},{"floor":8,"key":"Block Potion"},{"floor":13,"key":"AttackPotion"},{"floor":18,"key":"SpeedPotion"},{"floor":23,"key":"Weak Potion"}],"is_trial":false,"path_per_floor":["M","?","M","$","?","R","E","M","T","?","M","M","M","E","R","B",null,"M","$","?","M","M","E","R"],"character_chosen":"IRONCLAD","items_purchased":["Armaments"],"campfire_rested":2,"item_purchase_floors":[19],"current_hp_per_floor":[88,88,88,88,88,88,18,20,20,13,19,25,30,10,36,41,88,82,82,66,57,53,16,42,0],"gold":161,"neow_bonus":"TEN_PERCENT_HP_BONUS","is_prod":false,"is_daily":false,"chose_seed":false,"campfire_upgraded":1,"win_rate":0,"timestamp":1539974012,"path_taken":["M","?","M","$","?","R","E","M","T","?","M","M","M","E","R","BOSS","M","$","?","M","M","E","R","M"],"build_version":"2018-10-18","purchased_purges":2,"victory":false,"max_hp_per_floor":[88,88,88,88,88,88,88,88,88,88,88,88,88,88,88,88,88,88,88,88,88,88,88,88,88],"card_choices":[{"not_picked":["Havoc","Inflame"],"picked":"Fire Breathing","floor":1.0},{"not_picked":["Cleave","Power Through"],"picked":"Entrench","floor":3.0},{"not_picked":["Havoc","Headbutt"],"picked":"Berserk","floor":7},{"not_picked":["Inflame","Warcry"],"picked":"Shrug It Off","floor":8},{"not_picked":["Flex","Blood for Blood"],"picked":"Body Slam","floor":11},{"not_picked":["Twin Strike","Havoc"],"picked":"Uppercut","floor":12},{"not_picked":["Wild Strike","Berserk","Headbutt"],"picked":"SKIP","floor":13},{"not_picked":["Havoc","Uppercut"],"picked":"Ghostly Armor","floor":14},{"not_picked":["Bludgeon","Exhume"],"picked":"Double Tap","floor":16},{"not_picked":["Havoc","Anger"],"picked":"Iron Wave+1","floor":18},{"not_picked":["Bloodletting+1","Evolve"],"picked":"Metallicize+1","floor":21},{"not_picked":["Inflame","Shrug It Off"],"picked":"Metallicize","floor":22},{"not_picked":["Corruption","Armaments"],"picked":"Feed","floor":23}],"player_experience":76435,"relics_obtained":[{"floor":7,"key":"Sundial"},{"floor":9,"key":"Lantern"},{"floor":14,"key":"Gremlin Horn"},{"floor":20,"key":"Enchiridion"},{"floor":23,"key":"Champion Belt"}],"event_choices":[{"cards_removed":["Strike_R"],"damage_healed":0.0,"max_hp_gain":0.0,"max_hp_loss":0.0,"gold_gain":0.0,"event_name":"Purifier","player_choice":"Purged","floor":2.0,"gold_loss":0.0,"damage_taken":0.0},{"cards_removed":["Strike_R"],"damage_healed":0,"gold_gain":0,"player_choice":"Card Removal","damage_taken":0,"max_hp_gain":0,"max_hp_loss":0,"event_name":"The Cleric","floor":5,"gold_loss":50},{"damage_healed":0,"gold_gain":0,"player_choice":"Success","damage_taken":7,"relics_obtained":["Blood Vial"],"max_hp_gain":0,"max_hp_loss":0,"event_name":"Scrap Ooze","floor":10,"gold_loss":0},{"damage_healed":0,"gold_gain":0,"player_choice":"Obtained Book","damage_taken":16,"max_hp_gain":0,"max_hp_loss":0,"event_name":"Cursed Tome","floor":20,"gold_loss":0}],"is_beta":false,"boss_relics":[{"not_picked":["Orrery","Coffee Dripper"],"picked":"Empty Cage"}],"items_purged_floors":[4,19],"is_endless":false,"potions_floor_spawned":[1,7,8,13,18,23],"killed_by":"3 Cultists","ascension_level":0}