{"gold_per_floor":[115,115,133,233,244,278,278,297,323,323,355,237,29,54,54,54],"floor_reached":16,"playtime":979,"items_purged":[],"score":172,"play_id":"0804f5ef-989a-4406-ae7a-201032d25e48","local_time":"20190113233457","is_ascension_mode":true,"campfire_choices":[{"data":"Barricade","floor":7,"key":"SMITH"},{"data":"Armaments","floor":10,"key":"SMITH"},{"data":"Shrug It Off","floor":15,"key":"SMITH"}],"neow_cost":"PERCENT_DAMAGE","seed_source_timestamp":184512584310296,"circlet_count":0,"master_deck":["Strike_R","Strike_R","Strike_R","Defend_R","Defend_R","Defend_R","Defend_R","Bash","Thunderclap","Battle Trance","Shrug It Off+1","Barricade+1","Armaments+1","Pommel Strike","Thunderclap"],"relics":["Burning Blood","Strawberry","PreservedInsect","Blood Vial","Juzu Bracelet","Tiny Chest","Medical Kit","Pantograph"],"potions_floor_usage":[5,6,16],"damage_taken":[{"damage":0,"enemies":"Small Slimes","floor":1,"turns":3},{"damage":9,"enemies":"Jaw Worm","floor":3,"turns":4},{"damage":0,"enemies":"Cultist","floor":5,"turns":3},{"damage":27,"enemies":"3 Sentries","floor":6,"turns":6},{"damage":17,"enemies":"Exordium Thugs","floor":8,"turns":7},{"damage":0,"enemies":"Lagavulin","floor":11,"turns":7},{"damage":21,"enemies":"3 Sentries","floor":14,"turns":9},{"damage":67,"enemies":"Slime Boss","floor":16,"turns":11}],"seed_played":"-7260291729738405124","potions_obtained":[{"floor":3,"key":"EntropicBrew"},{"floor":11,"key":"SkillPotion"}],"is_trial":false,"path_per_floor":["M","?","M","?","M","E","R","M","T","R","E","$","$","E","R","B"],"character_chosen":"IRONCLAD","items_purchased":["Tiny Chest","Medical Kit"],"campfire_rested":0,"item_purchase_floors":[12,13],"current_hp_per_floor":[62,66,63,63,69,48,48,37,37,37,45,45,45,32,32,0],"gold":54,"neow_bonus":"REMOVE_TWO","is_prod":false,"is_daily":false,"chose_seed":false,"campfire_upgraded":3,"win_rate":0,"timestamp":1547393697,"path_taken":["M","?","M","?","?","E","R","M","T","R","E","?","$","E","R","BOSS"],"build_version":"2019-01-10","purchased_purges":0,"victory":false,"max_hp_per_floor":[80,87,87,87,87,87,87,87,87,87,87,87,87,87,87,87],"card_choices":[{"not_picked":["Body Slam","Heavy Blade"],"picked":"Thunderclap","floor":1},{"not_picked":["Thunderclap","Warcry"],"picked":"Battle Trance","floor":3},{"not_picked":["Ghostly Armor","True Grit"],"picked":"Shrug It Off","floor":5},{"not_picked":["Dual Wield","Havoc"],"picked":"Barricade","floor":6},{"not_picked":["Flame Barrier","Anger"],"picked":"Armaments","floor":8},{"not_picked":["Reckless Charge","Ghostly Armor"],"picked":"Pommel Strike","floor":11},{"not_picked":["Heavy Blade","Body Slam"],"picked":"Thunderclap","floor":14}],"player_experience":140837,"relics_obtained":[{"floor":6,"key":"PreservedInsect"},{"floor":9,"key":"Blood Vial"},{"floor":11,"key":"Juzu Bracelet"},{"floor":14,"key":"Pantograph"}],"event_choices":[{"damage_healed":0,"gold_gain":0,"player_choice":"Success","damage_taken":3,"relics_obtained":["Strawberry"],"max_hp_gain":0,"max_hp_loss":0,"event_name":"Scrap Ooze","floor":2,"gold_loss":0},{"damage_healed":0,"gold_gain":100,"player_choice":"Pray","damage_taken":0,"max_hp_gain":0,"max_hp_loss":0,"event_name":"Golden Shrine","floor":4,"gold_loss":0}],"is_beta":false,"boss_relics":[],"items_purged_floors":[],"is_endless":false,"potions_floor_spawned":[3,11],"killed_by":"Slime Boss","ascension_level":4}