{"gold_per_floor":[11,11,24,24,24,24,49,74,146,146,165,178,198,216,216,341,341,357,167,186,205,105,105,129,129,129,129,129,147,182,107,107,226,226,241,309,434,450,450,450,466,480,480,480,503,521,854,854,854,854],"floor_reached":51,"playtime":2838,"items_purged":["Strike_R","Strike_R"],"score":813,"play_id":"62d0736a-60e5-44e3-9ec9-c7efc613bf0e","local_time":"20181104231435","is_ascension_mode":false,"campfire_choices":[{"data":"Rampage","floor":6,"key":"SMITH"},{"data":"Ghostly Armor","floor":10,"key":"SMITH"},{"floor":15,"key":"REST"},{"data":"Seeing Red","floor":23,"key":"SMITH"},{"data":"Spot Weakness","floor":25,"key":"SMITH"},{"data":"Limit Break","floor":28,"key":"SMITH"},{"data":"Whirlwind","floor":32,"key":"SMITH"},{"data":"Barricade","floor":40,"key":"SMITH"},{"data":"Strike_R","floor":44,"key":"PURGE"},{"floor":49,"key":"REST"}],"neow_cost":"NO_GOLD","seed_source_timestamp":5080233458966,"circlet_count":0,"master_deck":["Strike_R","Defend_R","Defend_R","Bash","Limit Break+1","Rampage+1","Ghostly Armor+1","Impervious+1","Spot Weakness+1","Headbutt","Immolate","Whirlwind+1","Seeing Red+1","Iron Wave+1","Shrug It Off+1","Barricade+1","Metallicize+1","Parasite"],"relics":["Burning Blood","Ornamental Fan","Runic Pyramid","Pocketwatch","Pen Nib","Velvet Choker","Torii","Peace Pipe","Orichalcum"],"potions_floor_usage":[16,33,36,38,38,50,50],"damage_taken":[{"damage":5,"enemies":"Small Slimes","floor":1,"turns":5},{"damage":11,"enemies":"Jaw Worm","floor":3,"turns":4},{"damage":6,"enemies":"Cultist","floor":7,"turns":3},{"damage":11,"enemies":"Exordium Thugs","floor":8,"turns":4},{"damage":0,"enemies":"Large Slime","floor":11,"turns":5},{"damage":7,"enemies":"Exordium Wildlife","floor":12,"turns":4},{"damage":10,"enemies":"Looter","floor":13,"turns":3},{"damage":8,"enemies":"3 Louse","floor":14,"turns":4},{"damage":24,"enemies":"Hexaghost","floor":16,"turns":9},{"damage":0,"enemies":"Chosen","floor":18,"turns":6},{"damage":10,"enemies":"3 Byrds","floor":20,"turns":3},{"damage":18,"enemies":"3 Cultists","floor":21,"turns":4},{"damage":9,"enemies":"Cultist and Chosen","floor":24,"turns":6},{"damage":18,"enemies":"Centurion and Healer","floor":29,"turns":7},{"damage":0,"enemies":"Gremlin Leader","floor":30,"turns":5},{"damage":24,"enemies":"Champ","floor":33,"turns":8},{"damage":0,"enemies":"3 Shapes","floor":35,"turns":6},{"damage":40,"enemies":"2 Orb Walkers","floor":36,"turns":5},{"damage":0,"enemies":"Mind Bloom Boss Battle","floor":37,"turns":7},{"damage":0,"enemies":"3 Darklings","floor":38,"turns":2},{"damage":0,"enemies":"Transient","floor":41,"turns":5},{"damage":1,"enemies":"Jaw Worm Horde","floor":42,"turns":5},{"damage":8,"enemies":"Sphere and 2 Shapes","floor":45,"turns":4},{"damage":24,"enemies":"Writhing Mass","floor":46,"turns":7},{"damage":28,"enemies":"Time Eater","floor":50,"turns":9}],"seed_played":"1082317934765465192","potions_obtained":[{"floor":1,"key":"Dexterity Potion"},{"floor":7,"key":"GamblersBrew"},{"floor":11,"key":"LiquidBronze"},{"floor":14,"key":"Ancient Potion"},{"floor":16,"key":"Poison Potion"},{"floor":18,"key":"AttackPotion"},{"floor":35,"key":"Fire Potion"},{"floor":36,"key":"Energy Potion"},{"floor":37,"key":"BloodPotion"},{"floor":46,"key":"Poison Potion"}],"is_trial":false,"path_per_floor":["M","?","M","?","?","R","M","M","T","R","M","M","M","M","R","B",null,"M","$","M","M","$","R","M","R","T","?","R","M","E","?","R","B",null,"M","?","?","M","?","R","M","M","T","R","M","M","?","?","R","B",null],"character_chosen":"IRONCLAD","items_purchased":["Whirlwind","Seeing Red"],"campfire_rested":2,"item_purchase_floors":[19,19],"current_hp_per_floor":[80,73,68,48,48,48,48,43,43,43,49,48,44,42,66,48,80,80,80,76,64,64,64,61,61,61,61,61,49,55,55,55,37,80,80,46,52,66,66,66,72,76,76,76,74,56,56,56,76,54],"gold":854,"neow_bonus":"THREE_RARE_CARDS","is_prod":false,"is_daily":false,"chose_seed":false,"campfire_upgraded":7,"win_rate":0,"timestamp":1541362475,"path_taken":["M","?","M","?","?","R","M","M","T","R","M","M","M","M","R","BOSS","M","$","M","?","$","R","M","R","T","?","R","M","E","?","R","BOSS","M","?","?","M","?","R","M","M","T","R","?","M","?","?","R","BOSS"],"build_version":"2018-11-01","purchased_purges":2,"victory":true,"max_hp_per_floor":[80,80,80,80,80,80,80,80,80,80,80,80,80,80,80,80,80,80,80,80,80,80,80,80,80,80,80,80,80,80,80,80,80,80,80,80,80,80,76,76,76,76,76,76,76,76,76,76,76,76],"card_choices":[{"not_picked":["Feed","Reaper"],"picked":"Limit Break","floor":0},{"not_picked":["Headbutt","Perfected Strike","Clothesline"],"picked":"SKIP","floor":1},{"not_picked":["Fire Breathing","Wild Strike"],"picked":"Rampage","floor":3},{"not_picked":["Iron Wave","Dual Wield"],"picked":"Ghostly Armor","floor":7},{"not_picked":["Power Through","Iron Wave"],"picked":"Impervious","floor":8},{"not_picked":["Armaments","Wild Strike","Clothesline"],"picked":"SKIP","floor":11},{"not_picked":["Rampage","Evolve"],"picked":"Spot Weakness","floor":12},{"not_picked":["Battle Trance","Brutality"],"picked":"Headbutt","floor":13},{"not_picked":["Havoc","Fire Breathing","Wild Strike"],"picked":"SKIP","floor":14},{"not_picked":["Juggernaut","Fiend Fire"],"picked":"Immolate","floor":16},{"not_picked":["Heavy Blade","Clash","Sever Soul"],"picked":"SKIP","floor":18},{"not_picked":["Sword Boomerang","Twin Strike","Thunderclap+1"],"picked":"SKIP","floor":20},{"not_picked":["Perfected Strike","Anger+1"],"picked":"Iron Wave+1","floor":21},{"not_picked":["Evolve+1","Dropkick","Combust+1"],"picked":"SKIP","floor":24},{"not_picked":["Second Wind+1","Entrench"],"picked":"Shrug It Off+1","floor":29},{"not_picked":["Flame Barrier","Shockwave","Sever Soul"],"picked":"SKIP","floor":30},{"not_picked":["Fiend Fire","Immolate"],"picked":"Barricade","floor":33},{"not_picked":["Body Slam","Thunderclap","Flex"],"picked":"SKIP","floor":35},{"not_picked":["Searing Blow","Combust+1","Ghostly Armor"],"picked":"SKIP","floor":38},{"not_picked":["Disarm","Pummel+1"],"picked":"Metallicize+1","floor":41},{"not_picked":["Clothesline","Flex+1","Blood for Blood"],"picked":"SKIP","floor":42},{"not_picked":["Warcry+1","Whirlwind+1","Cleave+1"],"picked":"SKIP","floor":45},{"not_picked":["Headbutt+1","Anger+1","Thunderclap+1"],"picked":"SKIP","floor":46},{"not_picked":["Headbutt+1","Anger+1","Thunderclap+1"],"picked":"SKIP","floor":46}],"player_experience":134108,"relics_obtained":[{"floor":9,"key":"Ornamental Fan"},{"floor":26,"key":"Pocketwatch"},{"floor":30,"key":"Pen Nib"},{"floor":36,"key":"Torii"},{"floor":37,"key":"Peace Pipe"},{"floor":43,"key":"Orichalcum"}],"event_choices":[{"cards_removed":["Strike_R"],"damage_healed":0,"gold_gain":0,"player_choice":"Card Removal","damage_taken":7,"max_hp_gain":0,"max_hp_loss":0,"event_name":"Golden Wing","floor":2,"gold_loss":0},{"damage_healed":0,"gold_gain":0,"player_choice":"Take Damage","damage_taken":20,"relics_obtained":["Golden Idol"],"max_hp_gain":0,"max_hp_loss":0,"event_name":"Golden Idol","floor":4,"gold_loss":0},{"cards_removed":["Defend_R"],"damage_healed":0,"gold_gain":0,"player_choice":"Purged","damage_taken":0,"max_hp_gain":0,"max_hp_loss":0,"event_name":"Purifier","floor":5,"gold_loss":0},{"damage_healed":0,"gold_gain":0,"player_choice":"Ignored","damage_taken":0,"max_hp_gain":0,"max_hp_loss":0,"event_name":"Vampires","floor":27,"gold_loss":0},{"cards_removed":["Defend_R"],"damage_healed":0,"gold_gain":0,"player_choice":"Gave Gold","damage_taken":0,"max_hp_gain":0,"max_hp_loss":0,"event_name":"Beggar","floor":31,"gold_loss":75},{"damage_healed":0,"gold_gain":0,"player_choice":"Fight","damage_taken":0,"max_hp_gain":0,"max_hp_loss":0,"event_name":"Mysterious Sphere","floor":36,"gold_loss":0},{"damage_healed":0,"gold_gain":0,"player_choice":"Fight","damage_taken":0,"max_hp_gain":0,"max_hp_loss":0,"event_name":"MindBloom","floor":37,"gold_loss":0},{"damage_healed":0,"gold_gain":0,"player_choice":"Max HP","damage_taken":0,"max_hp_gain":0,"max_hp_loss":4,"event_name":"Winding Halls","floor":39,"gold_loss":0},{"damage_healed":0,"gold_gain":333,"player_choice":"Gave Idol","damage_taken":0,"max_hp_gain":0,"max_hp_loss":0,"event_name":"The Moai Head","floor":47,"relics_lost":["Golden Idol"],"gold_loss":0},{"damage_healed":0,"gold_gain":0,"player_choice":"Forge","damage_taken":0,"max_hp_gain":0,"max_hp_loss":0,"event_name":"Accursed Blacksmith","floor":48,"gold_loss":0,"cards_upgraded":["Impervious"]}],"is_beta":false,"boss_relics":[{"not_picked":["Astrolabe","Black Star"],"picked":"Runic Pyramid"},{"not_picked":["Orrery","Eternal Feather"],"picked":"Velvet Choker"}],"items_purged_floors":[19,22],"is_endless":false,"potions_floor_spawned":[1,7,11,14,16,18,20,30,35,36,37,46],"ascension_level":0}