{"gold_per_floor":[115,129,129,54,54,54,15,15,63,83,98,110,139,89,89,190,190,209,222,222,237,8,8,22,22,71,88,99,116,129,141,141,141],"floor_reached":33,"playtime":2984,"items_purged":["Regret","Strike_R","Writhe"],"score":253,"play_id":"c198980b-b994-4ead-bf14-bb3fec5d2359","local_time":"20181008215600","is_ascension_mode":false,"campfire_choices":[{"data":"Clash","floor":6,"key":"SMITH"},{"data":"Infernal Blade","floor":8,"key":"SMITH"},{"data":"Armaments","floor":15,"key":"SMITH"},{"floor":23,"key":"REST"},{"floor":32,"key":"REST"}],"neow_cost":"CURSE","seed_source_timestamp":5353104596711,"circlet_count":0,"master_deck":["Strike_R+1","Strike_R","Defend_R","Defend_R","Defend_R","Defend_R","Bash","Hemokinesis+1","Wild Strike","Clash+1","Infernal Blade+1","Armaments+1","Headbutt","Shrug It Off","Spot Weakness","Exhume","Power Through+1","Armaments+1","Violence","Clash","Violence","Blood for Blood+1","Flex+1","Flex+1"],"relics":["Burning Blood","Bag of Preparation","Juzu Bracelet","Smiling Mask","White Beast Statue","Bronze Scales","Ancient Tea Set"],"potions_floor_usage":[12,13,16,21,24,24,27,27,27,27,28,29,30,33,33],"damage_taken":[{"damage":6,"enemies":"Small Slimes","floor":1,"turns":3},{"damage":0,"enemies":"2 Louse","floor":2,"turns":3},{"damage":2,"enemies":"Jaw Worm","floor":10,"turns":1},{"damage":2,"enemies":"Large Slime","floor":11,"turns":4},{"damage":0,"enemies":"Exordium Wildlife","floor":12,"turns":3},{"damage":12,"enemies":"Lagavulin","floor":13,"turns":5},{"damage":32,"enemies":"Hexaghost","floor":16,"turns":7},{"damage":31,"enemies":"3 Byrds","floor":18,"turns":8},{"damage":5,"enemies":"Spheric Guardian","floor":19,"turns":4},{"damage":10,"enemies":"Snake Plant","floor":21,"turns":4},{"damage":11,"enemies":"Centurion and Healer","floor":24,"turns":7},{"damage":34,"enemies":"Sentry and Sphere","floor":27,"turns":8},{"damage":4,"enemies":"Snecko","floor":28,"turns":5},{"damage":17,"enemies":"Centurion and Healer","floor":29,"turns":8},{"damage":8,"enemies":"Cultist and Chosen","floor":30,"turns":5},{"damage":9,"enemies":"3 Cultists","floor":31,"turns":6},{"damage":62,"enemies":"Collector","floor":33,"turns":5}],"seed_played":"8420798946674544207","potions_obtained":[{"floor":1,"key":"Dexterity Potion"},{"floor":2,"key":"PowerPotion"},{"floor":11,"key":"Dexterity Potion"},{"floor":16,"key":"EssenceOfSteel"},{"floor":18,"key":"Block Potion"},{"floor":19,"key":"SteroidPotion"},{"floor":21,"key":"EntropicBrew"},{"floor":24,"key":"Strength Potion"},{"floor":27,"key":"EssenceOfSteel"},{"floor":28,"key":"FearPotion"},{"floor":29,"key":"Fire Potion"},{"floor":30,"key":"EssenceOfSteel"},{"floor":31,"key":"Dexterity Potion"}],"is_trial":false,"path_per_floor":["M","M","?","$","?","R","$","R","T","M","M","M","E","$","R","B",null,"M","M","?","M","$","R","M","?","T","M","M","M","M","M","R"],"character_chosen":"IRONCLAD","items_purchased":["Infernal Blade","Violence"],"campfire_rested":2,"item_purchase_floors":[7,22],"current_hp_per_floor":[80,80,64,64,52,52,52,52,52,56,60,66,60,60,60,34,80,55,56,56,52,52,76,71,71,71,51,53,42,40,37,61,0],"gold":141,"neow_bonus":"TRANSFORM_TWO_CARDS","is_prod":false,"is_daily":false,"chose_seed":false,"campfire_upgraded":3,"win_rate":0,"timestamp":1539024960,"path_taken":["M","M","?","$","?","R","$","R","T","M","M","M","E","?","R","BOSS","M","M","?","M","$","R","M","?","T","M","M","M","M","M","R","BOSS"],"build_version":"2018-10-04v2","purchased_purges":3,"victory":false,"max_hp_per_floor":[80,80,80,80,80,80,80,80,80,80,80,80,80,80,80,80,80,80,80,80,80,80,80,80,80,80,80,80,80,80,80,80,80],"card_choices":[{"not_picked":["Burning Pact","Bloodletting"],"picked":"Clash","floor":1},{"not_picked":["Clothesline","Warcry","Blood for Blood"],"picked":"SKIP","floor":2},{"not_picked":["Second Wind","Headbutt"],"picked":"Armaments","floor":10},{"not_picked":["Warcry","Armaments"],"picked":"Headbutt","floor":11},{"not_picked":["Limit Break","Cleave"],"picked":"Shrug It Off","floor":12},{"not_picked":["Headbutt","Hemokinesis"],"picked":"Spot Weakness","floor":13},{"not_picked":["Offering","Limit Break"],"picked":"Exhume","floor":16},{"not_picked":["Rampage","Spot Weakness"],"picked":"Power Through+1","floor":18},{"not_picked":["Rupture","Headbutt","True Grit"],"picked":"SKIP","floor":19},{"not_picked":["Corruption","Heavy Blade"],"picked":"Armaments+1","floor":21},{"not_picked":["Iron Wave","Power Through"],"picked":"Clash","floor":24},{"not_picked":["Headbutt+1","Twin Strike+1","Iron Wave"],"picked":"SKIP","floor":27},{"not_picked":["Havoc+1","True Grit","Heavy Blade"],"picked":"SKIP","floor":28},{"not_picked":["Rampage+1","Barricade"],"picked":"Blood for Blood+1","floor":29},{"not_picked":["Twin Strike","Anger+1"],"picked":"Flex+1","floor":30},{"not_picked":["Seeing Red","Pommel Strike"],"picked":"Flex+1","floor":31}],"player_experience":60468,"relics_obtained":[{"floor":9,"key":"Juzu Bracelet"},{"floor":13,"key":"Smiling Mask"},{"floor":26,"key":"Ancient Tea Set"}],"event_choices":[{"event_name":"Shining Light","player_choice":"Entered Light","floor":3,"damage_taken":0},{"event_name":"Scrap Ooze","player_choice":"success","floor":5,"damage_taken":12},{"event_name":"The Mausoleum","player_choice":"Yes","floor":20,"damage_taken":0},{"event_name":"Duplicator","player_choice":"One dupe","floor":25,"damage_taken":0}],"is_beta":false,"boss_relics":[{"not_picked":["Fusion Hammer","Calling Bell"],"picked":"White Beast Statue"}],"items_purged_floors":[4,14,22],"is_endless":false,"potions_floor_spawned":[1,2,11,16,18,19,21,24,27,28,29,30,31],"killed_by":"Collector","ascension_level":0}