{"gold_per_floor":[17,29,47,47,64,64,77,77,77,77,92,38,54,70,70,169,169,187,201,230,243,20,50,50,69,69,104,19,36,36,36],"floor_reached":31,"playtime":2089,"items_purged":["Strike_R"],"score":271,"play_id":"ef3341da-cdc6-48e8-857c-bdc95f724aa9","local_time":"20181020092857","is_ascension_mode":false,"campfire_choices":[{"data":"Combust","floor":6,"key":"SMITH"},{"data":"Bash","floor":10,"key":"SMITH"},{"floor":15,"key":"REST"},{"floor":24,"key":"REST"}],"neow_cost":"NO_GOLD","seed_source_timestamp":3921698207294,"circlet_count":0,"master_deck":["Strike_R","Strike_R","Strike_R","Defend_R","Defend_R","Defend_R","Defend_R","Bash+1","Iron Wave","Combust+1","Spot Weakness","Inflame","Warcry+1","Armaments+1","Offering+1","Iron Wave+1","Bloodletting+1","Entrench+1","Metallicize","Intimidate+1","Body Slam+1"],"relics":["Black Blood","StoneCalendar","CultistMask","Toxic Egg 2","Red Mask","PreservedInsect","Paper Frog","Dead Branch","Bottled Lightning","Boot"],"potions_floor_usage":[16,19,21,23,31,31],"damage_taken":[{"damage":3,"enemies":"Small Slimes","floor":1,"turns":3},{"damage":4,"enemies":"Cultist","floor":2,"turns":4},{"damage":5,"enemies":"2 Louse","floor":3,"turns":3},{"damage":27,"enemies":"Exordium Thugs","floor":5,"turns":5},{"damage":10,"enemies":"3 Louse","floor":7,"turns":2},{"damage":14,"enemies":"Exordium Wildlife","floor":11,"turns":5},{"damage":17,"enemies":"Blue Slaver","floor":13,"turns":4},{"damage":7,"enemies":"3 Louse","floor":14,"turns":2},{"damage":39,"enemies":"Hexaghost","floor":16,"turns":9},{"damage":14,"enemies":"3 Byrds","floor":18,"turns":4},{"damage":8,"enemies":"2 Thieves","floor":19,"turns":3},{"damage":33,"enemies":"Masked Bandits","floor":20,"turns":4},{"damage":28,"enemies":"Snake Plant","floor":21,"turns":4},{"damage":36,"enemies":"Slavers","floor":23,"turns":5},{"damage":16,"enemies":"Shelled Parasite and Fungi","floor":25,"turns":5},{"damage":27,"enemies":"Gremlin Leader","floor":27,"turns":6},{"damage":10,"enemies":"Centurion and Healer","floor":29,"turns":5},{"damage":12,"enemies":"Sentry and Sphere","floor":31,"turns":5}],"seed_played":"8553788579435445759","potions_obtained":[{"floor":5,"key":"Strength Potion"},{"floor":7,"key":"Fire Potion"},{"floor":13,"key":"Block Potion"},{"floor":18,"key":"AttackPotion"},{"floor":19,"key":"Fire Potion"},{"floor":29,"key":"SkillPotion"}],"is_trial":false,"path_per_floor":["M","M","M","?","M","R","M","?","T","R","M","$","M","M","R","B",null,"M","M","?","M","$","E","R","M","T","E","?","M","$"],"character_chosen":"IRONCLAD","items_purchased":["Armaments+1","PreservedInsect"],"campfire_rested":2,"item_purchase_floors":[12,22],"current_hp_per_floor":[80,80,80,80,59,59,55,55,55,55,47,47,36,35,59,26,80,76,78,55,37,37,11,35,29,29,12,12,12,12,0],"gold":36,"neow_bonus":"ONE_RARE_RELIC","is_prod":false,"is_daily":false,"chose_seed":false,"campfire_upgraded":2,"win_rate":0,"timestamp":1540016937,"path_taken":["M","M","M","?","M","R","M","?","T","R","M","?","?","M","R","BOSS","M","M","?","M","$","E","R","M","T","E","?","M","$","M"],"build_version":"2018-10-18","purchased_purges":1,"victory":false,"max_hp_per_floor":[80,80,80,80,80,80,80,80,80,80,80,80,80,80,80,80,80,80,80,80,80,80,80,80,80,80,80,80,80,80,80],"card_choices":[{"not_picked":["Clothesline","Flex"],"picked":"Iron Wave","floor":1},{"not_picked":["Flex","Spot Weakness"],"picked":"Combust","floor":2},{"not_picked":["Pommel Strike","Wild Strike","Fire Breathing"],"picked":"SKIP","floor":3},{"not_picked":["Anger","Heavy Blade"],"picked":"Spot Weakness","floor":5},{"not_picked":["Cleave","Wild Strike"],"picked":"Inflame","floor":7},{"not_picked":["Wild Strike","Heavy Blade"],"picked":"Warcry+1","floor":11},{"not_picked":["Clash","Carnage","Heavy Blade"],"picked":"SKIP","floor":13},{"not_picked":["Twin Strike","Sever Soul","Wild Strike"],"picked":"SKIP","floor":14},{"not_picked":["Impervious+1","Brutality"],"picked":"Offering+1","floor":16},{"not_picked":["Perfected Strike","Carnage"],"picked":"Iron Wave+1","floor":18},{"not_picked":["Fire Breathing","Seeing Red+1"],"picked":"Bloodletting+1","floor":19},{"not_picked":["Hemokinesis+1","Second Wind+1"],"picked":"Entrench+1","floor":20},{"not_picked":["Sentinel+1","Perfected Strike","Evolve"],"picked":"SKIP","floor":21},{"not_picked":["Thunderclap","Entrench+1"],"picked":"Metallicize","floor":23},{"not_picked":["Headbutt","Flex+1","Wild Strike"],"picked":"SKIP","floor":25},{"not_picked":["Heavy Blade","Disarm+1"],"picked":"Intimidate+1","floor":27},{"not_picked":["Iron Wave","Anger"],"picked":"Body Slam+1","floor":29}],"player_experience":86644,"relics_obtained":[{"floor":9,"key":"Toxic Egg 2"},{"floor":20,"key":"Red Mask"},{"floor":23,"key":"Paper Frog"},{"floor":26,"key":"Dead Branch"},{"floor":27,"key":"Bottled Lightning"}],"event_choices":[{"damage_healed":0,"gold_gain":0,"player_choice":"Trade","damage_taken":0,"relics_obtained":["CultistMask"],"max_hp_gain":0,"max_hp_loss":0,"event_name":"FaceTrader","floor":4,"gold_loss":0},{"cards_removed":["Strike_R"],"damage_healed":0,"gold_gain":0,"player_choice":"Purged","damage_taken":0,"max_hp_gain":0,"max_hp_loss":0,"event_name":"Purifier","floor":8,"gold_loss":0},{"damage_healed":0,"gold_gain":0,"player_choice":"Fought Bandits","damage_taken":0,"max_hp_gain":0,"max_hp_loss":0,"event_name":"Masked Bandits","floor":20,"gold_loss":0},{"damage_healed":0,"gold_gain":0,"player_choice":"Obtained Relic","damage_taken":0,"relics_obtained":["Boot"],"max_hp_gain":0,"max_hp_loss":0,"event_name":"Addict","floor":28,"gold_loss":85}],"is_beta":false,"boss_relics":[{"not_picked":["Ectoplasm","Cursed Key"],"picked":"Black Blood"}],"items_purged_floors":[22],"is_endless":false,"potions_floor_spawned":[5,7,13,18,19,29],"killed_by":"Sentry and Sphere","ascension_level":0}