{"gold_per_floor":[110,127,137,148,163,163,192,192,192,192,202,234,248,173,173,173],"floor_reached":16,"playtime":547,"items_purged":[],"score":205,"play_id":"b9b61c0c-a58e-436d-8aca-cfba9a2ca246","local_time":"20190211001909","is_ascension_mode":true,"campfire_choices":[{"data":"Dagger Spray","floor":6,"key":"SMITH"},{"data":"Cloak And Dagger","floor":8,"key":"SMITH"},{"floor":10,"key":"REST"},{"data":"Skewer","floor":15,"key":"SMITH"}],"neow_cost":"NONE","seed_source_timestamp":2807612847700,"circlet_count":0,"master_deck":["AscendersBane","Defend_G","Defend_G","Defend_G","Defend_G","Defend_G","Strike_G","Strike_G","Strike_G","Strike_G","Survivor","Neutralize","Leg Sweep","Cloak And Dagger+1","Dagger Spray+1","Backflip","Skewer+1"],"relics":["Ring of the Snake","Bag of Marbles","Tingsha","Meat on the Bone","Singing Bowl"],"potions_floor_usage":[7,7,12],"damage_taken":[{"damage":0,"enemies":"Cultist","floor":1,"turns":5},{"damage":4,"enemies":"Jaw Worm","floor":2,"turns":6},{"damage":4,"enemies":"Small Slimes","floor":3,"turns":4},{"damage":7,"enemies":"Exordium Thugs","floor":4,"turns":6},{"damage":4,"enemies":"3 Louse","floor":5,"turns":3},{"damage":15,"enemies":"Lagavulin","floor":7,"turns":8},{"damage":0,"enemies":"Exordium Wildlife","floor":11,"turns":4},{"damage":21,"enemies":"Gremlin Nob","floor":12,"turns":4},{"damage":0,"enemies":"2 Fungi Beasts","floor":13,"turns":1},{"damage":39,"enemies":"Hexaghost","floor":16,"turns":9}],"seed_played":"5472907491446379430","potions_obtained":[{"floor":1,"key":"PowerPotion"},{"floor":3,"key":"LiquidBronze"},{"floor":7,"key":"AttackPotion"}],"is_trial":false,"path_per_floor":["M","M","M","M","M","R","E","R","T","R","M","E","M","?","R","B"],"character_chosen":"THE_SILENT","items_purchased":[],"campfire_rested":1,"item_purchase_floors":[],"current_hp_per_floor":[59,55,51,44,40,40,25,25,25,44,44,37,39,39,39,0],"gold":173,"neow_bonus":"RANDOM_COMMON_RELIC","is_prod":false,"is_daily":false,"chose_seed":false,"campfire_upgraded":3,"win_rate":0,"timestamp":1549873149,"path_taken":["M","?","M","M","M","R","E","R","T","R","M","E","M","?","R","BOSS"],"build_version":"2019-01-23","purchased_purges":0,"victory":false,"max_hp_per_floor":[66,66,66,66,66,66,66,66,66,66,66,68,70,70,70,70],"card_choices":[{"not_picked":["Blur","Well Laid Plans"],"picked":"Leg Sweep","floor":1},{"not_picked":["Finisher","Poisoned Stab"],"picked":"Cloak And Dagger","floor":2},{"not_picked":["Leg Sweep","Sucker Punch","Flechettes"],"picked":"SKIP","floor":3},{"not_picked":["PiercingWail","Burst"],"picked":"Dagger Spray","floor":4},{"not_picked":["Underhanded Strike","Slice"],"picked":"Backflip","floor":5},{"not_picked":["Flechettes","Distraction","Finisher"],"picked":"SKIP","floor":7},{"not_picked":["Sucker Punch","Acrobatics","Skewer"],"picked":"SKIP","floor":11},{"not_picked":["Sucker Punch","Acrobatics"],"picked":"Skewer","floor":11},{"not_picked":["Underhanded Strike","All Out Attack","Phantasmal Killer"],"picked":"Singing Bowl","floor":12},{"not_picked":["Flying Knee","Poisoned Stab","Reflex"],"picked":"Singing Bowl","floor":13}],"player_experience":424321,"relics_obtained":[{"floor":7,"key":"Tingsha"},{"floor":9,"key":"Meat on the Bone"},{"floor":12,"key":"Singing Bowl"}],"event_choices":[{"cards_removed":["Strike_G"],"damage_healed":0,"gold_gain":0,"player_choice":"Card Removal","damage_taken":0,"max_hp_gain":0,"max_hp_loss":0,"event_name":"The Cleric","floor":14,"gold_loss":75}],"is_beta":false,"boss_relics":[],"items_purged_floors":[],"is_endless":false,"potions_floor_spawned":[1,3,4,7],"killed_by":"Hexaghost","ascension_level":16}