{"gold_per_floor":[114,114,114,45,8,8,38,48,48,48,83,100,100,100,100,196,196,215,227,227,26,42,42,42,60,60,60,76,86,86,121,121,222,222,240,291,291,291,291,320,339,339,339,115,127,127,127,139,139,139],"floor_reached":50,"playtime":5774,"items_purged":["Regret"],"score":601,"play_id":"f8bb0381-5172-4bf9-a254-efbd2844ceec","local_time":"20190502025434","is_ascension_mode":false,"campfire_choices":[{"data":"Crippling Poison","floor":6,"key":"SMITH"},{"floor":13,"key":"REST"},{"floor":15,"key":"REST"},{"floor":23,"key":"REST"},{"data":"Deadly Poison","floor":27,"key":"SMITH"},{"floor":30,"key":"REST"},{"data":"A Thousand Cuts","floor":32,"key":"SMITH"},{"data":"1","floor":42,"key":"LIFT"},{"data":"2","floor":46,"key":"LIFT"},{"data":"3","floor":49,"key":"LIFT"}],"neow_cost":"NONE","seed_source_timestamp":79059129319480,"circlet_count":0,"master_deck":["Defend_G+1","Defend_G+1","Defend_G+1","Defend_G+1","Survivor+1","Neutralize+1","Acrobatics+1","Reflex+1","Crippling Poison+1","Crippling Poison+1","Deadly Poison+1","Heel Hook+1","Tools of the Trade+1","Backstab+1","A Thousand Cuts+1","Blade Dance+1","Backstab+1","Cloak And Dagger+1","Cloak And Dagger+1","Flying Knee+1","Riddle With Holes+1","Backflip+1","Flying Knee+1","Backstab+1","Bite+1","Bite+1","Bite+1","Bite+1","Bite+1","Backstab+1","Blade Dance+1","Blade Dance+1","Acrobatics+1","Envenom+1","Acrobatics+1","Heel Hook+1","Writhe","Bandage Up+1","Tactician+1","Footwork","Calculated Gamble+1","Accuracy+1"],"relics":["Ring of the Snake","Ancient Tea Set","Boot","Bottled Lightning","Bag of Preparation","PreservedInsect","Orrery","Centennial Puzzle","Paper Crane","Red Mask","White Beast Statue","Girya","Mark of the Bloom","Ornamental Fan","Gremlin Horn","Orichalcum","Pen Nib"],"potions_floor_usage":[11,16,16,16,16,16,19,25,36,40,40,40,45,48,50,50],"damage_taken":[{"damage":3,"enemies":"Small Slimes","floor":1,"turns":4},{"damage":32,"enemies":"Lagavulin","floor":7,"turns":7},{"damage":12,"enemies":"Jaw Worm","floor":8,"turns":2},{"damage":14,"enemies":"Gremlin Nob","floor":11,"turns":3},{"damage":7,"enemies":"Cultist","floor":12,"turns":3},{"damage":23,"enemies":"Hexaghost","floor":16,"turns":7},{"damage":20,"enemies":"Shell Parasite","floor":18,"turns":5},{"damage":6,"enemies":"Chosen","floor":19,"turns":4},{"damage":10,"enemies":"3 Cultists","floor":22,"turns":5},{"damage":12,"enemies":"Cultist and Chosen","floor":25,"turns":5},{"damage":15,"enemies":"Sentry and Sphere","floor":28,"turns":5},{"damage":11,"enemies":"Shelled Parasite and Fungi","floor":29,"turns":5},{"damage":0,"enemies":"Masked Bandits","floor":31,"turns":3},{"damage":54,"enemies":"Collector","floor":33,"turns":9},{"damage":0,"enemies":"3 Shapes","floor":35,"turns":2},{"damage":44,"enemies":"2 Orb Walkers","floor":36,"turns":5},{"damage":1,"enemies":"Giant Head","floor":40,"turns":3},{"damage":0,"enemies":"Orb Walker","floor":41,"turns":2},{"damage":1,"enemies":"4 Shapes","floor":45,"turns":3},{"damage":3,"enemies":"Writhing Mass","floor":48,"turns":4},{"damage":42,"enemies":"Awakened One","floor":50,"turns":10}],"seed_played":"1276071656501857621","potions_obtained":[{"floor":8,"key":"Poison Potion"},{"floor":11,"key":"AttackPotion"},{"floor":12,"key":"Poison Potion"},{"floor":14,"key":"Ancient Potion"},{"floor":14,"key":"EntropicBrew"},{"floor":18,"key":"SpeedPotion"},{"floor":22,"key":"EssenceOfSteel"},{"floor":28,"key":"Strength Potion"},{"floor":33,"key":"Dexterity Potion"},{"floor":35,"key":"Weak Potion"},{"floor":36,"key":"FearPotion"},{"floor":40,"key":"Weak Potion"},{"floor":41,"key":"Energy Potion"},{"floor":45,"key":"Dexterity Potion"},{"floor":48,"key":"Energy Potion"}],"is_trial":false,"path_per_floor":["M","?","?","$","$","R","E","M","T","$","E","M","R","?","R","B",null,"M","M","?","$","M","R","?","M","T","R","M","M","R","?","R","B",null,"M","?","?","?","?","E","M","R","T","$","M","R","T","M","R","B"],"character_chosen":"THE_SILENT","items_purchased":["Crippling Poison","Crippling Poison","Blood Vial","Flying Knee","Orichalcum"],"campfire_rested":4,"item_purchase_floors":[4,5,21,21,44],"current_hp_per_floor":[67,67,67,67,67,67,35,23,23,23,9,2,23,23,44,21,70,50,44,44,44,36,57,57,53,53,53,42,33,54,60,60,12,70,70,28,46,46,46,45,45,45,45,45,44,44,44,41,41,0],"gold":139,"neow_bonus":"RANDOM_COMMON_RELIC","is_prod":false,"is_daily":false,"chose_seed":false,"campfire_upgraded":3,"win_rate":0.0,"timestamp":1556780074,"path_taken":["M","?","?","?","$","R","E","M","T","$","E","?","R","?","R","BOSS","M","?","?","?","M","R","?","?","T","R","M","M","R","?","R","BOSS","M","?","?","?","?","E","M","R","T","$","M","R","?","M","R","BOSS"],"build_version":"2019-01-23","purchased_purges":1,"victory":false,"max_hp_per_floor":[70,70,70,70,70,70,70,70,70,70,70,70,70,70,70,70,70,70,70,70,70,70,70,70,70,70,70,70,70,70,70,70,70,70,70,70,70,70,70,70,70,70,70,70,70,70,70,70,70,70],"card_choices":[{"not_picked":["Escape Plan","Flying Knee"],"picked":"Acrobatics","floor":1},{"not_picked":["Distraction","Outmaneuver"],"picked":"Deadly Poison","floor":7},{"not_picked":["Crippling Poison","Slice"],"picked":"Heel Hook","floor":8},{"not_picked":["Masterful Stab","Dagger Spray"],"picked":"Tools of the Trade","floor":11},{"not_picked":["Dash","Predator"],"picked":"Backstab","floor":12},{"not_picked":["Burst","Die Die Die"],"picked":"A Thousand Cuts","floor":16},{"not_picked":["PiercingWail","Calculated Gamble"],"picked":"Blade Dance","floor":17},{"not_picked":["Deflect","Bane"],"picked":"Backstab","floor":17},{"not_picked":["Slice","Deflect"],"picked":"Cloak And Dagger","floor":17},{"not_picked":["Dagger Spray","Deflect"],"picked":"Cloak And Dagger","floor":17},{"not_picked":["Flechettes","Dagger Spray"],"picked":"Flying Knee","floor":17},{"not_picked":["Dash","Blur"],"picked":"Riddle With Holes","floor":18},{"not_picked":["Slice","Poisoned Stab+1"],"picked":"Backflip","floor":19},{"not_picked":["Calculated Gamble","Choke"],"picked":"Backstab+1","floor":22},{"not_picked":["Flying Knee","Dagger Throw"],"picked":"Backstab","floor":25},{"not_picked":["Die Die Die","Deflect"],"picked":"Blade Dance+1","floor":28},{"not_picked":["Riddle With Holes","Outmaneuver"],"picked":"Blade Dance+1","floor":29},{"not_picked":["Quick Slash+1","Dagger Spray+1"],"picked":"Acrobatics","floor":31},{"not_picked":["Tools of the Trade","Malaise"],"picked":"Envenom","floor":33},{"not_picked":["Distraction","Prepared"],"picked":"Acrobatics+1","floor":35},{"not_picked":["Deadly Poison","Eviscerate"],"picked":"Heel Hook+1","floor":36},{"not_picked":["Blind","Trip"],"picked":"Bandage Up","floor":38},{"not_picked":["Burst","Quick Slash"],"picked":"Tactician+1","floor":40},{"not_picked":["Sucker Punch","Bane"],"picked":"Footwork","floor":41},{"not_picked":["All Out Attack+1","Bouncing Flask+1"],"picked":"Calculated Gamble+1","floor":45},{"not_picked":["Backflip+1","Deadly Poison"],"picked":"Accuracy+1","floor":48}],"player_experience":52286,"relics_obtained":[{"floor":7,"key":"Bottled Lightning"},{"floor":9,"key":"Bag of Preparation"},{"floor":11,"key":"PreservedInsect"},{"floor":26,"key":"Paper Crane"},{"floor":31,"key":"Red Mask"},{"floor":36,"key":"Girya"},{"floor":40,"key":"Ornamental Fan"},{"floor":43,"key":"Gremlin Horn"},{"floor":47,"key":"Pen Nib"}],"event_choices":[{"damage_healed":0,"gold_gain":0,"cards_transformed":["Defend_G"],"player_choice":"Change","damage_taken":0,"max_hp_gain":0,"max_hp_loss":0,"event_name":"Living Wall","floor":2,"gold_loss":0,"cards_obtained":["Reflex"]},{"damage_healed":0,"gold_gain":0,"player_choice":"Box","damage_taken":0,"relics_obtained":["Boot"],"max_hp_gain":0,"max_hp_loss":0,"event_name":"Big Fish","floor":3,"gold_loss":0,"cards_obtained":["Regret"]},{"damage_healed":0,"gold_gain":0,"player_choice":"Got Potions","damage_taken":0,"max_hp_gain":0,"max_hp_loss":0,"event_name":"Lab","floor":14,"gold_loss":0},{"damage_healed":0,"gold_gain":0,"player_choice":"Gave Potion","damage_taken":0,"relics_obtained":["Centennial Puzzle"],"max_hp_gain":0,"max_hp_loss":0,"event_name":"WeMeetAgain","floor":20,"gold_loss":0},{"damage_healed":0,"gold_gain":0,"player_choice":"Became a vampire (Vial)","damage_taken":0,"max_hp_gain":0,"max_hp_loss":0,"event_name":"Vampires","floor":24,"relics_lost":["Blood Vial"],"gold_loss":0,"cards_obtained":["Bite","Bite","Bite","Bite","Bite"]},{"damage_healed":0,"gold_gain":0,"player_choice":"Fought Bandits","damage_taken":0,"max_hp_gain":0,"max_hp_loss":0,"event_name":"Masked Bandits","floor":31,"gold_loss":0},{"damage_healed":0,"gold_gain":0,"player_choice":"Fight","damage_taken":0,"max_hp_gain":0,"max_hp_loss":0,"event_name":"Mysterious Sphere","floor":36,"gold_loss":0},{"damage_healed":18,"gold_gain":0,"player_choice":"Writhe","damage_taken":0,"max_hp_gain":0,"max_hp_loss":0,"event_name":"Winding Halls","floor":37,"gold_loss":0,"cards_obtained":["Writhe"]},{"damage_healed":0,"gold_gain":0,"player_choice":"Memory 1","damage_taken":0,"max_hp_gain":0,"max_hp_loss":0,"event_name":"SensoryStone","floor":38,"gold_loss":0},{"damage_healed":0,"gold_gain":0,"player_choice":"Upgrade","damage_taken":0,"relics_obtained":["Mark of the Bloom"],"max_hp_gain":0,"max_hp_loss":0,"event_name":"MindBloom","floor":39,"gold_loss":0,"cards_upgraded":["Defend_G","Defend_G","Defend_G","Defend_G","Survivor","Neutralize","Acrobatics","Reflex","Crippling Poison","Heel Hook","Tools of the Trade","Backstab","Blade Dance","Backstab","Cloak And Dagger","Cloak And Dagger","Flying Knee","Riddle With Holes","Backflip","Flying Knee","Bite","Bite","Bite","Bite","Bite","Backstab","Acrobatics","Envenom","Bandage Up"]}],"is_beta":false,"boss_relics":[{"not_picked":["Calling Bell","Busted Crown"],"picked":"Orrery"},{"not_picked":["Sozu","Fusion Hammer"],"picked":"White Beast Statue"}],"items_purged_floors":[44],"is_endless":false,"potions_floor_spawned":[8,11,12,18,22,28,33,35,36,40,41,45,48],"killed_by":"Awakened One","ascension_level":0}