{"gold_per_floor":[11,24,41,41,41,41,66,66,112,36,49,49,68,89,89,212,212,231,11,11,29,54,54,69,90,90,90,90,108,132,170,170,170],"floor_reached":33,"playtime":1481,"items_purged":["Strike_B"],"score":263,"play_id":"435aba6c-576a-4618-a443-4f24735fb4d2","local_time":"20181208203455","is_ascension_mode":false,"campfire_choices":[{"data":"Recycle","floor":6.0,"key":"SMITH"},{"data":"Dualcast","floor":8.0,"key":"SMITH"},{"data":"Scrape","floor":12.0,"key":"SMITH"},{"data":"Zap","floor":15.0,"key":"SMITH"},{"data":"Creative AI","floor":23.0,"key":"SMITH"},{"floor":28.0,"key":"REST"},{"floor":32.0,"key":"REST"}],"neow_cost":"NO_GOLD","seed_source_timestamp":34718041369378,"circlet_count":0,"master_deck":["Defend_B","Defend_B","Defend_B+1","Defend_B+1","Zap+1","Dualcast+1","Streamline","Recycle+1","Gash","Gash","Hologram","Scrape+1","Creative AI+1","Leap","Beam Cell+1","Gash+1","Stack+1","Hologram"],"special_seed":0,"relics":["Cracked Core","Golden Idol","War Paint","Eternal Feather","Oddly Smooth Stone","Pen Nib","DataDisk"],"potions_floor_usage":[33],"damage_taken":[{"damage":1.0,"enemies":"Cultist","floor":1.0,"turns":3.0},{"damage":0.0,"enemies":"Small Slimes","floor":2.0,"turns":2.0},{"damage":1.0,"enemies":"Jaw Worm","floor":3.0,"turns":4.0},{"damage":0.0,"enemies":"2 Fungi Beasts","floor":7.0,"turns":6.0},{"damage":0.0,"enemies":"Large Slime","floor":11.0,"turns":4.0},{"damage":0.0,"enemies":"Lots of Slimes","floor":13.0,"turns":3.0},{"damage":4.0,"enemies":"Exordium Wildlife","floor":14.0,"turns":3.0},{"damage":34.0,"enemies":"The Guardian","floor":16.0,"turns":9.0},{"damage":10.0,"enemies":"Spheric Guardian","floor":18.0,"turns":4.0},{"damage":9.0,"enemies":"Shell Parasite","floor":21.0,"turns":7.0},{"damage":32.0,"enemies":"Snecko","floor":22.0,"turns":8.0},{"damage":2.0,"enemies":"Centurion and Healer","floor":24.0,"turns":5.0},{"damage":20.0,"enemies":"3 Cultists","floor":25.0,"turns":6.0},{"damage":15.0,"enemies":"Snake Plant","floor":29.0,"turns":4.0},{"damage":33.0,"enemies":"Shelled Parasite and Fungi","floor":30.0,"turns":6.0},{"damage":1.0,"enemies":"Book of Stabbing","floor":31.0,"turns":6.0},{"damage":45,"enemies":"Collector","floor":33,"turns":5}],"seed_played":"4695901135245872876","potions_obtained":[{"floor":3.0,"key":"FearPotion"},{"floor":7.0,"key":"Dexterity Potion"},{"floor":11.0,"key":"EssenceOfSteel"},{"floor":14.0,"key":"Regen Potion"},{"floor":22.0,"key":"Ancient Potion"},{"floor":24.0,"key":"Dexterity Potion"},{"floor":30.0,"key":"Energy Potion"},{"floor":31.0,"key":"Weak Potion"}],"is_trial":false,"path_per_floor":["M","M","M","?","?","R","M","R","T","$","M","R","M","M","R","B",null,"M","$","?","M","M","R","M","M","T","?","R","M","M","E","R","B"],"character_chosen":"DEFECT","items_purchased":["Gash","Hologram","Oddly Smooth Stone"],"campfire_rested":2,"item_purchase_floors":[10,10,19],"current_hp_per_floor":[74,74,73,73,55,55,55,55,55,55,55,55,55,51,51,17,75,65,65,65,56,39,48,46,26,26,26,57,42,9,8,39,0],"gold":170,"neow_bonus":"REMOVE_TWO","is_prod":false,"is_daily":false,"chose_seed":false,"campfire_upgraded":5,"win_rate":0,"timestamp":1544290495,"path_taken":["M","?","M","?","?","R","M","R","T","$","M","R","?","M","R","BOSS","M","$","?","M","M","R","M","M","T","?","R","M","M","E","R","BOSS"],"build_version":"2018-12-06","purchased_purges":1,"victory":false,"max_hp_per_floor":[75,75,75,75,75,75,75,75,75,75,75,75,75,75,75,75,75,75,75,75,75,75,75,75,75,75,75,75,75,75,75,75,75],"card_choices":[{"not_picked":["Sweeping Beam","Stack"],"picked":"Streamline","floor":1.0},{"not_picked":["Streamline","Beam Cell"],"picked":"Recycle","floor":2.0},{"not_picked":["Streamline","Beam Cell","Skim"],"picked":"SKIP","floor":3.0},{"not_picked":["Beam Cell","Sunder"],"picked":"Gash","floor":7.0},{"not_picked":["Ball Lightning","Sweeping Beam"],"picked":"Scrape","floor":11.0},{"not_picked":["Meteor Strike","Tempest","Static Discharge"],"picked":"SKIP","floor":13.0},{"not_picked":["Rip and Tear","Streamline","Cold Snap"],"picked":"SKIP","floor":14.0},{"not_picked":["Biased Cognition","Multi-Cast"],"picked":"Creative AI","floor":16.0},{"not_picked":["Stack+1","Go for the Eyes"],"picked":"Leap","floor":18.0},{"not_picked":["Heatsinks","Sweeping Beam+1"],"picked":"Beam Cell+1","floor":21.0},{"not_picked":["Beam Cell","Go for the Eyes","Conserve Battery"],"picked":"SKIP","floor":22.0},{"not_picked":["Sweeping Beam","Go for the Eyes","Creative AI"],"picked":"SKIP","floor":24.0},{"not_picked":["Darkness","Streamline","Stack"],"picked":"SKIP","floor":25.0},{"not_picked":["Rip and Tear","Blizzard"],"picked":"Gash+1","floor":29.0},{"not_picked":["Coolheaded","Steam"],"picked":"Stack+1","floor":30.0},{"not_picked":["Fusion","Compile Driver+1"],"picked":"Hologram","floor":31.0}],"player_experience":282750,"relics_obtained":[{"floor":9.0,"key":"War Paint"},{"floor":26.0,"key":"Pen Nib"},{"floor":31.0,"key":"DataDisk"}],"event_choices":[{"cards_removed":["Strike_B"],"damage_healed":0.0,"max_hp_gain":0.0,"max_hp_loss":0.0,"gold_gain":0.0,"event_name":"Living Wall","player_choice":"Forget","floor":4.0,"gold_loss":0.0,"damage_taken":0.0},{"damage_healed":0.0,"max_hp_gain":0.0,"max_hp_loss":0.0,"gold_gain":0.0,"event_name":"Golden Idol","player_choice":"Take Damage","floor":5.0,"gold_loss":0.0,"damage_taken":18.0,"relics_obtained":["Golden Idol"]},{"damage_healed":0.0,"max_hp_gain":0.0,"max_hp_loss":0.0,"gold_gain":0.0,"event_name":"Beggar","player_choice":"Ignored","floor":20.0,"gold_loss":0.0,"damage_taken":0.0},{"damage_healed":0.0,"max_hp_gain":0.0,"max_hp_loss":0.0,"gold_gain":0.0,"event_name":"NoteForYourself","player_choice":"Ignored","floor":27.0,"gold_loss":0.0,"damage_taken":0.0}],"is_beta":false,"boss_relics":[{"not_picked":["Runic Dome","Black Star"],"picked":"Eternal Feather"}],"items_purged_floors":[19],"is_endless":false,"potions_floor_spawned":[3,7,11,14,22,24,30,31],"killed_by":"Collector","ascension_level":0}