{"gold_per_floor":[110,37,37,56,70,70,82,82,82,112,112,112,124,124,124,124],"floor_reached":16,"playtime":938,"items_purged":[],"score":100,"play_id":"f88aca87-b233-40da-88d3-4e59f2fc3fc9","local_time":"20181215152335","is_ascension_mode":false,"campfire_choices":[{"data":"Flechettes","floor":6.0,"key":"SMITH"},{"data":"Venomology","floor":8.0,"key":"SMITH"},{"data":"Distraction","floor":12,"key":"SMITH"},{"data":"Dodge and Roll","floor":15,"key":"SMITH"}],"neow_cost":"NONE","seed_source_timestamp":15569663941751,"circlet_count":0,"master_deck":["Defend_G","Defend_G","Defend_G","Defend_G","Defend_G","Strike_G","Strike_G","Strike_G","Survivor","Neutralize+1","Dodge and Roll+1","Venomology+1","Flechettes+1","Slice","Distraction+1","Neutralize+1","Deflect"],"special_seed":0,"relics":["Ring of the Snake","Dodecahedron","Molten Egg 2"],"potions_floor_usage":[10,10,16,16,16],"damage_taken":[{"damage":1.0,"enemies":"Cultist","floor":1.0,"turns":5.0},{"damage":0.0,"enemies":"Small Slimes","floor":4.0,"turns":5.0},{"damage":1.0,"enemies":"Jaw Worm","floor":5.0,"turns":4.0},{"damage":0.0,"enemies":"Gremlin Gang","floor":7.0,"turns":3.0},{"damage":9,"enemies":"Lagavulin","floor":10,"turns":5},{"damage":0,"enemies":"Blue Slaver","floor":13,"turns":3},{"damage":52,"enemies":"Hexaghost","floor":16,"turns":16}],"seed_played":"-8694846293761912903","potions_obtained":[{"floor":1.0,"key":"FearPotion"},{"floor":4.0,"key":"Explosive Potion"},{"floor":10,"key":"SkillPotion"}],"is_trial":false,"path_per_floor":["M","$","?","M","M","R","M","R","T","E","?","R","M","?","R","B"],"character_chosen":"THE_SILENT","items_purchased":["Venomology"],"campfire_rested":0,"item_purchase_floors":[2],"current_hp_per_floor":[69,69,69,69,68,68,68,68,68,59,59,59,59,52,52,0],"gold":124,"neow_bonus":"UPGRADE_CARD","is_prod":false,"is_daily":false,"chose_seed":false,"campfire_upgraded":4,"win_rate":0,"timestamp":1544876615,"path_taken":["M","?","?","M","M","R","M","R","T","E","?","R","?","?","R","BOSS"],"build_version":"2018-12-13","purchased_purges":0,"victory":false,"max_hp_per_floor":[70,70,70,70,70,70,70,70,70,70,70,70,70,70,70,70],"card_choices":[{"not_picked":["Endless Agony","Underhanded Strike"],"picked":"Dodge and Roll","floor":1.0},{"not_picked":["Calculated Gamble","Cloak And Dagger"],"picked":"Flechettes","floor":4.0},{"not_picked":["Predator","Flechettes"],"picked":"Slice","floor":5.0},{"not_picked":["Expertise","Tactician","Bane"],"picked":"SKIP","floor":7.0},{"not_picked":["Masterful Stab","Accuracy"],"picked":"Distraction","floor":10},{"not_picked":["Underhanded Strike+1","All Out Attack+1"],"picked":"Deflect","floor":13}],"player_experience":316898,"relics_obtained":[{"floor":9.0,"key":"Dodecahedron"},{"floor":10,"key":"Molten Egg 2"}],"event_choices":[{"cards_removed":["Strike_G"],"damage_healed":0.0,"max_hp_gain":0.0,"max_hp_loss":0.0,"gold_gain":0.0,"event_name":"Living Wall","player_choice":"Forget","floor":3.0,"gold_loss":0.0,"damage_taken":0.0},{"damage_healed":0,"gold_gain":0,"player_choice":"1 cards matched","damage_taken":0,"max_hp_gain":0,"max_hp_loss":0,"event_name":"Match and Keep!","floor":11,"gold_loss":0,"cards_obtained":["Neutralize"]},{"cards_removed":["Strike_G"],"damage_healed":0,"gold_gain":0,"player_choice":"Card Removal","damage_taken":7,"max_hp_gain":0,"max_hp_loss":0,"event_name":"Golden Wing","floor":14,"gold_loss":0}],"is_beta":false,"boss_relics":[],"items_purged_floors":[],"is_endless":false,"potions_floor_spawned":[1,4,10,13],"killed_by":"Hexaghost","ascension_level":0}