{"gold_per_floor":[12,27,40,40,50,75,75,87,87,113,188,188,203,0,0,105,105,120,210,227,137,150,150,185,25,25,25,25,25,43,63,63,165,165,176,8,22,22,38,50,50,65,119,129,129,129,129,48,48,48],"floor_reached":50,"playtime":3245,"items_purged":["Strike_G"],"score":499,"play_id":"986d22e8-8be0-4efc-968e-96f64c640ee2","local_time":"20190121224234","is_ascension_mode":false,"campfire_choices":[{"data":"Adrenaline","floor":12.0,"key":"SMITH"},{"floor":15.0,"key":"REST"},{"data":"Burst","floor":23,"key":"SMITH"},{"data":"Cloak And Dagger","floor":27,"key":"SMITH"},{"floor":29,"key":"REST"},{"data":"Bullet Time","floor":32,"key":"SMITH"},{"data":"Mayhem","floor":41,"key":"SMITH"},{"data":"Adrenaline","floor":46,"key":"SMITH"},{"data":"Noxious Fumes","floor":49,"key":"SMITH"}],"neow_cost":"NO_GOLD","seed_source_timestamp":7184700598165,"circlet_count":0,"master_deck":["Defend_G","Defend_G","Defend_G","Defend_G","Defend_G","Strike_G","Strike_G+1","Survivor","Neutralize","Choke+1","Blur","Cloak And Dagger+1","Dash","Flying Knee","Adrenaline+1","Noxious Fumes+1","Backflip","Bullet Time+1","Acrobatics+1","Burst+1","Terror","Leg Sweep+1","Slice+1","Flash of Steel","Adrenaline+1","Mayhem+1","Adrenaline+1","Cloak And Dagger+1","Blind"],"special_seed":0,"relics":["Ring of the Snake","Torii","Boot","Potion Belt","Ninja Scroll","Tingsha","Sozu","Whetstone","Ornamental Fan","Busted Crown","Omamori"],"potions_floor_usage":[],"damage_taken":[{"damage":0.0,"enemies":"Small Slimes","floor":1.0,"turns":4.0},{"damage":0.0,"enemies":"Cultist","floor":2.0,"turns":4.0},{"damage":0.0,"enemies":"Jaw Worm","floor":3.0,"turns":5.0},{"damage":4.0,"enemies":"Lots of Slimes","floor":5.0,"turns":5.0},{"damage":5.0,"enemies":"3 Sentries","floor":6.0,"turns":14.0},{"damage":1.0,"enemies":"Blue Slaver","floor":8.0,"turns":2.0},{"damage":3.0,"enemies":"Lagavulin","floor":10.0,"turns":7.0},{"damage":7.0,"enemies":"Exordium Thugs","floor":13.0,"turns":4.0},{"damage":32,"enemies":"Slime Boss","floor":16,"turns":11},{"damage":0,"enemies":"Chosen","floor":18,"turns":3},{"damage":6,"enemies":"Spheric Guardian","floor":20,"turns":4},{"damage":0,"enemies":"Cultist and Chosen","floor":22,"turns":4},{"damage":11,"enemies":"Gremlin Leader","floor":24,"turns":8},{"damage":0,"enemies":"Shelled Parasite and Fungi","floor":30,"turns":2},{"damage":0,"enemies":"Snake Plant","floor":31,"turns":1},{"damage":53,"enemies":"Automaton","floor":33,"turns":14},{"damage":0,"enemies":"3 Shapes","floor":35,"turns":3},{"damage":0,"enemies":"3 Darklings","floor":37,"turns":5},{"damage":1,"enemies":"Sphere and 2 Shapes","floor":39,"turns":5},{"damage":0,"enemies":"Jaw Worm Horde","floor":40,"turns":3},{"damage":0,"enemies":"Writhing Mass","floor":42,"turns":3},{"damage":1,"enemies":"3 Darklings","floor":44,"turns":3},{"damage":67,"enemies":"Time Eater","floor":50,"turns":10}],"seed_played":"-7507048819954397658","potions_obtained":[{"floor":1.0,"key":"Energy Potion"},{"floor":5.0,"key":"SteroidPotion"},{"floor":6.0,"key":"SpeedPotion"},{"floor":16,"key":"Poison Potion"}],"is_trial":false,"path_per_floor":["M","M","M","?","M","E","?","M","T","E","?","R","M","$","R","B",null,"M","?","M","?","M","R","E","$","T","R","$","R","M","M","R","B",null,"M","$","M","?","M","M","R","M","T","M","?","R","?","$","R","B"],"character_chosen":"THE_SILENT","items_purchased":["Bullet Time","Acrobatics","Flash of Steel","Mayhem","Blind"],"campfire_rested":2,"item_purchase_floors":[14,14,25,36,48],"current_hp_per_floor":[70,70,70,58,54,49,49,48,48,45,34,34,27,27,48,16,70,70,56,50,50,50,50,39,39,39,39,39,60,60,60,60,7,70,70,70,70,70,69,69,69,69,69,68,66,66,66,66,66,0],"gold":48,"neow_bonus":"ONE_RARE_RELIC","is_prod":false,"is_daily":false,"chose_seed":false,"campfire_upgraded":7,"win_rate":0,"timestamp":1548099754,"path_taken":["M","M","M","?","M","E","?","?","T","E","?","R","M","$","R","BOSS","M","?","?","?","M","R","E","$","T","R","?","R","M","?","R","BOSS","M","$","M","?","?","M","R","M","T","?","?","R","?","$","R","BOSS"],"build_version":"2019-01-17v2","purchased_purges":1,"victory":false,"max_hp_per_floor":[70,70,70,70,70,70,70,70,70,70,70,70,70,70,70,70,70,70,70,70,70,70,70,70,70,70,70,70,70,70,70,70,70,70,70,70,70,70,70,70,70,70,70,70,66,66,66,66,66,66],"card_choices":[{"not_picked":["PiercingWail","Backflip"],"picked":"Choke","floor":1.0},{"not_picked":["Prepared","Underhanded Strike"],"picked":"Blur","floor":2.0},{"not_picked":["Underhanded Strike","Choke"],"picked":"Cloak And Dagger","floor":3.0},{"not_picked":["Prepared","Poisoned Stab"],"picked":"Dash","floor":5.0},{"not_picked":["Dagger Throw","Dodge and Roll"],"picked":"Flying Knee","floor":6.0},{"not_picked":["Well Laid Plans","Flying Knee"],"picked":"Adrenaline","floor":8.0},{"not_picked":["Dagger Spray","Sucker Punch"],"picked":"Noxious Fumes","floor":10.0},{"not_picked":["Blade Dance","Dagger Throw"],"picked":"Backflip","floor":13.0},{"not_picked":["Grand Finale","A Thousand Cuts"],"picked":"Burst","floor":16},{"not_picked":["Backstab","Dagger Spray"],"picked":"Terror","floor":18},{"not_picked":["Flechettes","Dodge and Roll","Terror"],"picked":"SKIP","floor":20},{"not_picked":["Acrobatics","Masterful Stab+1"],"picked":"Leg Sweep+1","floor":22},{"not_picked":["Heel Hook+1","Sucker Punch"],"picked":"Slice+1","floor":24},{"not_picked":["Underhanded Strike+1","Choke","Catalyst"],"picked":"SKIP","floor":30},{"not_picked":["Bane","Skewer","Eviscerate"],"picked":"SKIP","floor":31},{"not_picked":["Tools of the Trade","Night Terror"],"picked":"Adrenaline","floor":33},{"not_picked":["Dagger Throw"],"picked":"SKIP","floor":35},{"not_picked":["All Out Attack+1"],"picked":"SKIP","floor":37},{"not_picked":["Infinite Blades"],"picked":"SKIP","floor":39},{"not_picked":["Heel Hook"],"picked":"SKIP","floor":40},{"not_picked":["Acrobatics+1"],"picked":"SKIP","floor":42},{"not_picked":[],"picked":"Cloak And Dagger+1","floor":44}],"player_experience":517756,"relics_obtained":[{"floor":6.0,"key":"Potion Belt"},{"floor":9.0,"key":"Ninja Scroll"},{"floor":10.0,"key":"Tingsha"},{"floor":24,"key":"Whetstone"},{"floor":26,"key":"Ornamental Fan"},{"floor":43,"key":"Omamori"}],"event_choices":[{"damage_healed":0.0,"max_hp_gain":0.0,"max_hp_loss":0.0,"gold_gain":0.0,"event_name":"Scrap Ooze","player_choice":"Success","floor":4.0,"gold_loss":0.0,"damage_taken":12.0,"relics_obtained":["Boot"]},{"cards_removed":["Strike_G"],"damage_healed":0.0,"max_hp_gain":0.0,"max_hp_loss":0.0,"gold_gain":0.0,"event_name":"Bonfire Elementals","player_choice":"Offered Basic","floor":7.0,"gold_loss":0.0,"damage_taken":0.0},{"damage_healed":0.0,"max_hp_gain":0.0,"max_hp_loss":0.0,"gold_gain":75.0,"event_name":"World of Goop","player_choice":"Gather Gold","floor":11.0,"gold_loss":0.0,"damage_taken":11.0},{"damage_healed":0,"gold_gain":90,"player_choice":"GOLD ","damage_taken":14,"max_hp_gain":0,"max_hp_loss":0,"event_name":"Knowing Skull","floor":19,"potions_obtained":[],"gold_loss":0,"cards_obtained":[]},{"cards_removed":["Strike_G"],"damage_healed":0,"gold_gain":0,"player_choice":"Upgrade and Remove","damage_taken":0,"max_hp_gain":0,"max_hp_loss":0,"event_name":"Designer","floor":21,"gold_loss":90,"cards_upgraded":["Acrobatics"]},{"damage_healed":0,"gold_gain":0,"player_choice":"Copied","damage_taken":0,"max_hp_gain":0,"max_hp_loss":0,"event_name":"Duplicator","floor":38,"gold_loss":0,"cards_obtained":["Adrenaline"]},{"damage_healed":0,"gold_gain":0,"player_choice":"Max HP","damage_taken":0,"max_hp_gain":0,"max_hp_loss":4,"event_name":"Winding Halls","floor":45,"gold_loss":0},{"damage_healed":0,"gold_gain":0,"player_choice":"Ignored","damage_taken":0,"max_hp_gain":0,"max_hp_loss":0,"event_name":"Tomb of Lord Red Mask","floor":47,"gold_loss":0}],"is_beta":false,"boss_relics":[{"not_picked":["Eternal Feather","Philosopher\u0027s Stone"],"picked":"Sozu"},{"not_picked":["Runic Dome","Empty Cage"],"picked":"Busted Crown"}],"items_purged_floors":[25],"is_endless":false,"potions_floor_spawned":[1,5,6,16,20,22,24,42,44],"killed_by":"Time Eater","ascension_level":0}