{"gold_per_floor":[109,121,131,206,206,206,217,3,30,45,45,70,70,70,70,201,201,221,221,46,64,339,383,383,407,458,458],"floor_reached":27,"playtime":2689,"items_purged":[],"score":231,"play_id":"c5f84b89-1668-40d7-b1de-1ab72d38d981","local_time":"20190430074124","is_ascension_mode":false,"campfire_choices":[{"data":"Bouncing Flask","floor":6,"key":"SMITH"},{"floor":15,"key":"REST"},{"floor":24,"key":"REST"}],"neow_cost":"NONE","seed_source_timestamp":7258701468289,"circlet_count":0,"master_deck":["Defend_G","Defend_G","Defend_G","Defend_G","Strike_G","Strike_G","Strike_G","Strike_G","Strike_G","Survivor","Neutralize","Infinite Blades","Bouncing Flask+1","Bane","Flechettes","Prepared","Envenom","Discovery","Acrobatics","Phantasmal Killer","Catalyst","Injury","Regret","Bullet Time","Crippling Poison+1","Pain","Noxious Fumes","Flash of Steel","PiercingWail","Deadly Poison","Regret","Crippling Poison","PiercingWail"],"relics":["Ring of the Snake","Lantern","Ancient Tea Set","Paper Crane","Golden Idol","Snake Skull","WristBlade","WarpedTongs","Centennial Puzzle","Strawberry"],"potions_floor_usage":[23,23,27],"damage_taken":[{"damage":1,"enemies":"Cultist","floor":1,"turns":4},{"damage":2,"enemies":"Small Slimes","floor":2,"turns":4},{"damage":6,"enemies":"2 Louse","floor":3,"turns":2},{"damage":0,"enemies":"Exordium Thugs","floor":7,"turns":3},{"damage":5,"enemies":"2 Fungi Beasts","floor":10,"turns":2},{"damage":16,"enemies":"Lagavulin","floor":12,"turns":7},{"damage":26,"enemies":"The Guardian","floor":16,"turns":6},{"damage":12,"enemies":"Shell Parasite","floor":18,"turns":5},{"damage":6,"enemies":"3 Byrds","floor":21,"turns":3},{"damage":42,"enemies":"Book of Stabbing","floor":23,"turns":5},{"damage":26,"enemies":"Shelled Parasite and Fungi","floor":25,"turns":4},{"damage":12,"enemies":"Snecko","floor":27,"turns":2}],"seed_played":"-5823569068097096275","potions_obtained":[{"floor":1,"key":"Energy Potion"},{"floor":3,"key":"Weak Potion"},{"floor":12,"key":"Block Potion"},{"floor":23,"key":"AttackPotion"}],"is_trial":false,"path_per_floor":["M","M","M","?","?","R","M","$","T","M","?","E","?","?","R","B",null,"M","?","$","M","?","E","R","M","T","M"],"character_chosen":"THE_SILENT","items_purchased":["Envenom","Discovery","Acrobatics","Noxious Fumes","Flash of Steel","PiercingWail"],"campfire_rested":2,"item_purchase_floors":[8,8,8,20,20,20],"current_hp_per_floor":[69,67,61,50,50,50,50,50,50,45,38,22,22,22,43,17,70,58,58,58,52,52,10,31,5,12,0],"gold":458,"neow_bonus":"THREE_CARDS","is_prod":false,"is_daily":false,"chose_seed":false,"campfire_upgraded":1,"win_rate":0.0,"timestamp":1556624484,"path_taken":["M","M","?","?","?","R","?","?","T","M","?","E","?","?","R","BOSS","M","?","$","?","?","E","R","M","T","?"],"build_version":"2019-01-23","purchased_purges":0,"victory":false,"max_hp_per_floor":[70,70,70,70,70,70,70,70,70,70,70,70,70,70,70,70,70,70,70,70,70,70,70,70,70,77,77],"card_choices":[{"not_picked":["Backflip","Outmaneuver"],"picked":"Infinite Blades","floor":0},{"not_picked":["Blur","Blade Dance"],"picked":"Bouncing Flask","floor":1},{"not_picked":["Dagger Throw","Dodge and Roll"],"picked":"Bane","floor":2},{"not_picked":["Skewer","Prepared"],"picked":"Flechettes","floor":3},{"not_picked":["Underhanded Strike","Escape Plan"],"picked":"Prepared","floor":7},{"not_picked":["Dagger Throw","Outmaneuver"],"picked":"Phantasmal Killer","floor":10},{"not_picked":["Choke","Flechettes"],"picked":"Catalyst","floor":12},{"not_picked":["Phantasmal Killer","Venomology"],"picked":"Bullet Time","floor":16},{"not_picked":["Prepared","Poisoned Stab"],"picked":"Crippling Poison+1","floor":18},{"not_picked":["Backflip","Slice"],"picked":"Deadly Poison","floor":21},{"not_picked":["Prepared","Outmaneuver"],"picked":"Crippling Poison","floor":23},{"not_picked":["Envenom","Quick Slash"],"picked":"PiercingWail","floor":25}],"player_experience":11150,"relics_obtained":[{"floor":9,"key":"Ancient Tea Set"},{"floor":12,"key":"Paper Crane"},{"floor":23,"key":"Centennial Puzzle"},{"floor":26,"key":"Strawberry"}],"event_choices":[{"damage_healed":0,"gold_gain":75,"player_choice":"Gather Gold","damage_taken":11,"max_hp_gain":0,"max_hp_loss":0,"event_name":"World of Goop","floor":4,"gold_loss":0},{"damage_healed":0,"gold_gain":0,"player_choice":"Gave Potion","damage_taken":0,"relics_obtained":["Lantern"],"max_hp_gain":0,"max_hp_loss":0,"event_name":"WeMeetAgain","floor":5,"gold_loss":0},{"cards_removed":["Defend_G"],"damage_healed":0,"gold_gain":0,"player_choice":"Card Removal","damage_taken":7,"max_hp_gain":0,"max_hp_loss":0,"event_name":"Golden Wing","floor":11,"gold_loss":0},{"damage_healed":0,"gold_gain":0,"player_choice":"Take Wound","damage_taken":0,"relics_obtained":["Golden Idol"],"max_hp_gain":0,"max_hp_loss":0,"event_name":"Golden Idol","floor":13,"gold_loss":0,"cards_obtained":["Injury"]},{"damage_healed":0,"gold_gain":0,"player_choice":"Box","damage_taken":0,"relics_obtained":["Snake Skull"],"max_hp_gain":0,"max_hp_loss":0,"event_name":"Big Fish","floor":14,"gold_loss":0,"cards_obtained":["Regret"]},{"damage_healed":0,"gold_gain":0,"player_choice":"Rummage","damage_taken":0,"relics_obtained":["WarpedTongs"],"max_hp_gain":0,"max_hp_loss":0,"event_name":"Accursed Blacksmith","floor":19,"gold_loss":0,"cards_obtained":["Pain"]},{"damage_healed":0,"gold_gain":275,"player_choice":"Desecrate","damage_taken":0,"max_hp_gain":0,"max_hp_loss":0,"event_name":"Golden Shrine","floor":22,"gold_loss":0,"cards_obtained":["Regret"]}],"is_beta":false,"boss_relics":[{"not_picked":["Philosopher\u0027s Stone","Cursed Key"],"picked":"WristBlade"}],"items_purged_floors":[],"is_endless":false,"potions_floor_spawned":[1,3,12,23],"killed_by":"Snecko","ascension_level":0}