{"gold_per_floor":[113,113,113,138,60,60,98,98,146,190,214,234,234,257,257,388,388,357,357,88,0,25,25,65,65,65,15,15,54,75,174,174,294,294,318,343,343,101,125,250,270,270,294,307,325,67,67,82,82,82,82,82,32,75,75],"floor_reached":56,"playtime":3143,"items_purged":["Strike_G","Strike_G","Strike_G","Strike_G","Strike_G"],"score":1350,"play_id":"7799cad4-4fd9-4f1a-aef4-18701d83ed02","local_time":"20181125175513","is_ascension_mode":false,"campfire_choices":[{"data":"Caltrops","floor":6.0,"key":"SMITH"},{"data":"Dodge and Roll","floor":8.0,"key":"SMITH"},{"floor":13.0,"key":"REST"},{"data":"Neutralize","floor":15.0,"key":"SMITH"},{"data":"Footwork","floor":23.0,"key":"SMITH"},{"data":"Caltrops","floor":25.0,"key":"SMITH"},{"data":"Infinite Blades","floor":28.0,"key":"SMITH"},{"data":"Cloak And Dagger","floor":32.0,"key":"SMITH"},{"floor":47.0,"key":"RECALL"},{"data":"Apotheosis","floor":49.0,"key":"SMITH"},{"data":"Deflect","floor":52.0,"key":"SMITH"}],"neow_cost":"NONE","seed_source_timestamp":15579988587917,"circlet_count":0,"master_deck":["Defend_G","Defend_G","Defend_G","Defend_G","Defend_G","Survivor","Neutralize+1","Deflect+1","Dodge and Roll+1","Caltrops+1","Backflip","Cloak And Dagger+1","Infinite Blades+1","Footwork+1","Caltrops+1","Cloak And Dagger+1","Footwork+1","Apotheosis+1","Blur+1"],"special_seed":0,"relics":["Ring of the Serpent","NeowsBlessing","Golden Idol","FaceOfCleric","Shuriken","Pen Nib","Smiling Mask","Sozu","Oddly Smooth Stone","Darkstone Periapt","Thread and Needle","Ornamental Fan","Tingsha","Art of War","Membership Card","Tough Bandages"],"potions_floor_usage":[],"damage_taken":[{"damage":0.0,"enemies":"Small Slimes","floor":1.0,"turns":1.0},{"damage":0.0,"enemies":"Cultist","floor":4.0,"turns":1.0},{"damage":0.0,"enemies":"Lagavulin","floor":7.0,"turns":1.0},{"damage":32.0,"enemies":"3 Sentries","floor":10.0,"turns":12.0},{"damage":0.0,"enemies":"2 Louse","floor":11.0,"turns":3.0},{"damage":0.0,"enemies":"Exordium Wildlife","floor":12.0,"turns":5.0},{"damage":6.0,"enemies":"Exordium Thugs","floor":14.0,"turns":7.0},{"damage":9.0,"enemies":"Hexaghost","floor":16.0,"turns":10.0},{"damage":11.0,"enemies":"2 Thieves","floor":18.0,"turns":5.0},{"damage":0.0,"enemies":"Shell Parasite","floor":22.0,"turns":6.0},{"damage":1.0,"enemies":"Gremlin Leader","floor":24.0,"turns":9.0},{"damage":0.0,"enemies":"Book of Stabbing","floor":29.0,"turns":5.0},{"damage":0.0,"enemies":"Snake Plant","floor":30.0,"turns":5.0},{"damage":0.0,"enemies":"Automaton","floor":33.0,"turns":12.0},{"damage":0.0,"enemies":"3 Shapes","floor":35.0,"turns":7.0},{"damage":0.0,"enemies":"3 Darklings","floor":36.0,"turns":6.0},{"damage":3.0,"enemies":"Sphere and 2 Shapes","floor":39.0,"turns":5.0},{"damage":3.0,"enemies":"Mind Bloom Boss Battle","floor":40.0,"turns":8.0},{"damage":0.0,"enemies":"4 Shapes","floor":41.0,"turns":8.0},{"damage":0.0,"enemies":"Spire Growth","floor":44.0,"turns":7.0},{"damage":0.0,"enemies":"Writhing Mass","floor":45.0,"turns":7.0},{"damage":0.0,"enemies":"3 Darklings","floor":48.0,"turns":6.0},{"damage":3.0,"enemies":"Time Eater","floor":50.0,"turns":14.0},{"damage":0.0,"enemies":"Shield and Spear","floor":54.0,"turns":14.0},{"damage":52,"enemies":"The Heart","floor":55,"turns":13}],"seed_played":"8584057485187067768","potions_obtained":[{"floor":10.0,"key":"Dexterity Potion"},{"floor":12.0,"key":"Strength Potion"},{"floor":14.0,"key":"Poison Potion"},{"floor":16.0,"key":"Explosive Potion"}],"is_trial":false,"path_per_floor":["M","?","?","M","$","R","E","R","T","E","M","M","R","M","R","B",null,"M","?","$","?","M","R","E","R","T","$","R","E","M","?","R","B",null,"M","M","?","$","M","?","M","T","T","M","M","$","R","M","R","B",null,"R","$","E","B",null],"character_chosen":"THE_SILENT","items_purchased":["Caltrops","Footwork","Oddly Smooth Stone","Apotheosis","Membership Card"],"campfire_rested":1,"item_purchase_floors":[5,20,20,38,46],"current_hp_per_floor":[70,53,53,54,54,54,55,55,55,24,25,26,48,43,43,35,77,67,67,67,67,68,68,68,68,68,68,68,69,70,70,70,71,83,84,85,81,81,79,77,78,78,78,79,80,80,80,81,81,79,88,88,88,89,38],"gold":75,"neow_bonus":"THREE_ENEMY_KILL","is_prod":false,"is_daily":false,"chose_seed":false,"campfire_upgraded":9,"win_rate":0,"timestamp":1543157713,"path_taken":["M","?","?","?","$","R","E","R","T","E","M","M","R","M","R","BOSS","M","?","$","?","M","R","E","R","T","?","R","E","?","?","R","BOSS","M","M","?","$","M","?","M","?","T","M","?","$","R","M","R","BOSS","R","$","E","BOSS"],"build_version":"2018-11-15","purchased_purges":5,"victory":true,"max_hp_per_floor":[70,70,70,71,71,71,72,72,72,73,74,75,75,76,76,77,77,78,78,78,78,79,79,80,80,80,80,80,81,82,82,82,83,83,84,85,81,81,82,83,84,84,84,85,86,86,86,87,87,88,88,88,88,89,90],"card_choices":[{"not_picked":["Acrobatics","Expertise"],"picked":"Deflect","floor":1.0},{"not_picked":["Dagger Throw","Blade Dance"],"picked":"Dodge and Roll","floor":4.0},{"not_picked":["Prepared","PiercingWail","Calculated Gamble"],"picked":"SKIP","floor":7.0},{"not_picked":["Bouncing Flask","Outmaneuver"],"picked":"Backflip","floor":10.0},{"not_picked":["Finisher","Accuracy","Sucker Punch"],"picked":"SKIP","floor":11.0},{"not_picked":["Dagger Throw","Backflip","Endless Agony"],"picked":"SKIP","floor":12.0},{"not_picked":["Sucker Punch","Deflect","Terror"],"picked":"SKIP","floor":14.0},{"not_picked":["Dagger Spray+1","Deflect"],"picked":"Cloak And Dagger+1","floor":18.0},{"not_picked":["Quick Slash","Slice","Deadly Poison"],"picked":"SKIP","floor":22.0},{"not_picked":["Escape Plan","Blade Dance"],"picked":"Caltrops","floor":24.0},{"not_picked":["Caltrops","Flying Knee"],"picked":"Cloak And Dagger","floor":29.0},{"not_picked":["Bane","Reflex","Deflect"],"picked":"SKIP","floor":30.0},{"not_picked":["Choke+1","All Out Attack+1","Sucker Punch"],"picked":"SKIP","floor":35.0},{"not_picked":["Bane+1","Prepared+1"],"picked":"Footwork+1","floor":36.0},{"not_picked":["Deflect","Quick Slash+1","Sucker Punch"],"picked":"SKIP","floor":39.0},{"not_picked":["Riddle With Holes","Setup+1"],"picked":"Blur+1","floor":41.0},{"not_picked":["Caltrops","Tactician","Dash+1"],"picked":"SKIP","floor":44.0},{"not_picked":["Venomology","Concentrate+1","Bane+1"],"picked":"SKIP","floor":45.0},{"not_picked":["Dagger Spray","Deadly Poison+1","Calculated Gamble"],"picked":"SKIP","floor":48.0},{"not_picked":["Choke","Blade Dance","Underhanded Strike+1"],"picked":"SKIP","floor":54.0}],"player_experience":224979,"relics_obtained":[{"floor":7.0,"key":"Shuriken"},{"floor":9.0,"key":"Pen Nib"},{"floor":10.0,"key":"Smiling Mask"},{"floor":24.0,"key":"Darkstone Periapt"},{"floor":26.0,"key":"Thread and Needle"},{"floor":29.0,"key":"Ornamental Fan"},{"floor":40.0,"key":"Tingsha"},{"floor":43.0,"key":"Art of War"},{"floor":54.0,"key":"Tough Bandages"}],"event_choices":[{"damage_healed":0.0,"max_hp_gain":0.0,"max_hp_loss":0.0,"gold_gain":0.0,"event_name":"Golden Idol","player_choice":"Take Damage","floor":2.0,"gold_loss":0.0,"damage_taken":17.0,"relics_obtained":["Golden Idol"]},{"damage_healed":0.0,"max_hp_gain":0.0,"max_hp_loss":0.0,"gold_gain":0.0,"event_name":"FaceTrader","player_choice":"Trade","floor":3.0,"gold_loss":0.0,"damage_taken":0.0,"relics_obtained":["FaceOfCleric"]},{"damage_healed":0.0,"max_hp_gain":0.0,"max_hp_loss":0.0,"gold_gain":0.0,"event_name":"The Library","player_choice":"Read","floor":19.0,"gold_loss":0.0,"damage_taken":0.0,"cards_obtained":["Infinite Blades"]},{"damage_healed":0.0,"max_hp_gain":0.0,"max_hp_loss":0.0,"gold_gain":0.0,"event_name":"Masked Bandits","player_choice":"Paid Fearfully","floor":21.0,"gold_loss":88.0,"damage_taken":0.0},{"damage_healed":0.0,"max_hp_gain":0.0,"max_hp_loss":0.0,"gold_gain":99.0,"event_name":"Nest","player_choice":"Stole From Cult","floor":31.0,"gold_loss":0.0,"damage_taken":0.0},{"damage_healed":0.0,"max_hp_gain":0.0,"max_hp_loss":4.0,"gold_gain":0.0,"event_name":"Winding Halls","player_choice":"Max HP","floor":37.0,"gold_loss":0.0,"damage_taken":0.0},{"damage_healed":0.0,"max_hp_gain":0.0,"max_hp_loss":0.0,"gold_gain":0.0,"event_name":"MindBloom","player_choice":"Fight","floor":40.0,"gold_loss":0.0,"damage_taken":0.0}],"is_beta":false,"boss_relics":[{"not_picked":["Orrery","Eternal Feather"],"picked":"Sozu"},{"not_picked":["Busted Crown","Calling Bell"],"picked":"Ring of the Serpent"}],"items_purged_floors":[20,27,38,46,53],"is_endless":false,"potions_floor_spawned":[10,12,14,16,22,24,36,41,44,48,54],"ascension_level":0}