{"gold_per_floor":[11,25,25,35,54,54,89,89,134,162,162,162,132],"floor_reached":13,"playtime":775,"items_purged":[],"score":149,"play_id":"dffa59a4-05cd-4154-9225-4f0d69291244","local_time":"20190112001958","is_ascension_mode":true,"campfire_choices":[{"data":"Flechettes","floor":6.0,"key":"SMITH"},{"floor":8,"key":"REST"}],"neow_cost":"NO_GOLD","seed_source_timestamp":19971694631265,"circlet_count":0,"master_deck":["AscendersBane","Defend_G","Defend_G","Defend_G","Defend_G","Defend_G","Strike_G","Strike_G","Strike_G","Strike_G","Strike_G","Survivor","Neutralize","PiercingWail","Backflip","Impatience","Flechettes+1","Leg Sweep","Wraith Form v2","Predator"],"special_seed":0,"relics":["Ring of the Snake","Matryoshka","Juzu Bracelet","Omamori","Sundial"],"potions_floor_usage":[],"damage_taken":[{"damage":0.0,"enemies":"Small Slimes","floor":1.0,"turns":6.0},{"damage":12.0,"enemies":"Cultist","floor":2.0,"turns":6.0},{"damage":0.0,"enemies":"2 Louse","floor":4.0,"turns":4.0},{"damage":1.0,"enemies":"Red Slaver","floor":5.0,"turns":7.0},{"damage":33,"enemies":"Lagavulin","floor":7,"turns":10},{"damage":37,"enemies":"3 Sentries","floor":10,"turns":16},{"damage":11,"enemies":"Looter","floor":13,"turns":2}],"seed_played":"7583929759363487915","potions_obtained":[{"floor":7,"key":"Ancient Potion"}],"is_trial":false,"path_per_floor":["M","M","?","M","M","R","E","R","T","E","?","?","M"],"character_chosen":"THE_SILENT","items_purchased":[],"campfire_rested":1,"item_purchase_floors":[],"current_hp_per_floor":[77,65,65,65,64,64,31,56,56,19,11,11,0],"gold":132,"neow_bonus":"TWENTY_PERCENT_HP_BONUS","is_prod":false,"is_daily":false,"chose_seed":false,"campfire_upgraded":1,"win_rate":0,"timestamp":1547241598,"path_taken":["M","M","?","M","M","R","E","R","T","E","?","?","M"],"build_version":"2019-01-10","purchased_purges":0,"victory":false,"max_hp_per_floor":[84,84,84,84,84,84,84,84,84,84,84,84,84],"card_choices":[{"not_picked":["Dagger Throw","Outmaneuver"],"picked":"PiercingWail","floor":1.0},{"not_picked":["Quick Slash","Slice"],"picked":"Backflip","floor":2.0},{"not_picked":["Endless Agony","Prepared"],"picked":"Leg Sweep","floor":4.0},{"not_picked":["Deadly Poison","Blade Dance"],"picked":"Wraith Form v2","floor":5.0},{"not_picked":["Outmaneuver","Acrobatics"],"picked":"Predator","floor":7},{"not_picked":["Cloak And Dagger","Underhanded Strike","Tactician"],"picked":"SKIP","floor":10},{"not_picked":["Cloak And Dagger","Underhanded Strike","Tactician"],"picked":"SKIP","floor":10}],"player_experience":432105,"relics_obtained":[{"floor":7,"key":"Matryoshka"},{"floor":9,"key":"Juzu Bracelet"},{"floor":9,"key":"Omamori"},{"floor":10,"key":"Sundial"}],"event_choices":[{"damage_healed":0.0,"max_hp_gain":0.0,"max_hp_loss":0.0,"gold_gain":0.0,"event_name":"Match and Keep!","player_choice":"2 cards matched","floor":3.0,"gold_loss":0.0,"damage_taken":0.0,"cards_obtained":["Impatience","Flechettes"]},{"damage_healed":0,"gold_gain":0,"player_choice":"Damaged","damage_taken":8,"max_hp_gain":0,"max_hp_loss":0,"event_name":"Wheel of Change","floor":11,"gold_loss":0},{"damage_healed":0,"gold_gain":0,"player_choice":"Ignored","damage_taken":0,"max_hp_gain":0,"max_hp_loss":0,"event_name":"Shining Light","floor":12,"gold_loss":0}],"is_beta":false,"boss_relics":[],"items_purged_floors":[],"is_endless":false,"potions_floor_spawned":[5,7],"killed_by":"Looter","ascension_level":12}