{"gold_per_floor":[118,129,204,204,224,558,569,554],"floor_reached":8,"playtime":525,"items_purged":[],"score":58,"play_id":"b802853e-2805-4484-8d3b-13df6617bf8d","local_time":"20190105182915","is_ascension_mode":false,"campfire_choices":[],"neow_cost":"NONE","seed_source_timestamp":164629478286456,"circlet_count":0,"master_deck":["Strike_B","Strike_B","Strike_B+1","Defend_B","Defend_B","Defend_B","Defend_B","Zap","Dualcast","Gash+1","Hello World","Conserve Battery","Reprogram","Genetic Algorithm"],"relics":["Cracked Core","Old Coin"],"potions_floor_usage":[7],"damage_taken":[{"damage":0,"enemies":"Jaw Worm","floor":1,"turns":5},{"damage":3,"enemies":"2 Louse","floor":2,"turns":2},{"damage":3,"enemies":"Small Slimes","floor":5,"turns":4},{"damage":35,"enemies":"Gremlin Nob","floor":6,"turns":5},{"damage":7,"enemies":"Blue Slaver","floor":7,"turns":4},{"damage":10,"enemies":"Exordium Thugs","floor":8,"turns":1}],"seed_played":"-8359984246487926565","potions_obtained":[{"floor":5,"key":"SkillPotion"},{"floor":7,"key":"AttackPotion"}],"is_trial":false,"path_per_floor":["M","M","?","?","M","E","M","M"],"character_chosen":"DEFECT","items_purchased":[],"campfire_rested":0,"item_purchase_floors":[],"current_hp_per_floor":[75,72,61,46,43,8,1,0],"gold":554,"neow_bonus":"REMOVE_CARD","is_prod":false,"is_daily":false,"chose_seed":false,"campfire_upgraded":0,"win_rate":0.0,"timestamp":1546684155,"path_taken":["M","M","?","?","M","E","M","?"],"build_version":"2019-01-03v4","purchased_purges":0,"victory":false,"max_hp_per_floor":[75,75,75,75,75,75,75,75],"card_choices":[{"not_picked":["Redo","Stack"],"picked":"Gash","floor":1},{"not_picked":["Tempest","Thunder Strike"],"picked":"Hello World","floor":2},{"not_picked":["Streamline","Reinforced Body"],"picked":"Conserve Battery","floor":5},{"not_picked":["Conserve Battery","Creative AI"],"picked":"Reprogram","floor":6},{"not_picked":["Go for the Eyes","Blizzard"],"picked":"Genetic Algorithm","floor":7}],"player_experience":47368,"relics_obtained":[{"floor":6,"key":"Old Coin"}],"event_choices":[{"damage_healed":0,"gold_gain":75,"player_choice":"Gather Gold","damage_taken":11,"max_hp_gain":0,"max_hp_loss":0,"event_name":"World of Goop","floor":3,"gold_loss":0},{"damage_healed":0,"gold_gain":0,"player_choice":"Entered Light","damage_taken":15,"max_hp_gain":0,"max_hp_loss":0,"event_name":"Shining Light","floor":4,"gold_loss":0,"cards_upgraded":["Strike_B","Gash"]}],"is_beta":false,"boss_relics":[],"items_purged_floors":[],"is_endless":false,"potions_floor_spawned":[5,7],"killed_by":"Exordium Thugs","ascension_level":0}