{"gold_per_floor":[110,130,130,142,160,195,211,211,237,237,251,251,268,280,280,381,381,394,394,394,469,503,503,521,521,544,559,559,2,2,16,16,117,117,128,144,144,24,42,42,61,61,61,71,102,122,122,137,137,137],"floor_reached":51,"playtime":3323,"items_purged":["Defend_R"],"score":708,"play_id":"2aca00f0-d310-4b0b-9729-d89b028fad6f","local_time":"20190104013316","is_ascension_mode":false,"campfire_choices":[{"data":"Infernal Blade","floor":8,"key":"SMITH"},{"data":"Seeing Red","floor":15,"key":"SMITH"},{"data":"Double Tap","floor":23,"key":"SMITH"},{"data":"Juggernaut","floor":25,"key":"SMITH"},{"data":"Seeing Red","floor":30,"key":"SMITH"},{"data":"Fire Breathing","floor":32,"key":"SMITH"},{"data":"Bloodletting","floor":40,"key":"SMITH"},{"data":"Hemokinesis","floor":42,"key":"SMITH"},{"data":"Cleave","floor":47,"key":"SMITH"},{"data":"Anger","floor":49,"key":"SMITH"}],"neow_cost":"NONE","seed_source_timestamp":14436143909375,"circlet_count":0,"master_deck":["Strike_R","Strike_R","Strike_R","Strike_R+1","Strike_R","Defend_R","Defend_R","Pommel Strike+1","True Grit","Infernal Blade+1","Intimidate","Anger+1","Clash","Armaments","Seeing Red+1","Juggernaut+1","Double Tap+1","Clash","Clash","Dropkick","Shockwave+1","Hemokinesis+1","Fire Breathing+1","Seeing Red+1","Clash","Seeing Red+1","Fiend Fire","Perfected Strike+1","Bloodletting+1","Cleave+1","Headbutt+1","Pommel Strike+1","Sword Boomerang+1","Fire Breathing+1","Cleave+1","Dropkick+1"],"relics":["Burning Blood","Regal Pillow","Bag of Preparation","Boot","Juzu Bracelet","Gremlin Horn","Eternal Feather","MutagenicStrength","Red Mask","Whetstone","Self Forming Clay","Blood Vial","Coffee Dripper","Calipers","Strawberry"],"potions_floor_usage":[6,7,39,48],"damage_taken":[{"damage":5,"enemies":"2 Louse","floor":1,"turns":3},{"damage":6,"enemies":"Jaw Worm","floor":2,"turns":3},{"damage":3,"enemies":"Small Slimes","floor":4,"turns":4},{"damage":8,"enemies":"Exordium Thugs","floor":5,"turns":5},{"damage":22,"enemies":"Lagavulin","floor":6,"turns":6},{"damage":9,"enemies":"Gremlin Gang","floor":7,"turns":3},{"damage":2,"enemies":"Blue Slaver","floor":11,"turns":2},{"damage":0,"enemies":"Large Slime","floor":13,"turns":4},{"damage":0,"enemies":"2 Fungi Beasts","floor":14,"turns":2},{"damage":26,"enemies":"Slime Boss","floor":16,"turns":9},{"damage":15,"enemies":"Shell Parasite","floor":18,"turns":5},{"damage":0,"enemies":"Masked Bandits","floor":22,"turns":2},{"damage":11,"enemies":"3 Byrds","floor":24,"turns":4},{"damage":20,"enemies":"Cultist and Chosen","floor":27,"turns":6},{"damage":20,"enemies":"Centurion and Healer","floor":31,"turns":4},{"damage":45,"enemies":"Collector","floor":33,"turns":7},{"damage":1,"enemies":"Orb Walker","floor":35,"turns":3},{"damage":20,"enemies":"3 Darklings","floor":36,"turns":3},{"damage":26,"enemies":"Spire Growth","floor":39,"turns":3},{"damage":36,"enemies":"Maw","floor":41,"turns":7},{"damage":20,"enemies":"4 Shapes","floor":44,"turns":2},{"damage":7,"enemies":"Nemesis","floor":45,"turns":3},{"damage":8,"enemies":"Jaw Worm Horde","floor":46,"turns":3},{"damage":26,"enemies":"Spire Growth","floor":48,"turns":3},{"damage":57,"enemies":"Donu and Deca","floor":50,"turns":6}],"seed_played":"-1031804326926900722","potions_obtained":[{"floor":2,"key":"FairyPotion"},{"floor":4,"key":"Explosive Potion"},{"floor":5,"key":"Strength Potion"},{"floor":7,"key":"FearPotion"},{"floor":22,"key":"Ancient Potion"},{"floor":31,"key":"BloodPotion"},{"floor":35,"key":"Fire Potion"},{"floor":41,"key":"Energy Potion"},{"floor":45,"key":"Weak Potion"},{"floor":46,"key":"BloodPotion"}],"is_trial":false,"path_per_floor":["M","M","?","M","M","E","M","R","T","?","M","T","M","M","R","B",null,"M","?","?","?","?","R","M","R","T","M","?","$","R","M","R","B",null,"M","M","?","$","M","R","M","R","T","M","E","M","R","M","R","B",null],"character_chosen":"IRONCLAD","items_purchased":["Self Forming Clay","Blood Vial","Fire Breathing","Seeing Red","Clash","Cleave"],"campfire_rested":0,"item_purchase_floors":[29,29,29,29,29,38],"current_hp_per_floor":[80,80,73,76,74,58,55,55,55,43,47,47,53,59,59,39,80,71,71,56,48,54,66,61,73,73,59,59,59,74,62,77,40,85,85,71,71,71,53,71,43,61,61,49,57,57,78,69,90,41],"gold":137,"neow_bonus":"RANDOM_COMMON_RELIC","is_prod":false,"is_daily":false,"chose_seed":false,"campfire_upgraded":10,"win_rate":0.0,"timestamp":1546536796,"path_taken":["M","M","?","M","M","E","M","R","T","?","M","?","M","M","R","BOSS","M","?","?","?","?","R","M","R","T","M","?","$","R","M","R","BOSS","M","M","?","$","M","R","M","R","T","M","E","M","R","M","R","BOSS"],"build_version":"2018-12-20","purchased_purges":1,"victory":true,"max_hp_per_floor":[80,80,80,80,80,80,80,80,80,80,80,80,80,80,80,80,80,80,80,85,85,85,85,85,85,85,85,85,85,85,85,85,85,85,85,85,85,85,85,85,85,85,85,85,92,92,92,92,92,92],"card_choices":[{"not_picked":["Thunderclap","Warcry"],"picked":"Pommel Strike","floor":1},{"not_picked":["Heavy Blade","Searing Blow"],"picked":"True Grit","floor":2},{"not_picked":["Heavy Blade","Second Wind"],"picked":"Infernal Blade","floor":4},{"not_picked":["Warcry","Sword Boomerang"],"picked":"Intimidate","floor":5},{"not_picked":["Sever Soul","Headbutt"],"picked":"Anger","floor":6},{"not_picked":["Shrug It Off","Flex"],"picked":"Clash","floor":7},{"not_picked":["Sever Soul","Disarm"],"picked":"Armaments","floor":11},{"not_picked":["Body Slam","Perfected Strike"],"picked":"Seeing Red","floor":13},{"not_picked":["Clothesline","Perfected Strike"],"picked":"Juggernaut","floor":14},{"not_picked":["Reaper","Impervious"],"picked":"Double Tap","floor":16},{"not_picked":["Pommel Strike","Thunderclap"],"picked":"Clash","floor":18},{"not_picked":["Sword Boomerang","Fire Breathing"],"picked":"Clash","floor":22},{"not_picked":["Perfected Strike","Iron Wave"],"picked":"Dropkick","floor":24},{"not_picked":["Perfected Strike","Warcry"],"picked":"Shockwave+1","floor":27},{"not_picked":["Clothesline+1","True Grit"],"picked":"Seeing Red+1","floor":31},{"not_picked":["Juggernaut","Dark Embrace"],"picked":"Fiend Fire","floor":33},{"not_picked":["Pommel Strike","Dual Wield"],"picked":"Perfected Strike+1","floor":35},{"not_picked":["Corruption+1","Second Wind"],"picked":"Bloodletting","floor":36},{"not_picked":["Warcry+1","Intimidate+1"],"picked":"Headbutt+1","floor":39},{"not_picked":["Shrug It Off","Battle Trance+1"],"picked":"Pommel Strike+1","floor":41},{"not_picked":["Combust","Thunderclap"],"picked":"Sword Boomerang+1","floor":44},{"not_picked":["Sword Boomerang+1","Warcry"],"picked":"Fire Breathing+1","floor":45},{"not_picked":["Body Slam+1","Warcry"],"picked":"Cleave+1","floor":46},{"not_picked":["Hemokinesis","Perfected Strike"],"picked":"Dropkick+1","floor":48}],"player_experience":12876,"relics_obtained":[{"floor":6,"key":"Bag of Preparation"},{"floor":9,"key":"Boot"},{"floor":12,"key":"Gremlin Horn"},{"floor":22,"key":"Red Mask"},{"floor":26,"key":"Whetstone"},{"floor":43,"key":"Calipers"},{"floor":45,"key":"Strawberry"}],"event_choices":[{"cards_removed":["Defend_R"],"damage_healed":0,"gold_gain":0,"player_choice":"Card Removal","damage_taken":7,"max_hp_gain":0,"max_hp_loss":0,"event_name":"Golden Wing","floor":3,"gold_loss":0},{"damage_healed":0,"gold_gain":0,"player_choice":"Success","damage_taken":12,"relics_obtained":["Juzu Bracelet"],"max_hp_gain":0,"max_hp_loss":0,"event_name":"Scrap Ooze","floor":10,"gold_loss":0},{"damage_healed":0,"gold_gain":0,"player_choice":"Inject Mutagens","damage_taken":0,"relics_obtained":["MutagenicStrength"],"max_hp_gain":0,"max_hp_loss":0,"event_name":"Drug Dealer","floor":19,"gold_loss":0},{"damage_healed":0,"gold_gain":0,"player_choice":"Shed Blood","damage_taken":20,"max_hp_gain":5,"max_hp_loss":0,"event_name":"Forgotten Altar","floor":20,"gold_loss":0},{"damage_healed":0,"gold_gain":75,"player_choice":"Touch","damage_taken":8,"max_hp_gain":0,"max_hp_loss":0,"event_name":"FaceTrader","floor":21,"gold_loss":0},{"damage_healed":0,"gold_gain":0,"player_choice":"Fought Bandits","damage_taken":0,"max_hp_gain":0,"max_hp_loss":0,"event_name":"Masked Bandits","floor":22,"gold_loss":0},{"damage_healed":0,"gold_gain":0,"player_choice":"Read","damage_taken":0,"max_hp_gain":0,"max_hp_loss":0,"event_name":"The Library","floor":28,"gold_loss":0,"cards_obtained":["Hemokinesis"]},{"cards_removed":["Bash"],"damage_healed":0,"gold_gain":0,"player_choice":"Removed Attack","damage_taken":0,"max_hp_gain":0,"max_hp_loss":0,"event_name":"Falling","floor":37,"gold_loss":0}],"is_beta":false,"boss_relics":[{"not_picked":["Philosopher\u0027s Stone","Orrery"],"picked":"Eternal Feather"},{"not_picked":["White Beast Statue","Black Blood"],"picked":"Coffee Dripper"}],"items_purged_floors":[38],"is_endless":false,"potions_floor_spawned":[2,4,5,7,22,31,35,41,44,45,46],"ascension_level":0}