{"gold_per_floor":[13,23,23,23,44,79,79,100,126,201,43,43,43,57,57,182,182,198,198,198,198,216,216,237,237,237,278,299,299,334,357,357,480,480,504,504,568,110,135,166,216,216,216,141,156,10,74,95,95,95],"floor_reached":51,"playtime":4240,"items_purged":["Strike_B","Zap","Decay"],"score":697,"play_id":"0a41673a-556e-4a63-84d1-858a049bebd4","local_time":"20181208183317","is_ascension_mode":false,"campfire_choices":[{"data":"Machine Learning","floor":7,"key":"SMITH"},{"floor":12,"key":"REST"},{"data":"Madness","floor":15,"key":"SMITH"},{"floor":23,"key":"REST"},{"data":"Echo Form","floor":25,"key":"SMITH"},{"floor":29,"key":"REST"},{"floor":32,"key":"REST"},{"floor":42,"key":"REST"},{"floor":49,"key":"REST"}],"neow_cost":"NO_GOLD","seed_source_timestamp":24882266776906,"circlet_count":0,"master_deck":["Strike_B+1","Strike_B+1","Strike_B+1","Defend_B+1","Defend_B+1","Defend_B+1","Defend_B+1","Dualcast","Machine Learning+1","Reinforced Body","Go for the Eyes","Glacier","Redo","Madness+1","Gash+1","Echo Form+1","Steam+1","Beam Cell+1","Gash+1","Redo+1","Undo","Reinforced Body+1","Rebound+1","Echo Form","Capacitor","Secret Technique"],"relics":["Cracked Core","Centennial Puzzle","Golden Idol","Lantern","Happy Flower","Molten Egg 2","Busted Crown","Art of War","Red Mask","Du-Vu Doll","Cursed Key","SsserpentHead","Turnip","Bag of Preparation","Vajra","Anchor"],"potions_floor_usage":[6,18,30,33,40,50,50,50],"damage_taken":[{"damage":2,"enemies":"Small Slimes","floor":1,"turns":3},{"damage":3,"enemies":"2 Louse","floor":2,"turns":3},{"damage":0,"enemies":"Jaw Worm","floor":5,"turns":4},{"damage":9,"enemies":"Gremlin Nob","floor":6,"turns":5},{"damage":1,"enemies":"Looter","floor":8,"turns":3},{"damage":0,"enemies":"Red Slaver","floor":14,"turns":5},{"damage":31,"enemies":"Slime Boss","floor":16,"turns":17},{"damage":24,"enemies":"2 Thieves","floor":18,"turns":4},{"damage":33,"enemies":"Colosseum Slavers","floor":20,"turns":7},{"damage":2,"enemies":"Spheric Guardian","floor":22,"turns":8},{"damage":3,"enemies":"Centurion and Healer","floor":24,"turns":7},{"damage":10,"enemies":"Masked Bandits","floor":27,"turns":5},{"damage":0,"enemies":"Cultist and Chosen","floor":28,"turns":7},{"damage":6,"enemies":"Book of Stabbing","floor":30,"turns":5},{"damage":8,"enemies":"3 Cultists","floor":31,"turns":6},{"damage":17,"enemies":"Collector","floor":33,"turns":18},{"damage":6,"enemies":"3 Darklings","floor":35,"turns":8},{"damage":0,"enemies":"Orb Walker","floor":37,"turns":5},{"damage":13,"enemies":"Jaw Worm Horde","floor":39,"turns":8},{"damage":26,"enemies":"Reptomancer","floor":40,"turns":8},{"damage":2,"enemies":"Transient","floor":45,"turns":5},{"damage":12,"enemies":"Spire Growth","floor":47,"turns":5},{"damage":12,"enemies":"4 Shapes","floor":48,"turns":7},{"damage":23,"enemies":"Time Eater","floor":50,"turns":14}],"seed_played":"4158826820037525286","potions_obtained":[{"floor":1,"key":"Weak Potion"},{"floor":8,"key":"Energy Potion"},{"floor":27,"key":"PowerPotion"},{"floor":28,"key":"EssenceOfSteel"},{"floor":30,"key":"SteroidPotion"},{"floor":35,"key":"GamblersBrew"},{"floor":40,"key":"LiquidBronze"},{"floor":45,"key":"SkillPotion"}],"is_trial":false,"path_per_floor":["M","M","?","?","M","E","R","M","T","?","$","R","T","M","R","B",null,"M","?","?","?","M","R","M","R","T","?","M","R","E","M","R","B",null,"M","?","M","$","M","E","?","R","T","$","M","$","M","M","R","B",null],"character_chosen":"DEFECT","items_purchased":["Madness","Turnip","Echo Form","Anchor"],"campfire_rested":6,"item_purchase_floors":[11,38,38,46],"current_hp_per_floor":[73,70,63,45,45,36,36,35,35,24,24,46,46,46,46,15,75,51,51,18,18,16,38,35,35,35,25,25,47,41,33,55,38,75,69,69,69,69,56,30,30,52,52,52,50,50,38,26,48,25],"gold":95,"neow_bonus":"THREE_RARE_CARDS","is_prod":false,"is_daily":false,"chose_seed":false,"campfire_upgraded":3,"win_rate":0,"timestamp":1544283197,"path_taken":["M","M","?","?","M","E","R","M","T","?","?","R","?","?","R","BOSS","M","?","?","?","M","R","M","R","T","?","M","R","E","M","R","BOSS","M","?","?","$","M","E","?","R","T","?","M","$","?","M","R","BOSS"],"build_version":"2018-12-06","purchased_purges":3,"victory":true,"max_hp_per_floor":[75,75,75,75,75,75,75,75,75,75,75,75,75,75,75,75,75,75,75,75,75,75,75,75,75,75,75,75,75,75,75,75,75,75,75,75,75,75,75,75,75,75,75,75,75,75,75,75,75,75],"card_choices":[{"not_picked":["Rainbow","Meteor Strike"],"picked":"Machine Learning","floor":0},{"not_picked":["Beam Cell","Sunder"],"picked":"Reinforced Body","floor":1},{"not_picked":["Leap","Compile Driver"],"picked":"Go for the Eyes","floor":2},{"not_picked":["Turbo","Steam"],"picked":"Glacier","floor":5},{"not_picked":["Beam Cell","Cold Snap","Leap"],"picked":"SKIP","floor":6},{"not_picked":["Self Repair","Capacitor"],"picked":"Redo","floor":8},{"not_picked":["Streamline+1","Sweeping Beam+1"],"picked":"Gash+1","floor":14},{"not_picked":["Multi-Cast","Biased Cognition"],"picked":"Echo Form","floor":16},{"not_picked":[],"picked":"Steam+1","floor":18},{"not_picked":[],"picked":"Beam Cell+1","floor":22},{"not_picked":["Streamline+1"],"picked":"SKIP","floor":24},{"not_picked":[],"picked":"Gash+1","floor":28},{"not_picked":[],"picked":"Redo+1","floor":30},{"not_picked":[],"picked":"Undo","floor":31},{"not_picked":[],"picked":"Reinforced Body+1","floor":35},{"not_picked":[],"picked":"Rebound+1","floor":37},{"not_picked":["Conserve Battery"],"picked":"SKIP","floor":39},{"not_picked":[],"picked":"Capacitor","floor":40},{"not_picked":[],"picked":"Secret Technique","floor":41},{"not_picked":["Beam Cell+1"],"picked":"SKIP","floor":45},{"not_picked":["Genetic Algorithm+1"],"picked":"SKIP","floor":47},{"not_picked":["Redo+1"],"picked":"SKIP","floor":48}],"player_experience":275469,"relics_obtained":[{"floor":6,"key":"Lantern"},{"floor":9,"key":"Happy Flower"},{"floor":13,"key":"Molten Egg 2"},{"floor":26,"key":"Art of War"},{"floor":27,"key":"Red Mask"},{"floor":30,"key":"Du-Vu Doll"},{"floor":40,"key":"Bag of Preparation"},{"floor":43,"key":"Vajra"}],"event_choices":[{"damage_healed":0,"gold_gain":0,"player_choice":"Success","damage_taken":7,"relics_obtained":["Centennial Puzzle"],"max_hp_gain":0,"max_hp_loss":0,"event_name":"Scrap Ooze","floor":3,"gold_loss":0},{"damage_healed":0,"gold_gain":0,"player_choice":"Take Damage","damage_taken":18,"relics_obtained":["Golden Idol"],"max_hp_gain":0,"max_hp_loss":0,"event_name":"Golden Idol","floor":4,"gold_loss":0},{"damage_healed":0,"gold_gain":75,"player_choice":"Gather Gold","damage_taken":11,"max_hp_gain":0,"max_hp_loss":0,"event_name":"World of Goop","floor":10,"gold_loss":0},{"damage_healed":0,"gold_gain":0,"player_choice":"Ignored","damage_taken":0,"max_hp_gain":0,"max_hp_loss":0,"event_name":"Ghosts","floor":19,"gold_loss":0},{"damage_healed":0,"gold_gain":0,"player_choice":"Fight","damage_taken":0,"max_hp_gain":0,"max_hp_loss":0,"event_name":"Colosseum","floor":20,"gold_loss":0},{"damage_healed":0,"gold_gain":0,"player_choice":"Fled From Nobs","damage_taken":0,"max_hp_gain":0,"max_hp_loss":0,"event_name":"Colosseum","floor":20,"gold_loss":0},{"damage_healed":0,"gold_gain":0,"player_choice":"Simplicity","damage_taken":0,"max_hp_gain":0,"max_hp_loss":0,"event_name":"Back to Basics","floor":21,"gold_loss":0,"cards_upgraded":["Strike_B","Strike_B","Strike_B","Defend_B","Defend_B","Defend_B","Defend_B"]},{"damage_healed":0,"gold_gain":0,"player_choice":"Fought Bandits","damage_taken":0,"max_hp_gain":0,"max_hp_loss":0,"event_name":"Masked Bandits","floor":27,"gold_loss":0},{"damage_healed":0,"gold_gain":0,"player_choice":"Trade","damage_taken":0,"relics_obtained":["SsserpentHead"],"max_hp_gain":0,"max_hp_loss":0,"event_name":"FaceTrader","floor":36,"gold_loss":0},{"damage_healed":0,"gold_gain":0,"player_choice":"Memory 1","damage_taken":0,"max_hp_gain":0,"max_hp_loss":0,"event_name":"SensoryStone","floor":41,"gold_loss":0}],"is_beta":false,"boss_relics":[{"not_picked":["Eternal Feather","Velvet Choker"],"picked":"Busted Crown"},{"not_picked":["Black Star","Calling Bell"],"picked":"Cursed Key"}],"items_purged_floors":[11,38,44],"is_endless":false,"potions_floor_spawned":[1,8,27,28,30,35,40,45],"ascension_level":0}