{"gold_per_floor":[115,75,94,369,387,387,401,401,401,401,412,422,203,223,223,326,326,338,353,103,103,103,103,122,122,122,139,157,157,32,46,46,46],"floor_reached":33,"playtime":1573,"items_purged":["Strike_B","Regret","Strike_B"],"score":241,"play_id":"3a976966-ea00-4a23-882f-27289d15734f","local_time":"20181118231503","is_ascension_mode":false,"campfire_choices":[{"data":"Self Repair","floor":6,"key":"SMITH"},{"data":"Leap","floor":8,"key":"SMITH"},{"data":"Melter","floor":10,"key":"SMITH"},{"data":"Machine Learning","floor":15,"key":"SMITH"},{"floor":23,"key":"REST"},{"floor":29,"key":"REST"},{"floor":32,"key":"REST"}],"neow_cost":"NONE","seed_source_timestamp":42409130458913,"circlet_count":0,"master_deck":["Strike_B","Defend_B","Defend_B","Defend_B","Defend_B","Zap","Dualcast","Self Repair+1","Leap+1","Melter+1","Machine Learning+1","Multi-Cast","Rebound+1","Blizzard","Fusion+1","Hologram+1"],"relics":["Sozu","Singing Bowl","Runic Pyramid","Oddly Smooth Stone","Sundial"],"potions_floor_usage":[],"damage_taken":[{"damage":0,"enemies":"Small Slimes","floor":1,"turns":3},{"damage":1,"enemies":"Cultist","floor":3,"turns":4},{"damage":4,"enemies":"Jaw Worm","floor":5,"turns":4},{"damage":3,"enemies":"3 Louse","floor":7,"turns":3},{"damage":1,"enemies":"Large Slime","floor":11,"turns":6},{"damage":9,"enemies":"Red Slaver","floor":12,"turns":4},{"damage":2,"enemies":"2 Fungi Beasts","floor":14,"turns":4},{"damage":52,"enemies":"Slime Boss","floor":16,"turns":15},{"damage":0,"enemies":"Spheric Guardian","floor":18,"turns":1},{"damage":46,"enemies":"Shell Parasite","floor":19,"turns":7},{"damage":33,"enemies":"Colosseum Slavers","floor":21,"turns":6},{"damage":19,"enemies":"Sentry and Sphere","floor":24,"turns":3},{"damage":31,"enemies":"Shelled Parasite and Fungi","floor":27,"turns":6},{"damage":2,"enemies":"Snecko","floor":28,"turns":7},{"damage":40,"enemies":"Cultist and Chosen","floor":31,"turns":9},{"damage":53,"enemies":"Collector","floor":33,"turns":6}],"seed_played":"3666351822521401988","potions_obtained":[],"is_trial":false,"path_per_floor":["M","?","M","?","M","R","M","R","T","R","M","M","$","M","R","B",null,"M","M","$","?","?","R","M","?","T","M","M","R","$","M","R","B"],"character_chosen":"DEFECT","items_purchased":["Machine Learning","Oddly Smooth Stone"],"campfire_rested":3,"item_purchase_floors":[13,20],"current_hp_per_floor":[75,75,75,75,75,75,75,75,75,75,77,79,79,81,81,39,81,83,47,47,24,24,48,41,41,41,22,30,56,56,26,52,0],"gold":46,"neow_bonus":"BOSS_RELIC","is_prod":false,"is_daily":false,"chose_seed":false,"campfire_upgraded":4,"win_rate":0.0,"timestamp":1542572103,"path_taken":["M","?","?","?","M","R","M","R","T","R","M","M","$","?","R","BOSS","M","M","$","?","?","R","M","?","T","?","M","R","$","M","R","BOSS"],"build_version":"2018-11-15","purchased_purges":3,"victory":false,"max_hp_per_floor":[75,75,75,75,75,75,75,75,75,75,77,79,79,81,81,81,81,83,83,83,83,83,83,85,85,85,87,87,87,87,87,87,87],"card_choices":[{"not_picked":["Gash","Rebound"],"picked":"Self Repair","floor":1},{"not_picked":["Barrage","Consume"],"picked":"Leap","floor":3},{"not_picked":["Leap","Gash"],"picked":"Melter","floor":5},{"not_picked":["Barrage","Hello World","Heatsinks"],"picked":"SKIP","floor":7},{"not_picked":["Auto Shields","Ball Lightning","Leap"],"picked":"Singing Bowl","floor":11},{"not_picked":["Reprogram","Rebound","Skim"],"picked":"Singing Bowl","floor":12},{"not_picked":["Cold Snap","Go for the Eyes","Capacitor"],"picked":"Singing Bowl","floor":14},{"not_picked":["Seek","Echo Form"],"picked":"Multi-Cast","floor":16},{"not_picked":["Blizzard","Compile Driver","Loop"],"picked":"Singing Bowl","floor":18},{"not_picked":["Sweeping Beam+1","Stack"],"picked":"Rebound+1","floor":19},{"not_picked":["Hello World","Hologram+1","Melter"],"picked":"Singing Bowl","floor":24},{"not_picked":["Beam Cell+1","Compile Driver","Cold Snap+1"],"picked":"Singing Bowl","floor":27},{"not_picked":["Hologram+1","Steam Power"],"picked":"Fusion+1","floor":28},{"not_picked":["Sweeping Beam+1","Beam Cell"],"picked":"Hologram+1","floor":31}],"player_experience":191959,"relics_obtained":[{"floor":9,"key":"Singing Bowl"},{"floor":26,"key":"Sundial"}],"event_choices":[{"damage_healed":0,"gold_gain":0,"player_choice":"Bought 3 Potions","damage_taken":0,"max_hp_gain":0,"max_hp_loss":0,"event_name":"The Woman in Blue","floor":2,"gold_loss":0},{"damage_healed":0,"gold_gain":275,"player_choice":"Desecrate","damage_taken":0,"max_hp_gain":0,"max_hp_loss":0,"event_name":"Golden Shrine","floor":4,"gold_loss":0,"cards_obtained":["Regret"]},{"damage_healed":0,"gold_gain":0,"player_choice":"Fight","damage_taken":0,"max_hp_gain":0,"max_hp_loss":0,"event_name":"Colosseum","floor":21,"gold_loss":0},{"damage_healed":0,"gold_gain":0,"player_choice":"Fled From Nobs","damage_taken":0,"max_hp_gain":0,"max_hp_loss":0,"event_name":"Colosseum","floor":21,"gold_loss":0},{"damage_healed":0,"gold_gain":0,"player_choice":"Ignored","damage_taken":0,"max_hp_gain":0,"max_hp_loss":0,"event_name":"Cursed Tome","floor":22,"gold_loss":0},{"damage_healed":0,"gold_gain":0,"cards_transformed":["Strike_B"],"player_choice":"Transformed","damage_taken":0,"max_hp_gain":0,"max_hp_loss":0,"event_name":"Transmorgrifier","floor":25,"gold_loss":0,"cards_obtained":["Blizzard"]}],"is_beta":false,"boss_relics":[{"not_picked":["Cursed Key","Ectoplasm"],"picked":"Runic Pyramid"}],"items_purged_floors":[13,20,30],"is_endless":false,"potions_floor_spawned":[11,12,14,16,18,27,28,31],"killed_by":"Collector","ascension_level":0}