{"gold_per_floor":[118,118,133,150,28,28,48,48,48,48,81,181,214,243,243,347,347,358,87,187,187,201,201,211,211,211,228,228,239,114,114,114,212,212,225,225,1,14,26,26,42,42,42,58,82,82,99,114,114,114],"floor_reached":51,"playtime":2438,"items_purged":["Strike_B","Shame","Doubt"],"score":692,"play_id":"9fbd92a2-c1f8-489a-aa54-4a2c7ac4526a","local_time":"20190225162216","is_ascension_mode":false,"campfire_choices":[{"data":"Beam Cell","floor":6.0,"key":"SMITH"},{"data":"Conserve Battery","floor":8.0,"key":"SMITH"},{"data":"1","floor":15.0,"key":"LIFT"},{"data":"2","floor":23.0,"key":"LIFT"},{"data":"3","floor":25.0,"key":"LIFT"},{"data":"Apotheosis","floor":28.0,"key":"SMITH"},{"floor":32.0,"key":"REST"},{"floor":40.0,"key":"REST"},{"floor":46.0,"key":"REST"},{"floor":49.0,"key":"REST"}],"neow_cost":"NONE","seed_source_timestamp":48437681554010,"circlet_count":0,"master_deck":["Strike_B","Defend_B","Defend_B","Defend_B","Defend_B","Zap","Dualcast","Streamline","Beam Cell+1","Melter","Conserve Battery+1","Loop","FTL","Electrodynamics","Apotheosis+1","Reinforced Body+1","Streamline","Tempest","Core Surge","Skim+1","Consume","Buffer","BootSequence"],"special_seed":0,"relics":["Runic Dome","Girya","WingedGreaves","Kunai","Question Card","Calling Bell","Pen Nib","Meat on the Bone","StoneCalendar","Unceasing Top","Blue Candle","Letter Opener","Inserter","Bag of Preparation","Bottled Lightning","Smiling Mask"],"potions_floor_usage":[],"damage_taken":[{"damage":3.0,"enemies":"Small Slimes","floor":1.0,"turns":3.0},{"damage":0.0,"enemies":"2 Louse","floor":3.0,"turns":2.0},{"damage":0.0,"enemies":"Cultist","floor":4.0,"turns":3.0},{"damage":2.0,"enemies":"Large Slime","floor":7.0,"turns":5.0},{"damage":6.0,"enemies":"Gremlin Nob","floor":11.0,"turns":3.0},{"damage":0.0,"enemies":"3 Sentries","floor":13.0,"turns":6.0},{"damage":5.0,"enemies":"Lagavulin","floor":14.0,"turns":5.0},{"damage":24.0,"enemies":"The Guardian","floor":16.0,"turns":9.0},{"damage":6.0,"enemies":"Chosen","floor":18.0,"turns":5.0},{"damage":41.0,"enemies":"Colosseum Slavers","floor":20.0,"turns":4.0},{"damage":37.0,"enemies":"Colosseum Nobs","floor":20.0,"turns":5.0},{"damage":0.0,"enemies":"Spheric Guardian","floor":22.0,"turns":2.0},{"damage":15.0,"enemies":"Chosen and Byrds","floor":24.0,"turns":3.0},{"damage":13.0,"enemies":"Cultist and Chosen","floor":27.0,"turns":5.0},{"damage":13.0,"enemies":"Snecko","floor":29.0,"turns":6.0},{"damage":18.0,"enemies":"Automaton","floor":33.0,"turns":7.0},{"damage":0.0,"enemies":"Orb Walker","floor":35.0,"turns":3.0},{"damage":0.0,"enemies":"3 Shapes","floor":38.0,"turns":7.0},{"damage":36.0,"enemies":"Maw","floor":39.0,"turns":7.0},{"damage":4.0,"enemies":"4 Shapes","floor":41.0,"turns":4.0},{"damage":21.0,"enemies":"Jaw Worm Horde","floor":44.0,"turns":4.0},{"damage":9.0,"enemies":"Maw","floor":47.0,"turns":5.0},{"damage":0.0,"enemies":"Transient","floor":48.0,"turns":5.0},{"damage":51,"enemies":"Time Eater","floor":50,"turns":7}],"seed_played":"-8771912633296846489","potions_obtained":[{"floor":1.0,"key":"SpeedPotion"},{"floor":3.0,"key":"Swift Potion"},{"floor":11.0,"key":"AttackPotion"},{"floor":16.0,"key":"Strength Potion"},{"floor":20.0,"key":"FocusPotion"},{"floor":22.0,"key":"Ancient Potion"},{"floor":33.0,"key":"Energy Potion"},{"floor":39.0,"key":"Ancient Potion"},{"floor":41.0,"key":"Block Potion"},{"floor":44.0,"key":"EssenceOfSteel"}],"is_trial":false,"path_per_floor":["M","?","M","M","$","R","M","R","T","?","E","?","E","E","R","B",null,"M","$","?","?","M","R","M","R","T","M","R","M","$","?","R","B",null,"M","?","$","M","M","R","M","?","T","M","T","R","M","M","R","B",null],"character_chosen":"DEFECT","items_purchased":["Conserve Battery","Apotheosis","Consume","Bag of Preparation"],"campfire_rested":4,"item_purchase_floors":[5,19,37,37],"current_hp_per_floor":[72,72,72,72,72,72,70,70,70,70,64,64,64,59,59,35,75,69,69,15,15,27,27,24,24,24,23,23,22,22,22,44,38,75,75,75,75,75,39,61,57,57,57,36,36,57,48,48,69,30],"gold":114,"neow_bonus":"BOSS_RELIC","is_prod":false,"is_daily":false,"chose_seed":false,"campfire_upgraded":3,"win_rate":0,"timestamp":1551100936,"path_taken":["M","?","M","M","$","R","M","R","T","?","E","?","E","E","R","BOSS","M","$","?","?","?","R","M","R","T","M","R","M","$","?","R","BOSS","M","?","$","M","?","R","M","?","T","M","?","R","M","M","R","BOSS"],"build_version":"2019-01-23","purchased_purges":3,"victory":true,"max_hp_per_floor":[75,75,75,75,75,75,75,75,75,75,75,75,75,75,75,75,75,75,75,75,75,75,75,75,75,75,75,75,75,75,75,75,75,75,75,75,75,75,75,75,75,71,71,71,71,71,71,71,71,71],"card_choices":[{"not_picked":["Heatsinks","Sweeping Beam"],"picked":"Streamline","floor":1.0},{"not_picked":["Cold Snap","Go for the Eyes"],"picked":"Beam Cell","floor":3.0},{"not_picked":["Streamline","Redo"],"picked":"Melter","floor":4.0},{"not_picked":["Coolheaded","Rebound"],"picked":"Loop","floor":7.0},{"not_picked":["Ball Lightning","Streamline","Barrage"],"picked":"SKIP","floor":11.0},{"not_picked":["Fission","Stack"],"picked":"FTL","floor":13.0},{"not_picked":["Barrage","Force Field","Sunder"],"picked":"SKIP","floor":14.0},{"not_picked":["Hyperbeam","Thunder Strike","Machine Learning"],"picked":"Electrodynamics","floor":16.0},{"not_picked":["Go for the Eyes","Barrage","Leap","Stack"],"picked":"SKIP","floor":18.0},{"not_picked":["Reprogram+1","Doom and Gloom","Coolheaded"],"picked":"Reinforced Body+1","floor":20.0},{"not_picked":["Sunder","Compile Driver","Hyperbeam","Storm"],"picked":"SKIP","floor":22.0},{"not_picked":["Rip and Tear","Redo","Stack","Streamline"],"picked":"SKIP","floor":24.0},{"not_picked":["Rip and Tear","Redo","Stack"],"picked":"Streamline","floor":24.0},{"not_picked":["Steam Power","Melter","Blizzard","Coolheaded"],"picked":"SKIP","floor":27.0},{"not_picked":["Melter","Steam+1","Consume+1","Lockon"],"picked":"SKIP","floor":29.0},{"not_picked":["Reboot","Creative AI","Electrodynamics"],"picked":"Core Surge","floor":33.0},{"not_picked":["Recycle","Coolheaded+1","Cold Snap+1"],"picked":"Skim","floor":35.0},{"not_picked":["Consume+1","Aggregate","Melter+1","Undo+1"],"picked":"SKIP","floor":38.0},{"not_picked":["Consume","Go for the Eyes+1","Turbo","Loop+1"],"picked":"SKIP","floor":39.0},{"not_picked":["Ball Lightning","Sweeping Beam","Gash","Scrape+1"],"picked":"SKIP","floor":41.0},{"not_picked":["Ball Lightning","Storm+1","Hologram","Redo+1"],"picked":"SKIP","floor":44.0},{"not_picked":["Steam","Leap+1","Rebound"],"picked":"Buffer","floor":47.0},{"not_picked":["Electrodynamics","Go for the Eyes","Stack+1"],"picked":"BootSequence","floor":48.0}],"player_experience":892194,"relics_obtained":[{"floor":9.0,"key":"Girya"},{"floor":11.0,"key":"WingedGreaves"},{"floor":13.0,"key":"Kunai"},{"floor":14.0,"key":"Question Card"},{"floor":17.0,"key":"Pen Nib"},{"floor":17.0,"key":"Meat on the Bone"},{"floor":17.0,"key":"StoneCalendar"},{"floor":20.0,"key":"Unceasing Top"},{"floor":20.0,"key":"Blue Candle"},{"floor":26.0,"key":"Letter Opener"},{"floor":43.0,"key":"Bottled Lightning"},{"floor":45.0,"key":"Smiling Mask"}],"event_choices":[{"cards_removed":["Strike_B"],"damage_healed":0.0,"max_hp_gain":0.0,"max_hp_loss":0.0,"gold_gain":0.0,"event_name":"Living Wall","player_choice":"Forget","floor":2.0,"gold_loss":0.0,"damage_taken":0.0},{"damage_healed":0.0,"max_hp_gain":0.0,"max_hp_loss":0.0,"gold_gain":0.0,"event_name":"The Cleric","player_choice":"Leave","floor":10.0,"gold_loss":0.0,"damage_taken":0.0},{"damage_healed":0.0,"max_hp_gain":0.0,"max_hp_loss":0.0,"gold_gain":100.0,"event_name":"Wheel of Change","player_choice":"Gold","floor":12.0,"gold_loss":0.0,"damage_taken":0.0},{"damage_healed":0.0,"max_hp_gain":0.0,"max_hp_loss":0.0,"gold_gain":0.0,"event_name":"Colosseum","player_choice":"Fight","floor":20.0,"gold_loss":0.0,"damage_taken":0.0},{"damage_healed":0.0,"max_hp_gain":0.0,"max_hp_loss":0.0,"gold_gain":0.0,"event_name":"Colosseum","player_choice":"Fought Nobs","floor":20.0,"gold_loss":0.0,"damage_taken":0.0},{"cards_removed":["Doubt"],"damage_healed":0.0,"max_hp_gain":0.0,"max_hp_loss":0.0,"gold_gain":0.0,"event_name":"Back to Basics","player_choice":"Elegance","floor":21.0,"gold_loss":0.0,"damage_taken":0.0},{"damage_healed":0.0,"max_hp_gain":0.0,"max_hp_loss":0.0,"gold_gain":0.0,"cards_transformed":["Strike_B"],"event_name":"Transmorgrifier","player_choice":"Transformed","floor":31.0,"gold_loss":0.0,"damage_taken":0.0,"cards_obtained":["Tempest"]},{"damage_healed":0.0,"max_hp_gain":0.0,"max_hp_loss":0.0,"gold_gain":0.0,"event_name":"Upgrade Shrine","player_choice":"Upgraded","floor":36.0,"gold_loss":0.0,"damage_taken":0.0,"cards_upgraded":["Skim"]},{"damage_healed":0.0,"max_hp_gain":0.0,"max_hp_loss":4.0,"gold_gain":0.0,"event_name":"Winding Halls","player_choice":"Max HP","floor":42.0,"gold_loss":0.0,"damage_taken":0.0}],"is_beta":false,"boss_relics":[{"not_picked":["White Beast Statue","Orrery"],"picked":"Calling Bell"},{"not_picked":["Snecko Eye","Tiny House"],"picked":"Inserter"}],"items_purged_floors":[5,19,30],"is_endless":false,"potions_floor_spawned":[1,3,11,16,20,22,33,39,41,44,48],"ascension_level":0}