{"gold_per_floor":[119,135,152,162,172,172,207,217,270,304,304,323,323,323,323,426,426,445,445,445,445,445,445,114,129,203,223,323,323,343,363,363,461,461,474,474,492,364,364,399,399,399],"floor_reached":42,"playtime":3076,"items_purged":["Strike_G"],"score":486,"play_id":"f969a14d-b024-4d34-9786-2c590e4e81b1","local_time":"20181227210413","is_ascension_mode":true,"campfire_choices":[{"data":"Terror","floor":6.0,"key":"SMITH"},{"floor":11.0,"key":"REST"},{"data":"Sucker Punch","floor":15.0,"key":"SMITH"},{"data":"Night Terror","floor":23.0,"key":"SMITH"},{"data":"Apotheosis","floor":32.0,"key":"SMITH"},{"data":"Well Laid Plans","floor":41.0,"key":"SMITH"}],"neow_cost":"NONE","seed_source_timestamp":3893105005158,"circlet_count":0,"master_deck":["Defend_G","Defend_G","Defend_G","Defend_G","Defend_G","Strike_G","Survivor","Neutralize","Terror+1","Sucker Punch+1","Dodge and Roll","Well Laid Plans+1","After Image","PiercingWail","Infinite Blades","Sucker Punch","Night Terror+1","Apotheosis+1","Dash","Tactician+1","Cloak And Dagger","Prepared","Calculated Gamble+1","Adrenaline+1"],"special_seed":0,"relics":["Ring of the Serpent","Ornamental Fan","Juzu Bracelet","Mercury Hourglass","Meat on the Bone","Nilry\u0027s Codex","Shuriken","Sozu","Pantograph","Boot"],"potions_floor_usage":[42],"damage_taken":[{"damage":0.0,"enemies":"Small Slimes","floor":1.0,"turns":4.0},{"damage":0.0,"enemies":"Cultist","floor":2.0,"turns":4.0},{"damage":0.0,"enemies":"Jaw Worm","floor":3.0,"turns":4.0},{"damage":15.0,"enemies":"Exordium Thugs","floor":4.0,"turns":10.0},{"damage":0.0,"enemies":"Blue Slaver","floor":5.0,"turns":5.0},{"damage":23.0,"enemies":"3 Sentries","floor":7.0,"turns":14.0},{"damage":7.0,"enemies":"Large Slime","floor":8.0,"turns":10.0},{"damage":6.0,"enemies":"Gremlin Nob","floor":10.0,"turns":5.0},{"damage":0.0,"enemies":"Red Slaver","floor":12.0,"turns":4.0},{"damage":2.0,"enemies":"Hexaghost","floor":16.0,"turns":11.0},{"damage":8.0,"enemies":"Chosen","floor":18.0,"turns":8.0},{"damage":4.0,"enemies":"Colosseum Slavers","floor":19.0,"turns":5.0},{"damage":0.0,"enemies":"Shell Parasite","floor":25.0,"turns":5.0},{"damage":10.0,"enemies":"Centurion and Healer","floor":27.0,"turns":8.0},{"damage":2.0,"enemies":"Snecko","floor":30.0,"turns":7.0},{"damage":20.0,"enemies":"Cultist and Chosen","floor":31.0,"turns":7.0},{"damage":22.0,"enemies":"Automaton","floor":33.0,"turns":11.0},{"damage":0.0,"enemies":"Orb Walker","floor":35.0,"turns":4.0},{"damage":13.0,"enemies":"3 Darklings","floor":37.0,"turns":4.0},{"damage":0.0,"enemies":"Nemesis","floor":40.0,"turns":9.0},{"damage":83,"enemies":"Reptomancer","floor":42,"turns":6}],"seed_played":"2832047421445836407","potions_obtained":[{"floor":1.0,"key":"FearPotion"},{"floor":2.0,"key":"EssenceOfSteel"},{"floor":5.0,"key":"Weak Potion"},{"floor":8.0,"key":"Swift Potion"},{"floor":16.0,"key":"PowerPotion"},{"floor":18.0,"key":"Dexterity Potion"},{"floor":25.0,"key":"Regen Potion"},{"floor":27.0,"key":"Strength Potion"},{"floor":33.0,"key":"Weak Potion"}],"is_trial":false,"path_per_floor":["M","M","M","M","M","R","E","M","T","E","R","M","?","?","R","B",null,"M","?","T","?","?","R","$","M","T","M","?","?","M","M","R","B",null,"M","?","M","?","?","E","R","E"],"character_chosen":"THE_SILENT","items_purchased":["Apotheosis","Dash"],"campfire_rested":1,"item_purchase_floors":[24,24],"current_hp_per_floor":[70,70,70,55,55,55,32,25,25,19,40,40,40,45,45,43,75,67,63,63,49,33,33,33,45,45,47,47,47,45,37,37,42,80,80,80,67,67,67,67,67,0],"gold":399,"neow_bonus":"THREE_CARDS","is_prod":false,"is_daily":false,"chose_seed":false,"campfire_upgraded":5,"win_rate":0,"timestamp":1545933853,"path_taken":["M","M","M","M","M","R","E","M","T","E","R","M","?","?","R","BOSS","M","?","?","?","?","R","$","M","T","M","?","?","M","M","R","BOSS","M","?","M","?","?","E","R","E"],"build_version":"2018-12-20","purchased_purges":1,"victory":false,"max_hp_per_floor":[70,70,70,70,70,70,70,70,70,70,70,70,70,75,75,75,75,75,75,75,80,80,80,80,80,80,80,80,80,80,80,80,80,80,80,80,80,80,80,80,80,80],"card_choices":[{"not_picked":["Underhanded Strike","Sucker Punch"],"picked":"Terror","floor":0.0},{"not_picked":["Accuracy","Prepared","Slice"],"picked":"SKIP","floor":1.0},{"not_picked":["All Out Attack","Outmaneuver"],"picked":"Sucker Punch","floor":2.0},{"not_picked":["Eviscerate","Distraction"],"picked":"Dodge and Roll","floor":3.0},{"not_picked":["Blade Dance","Tactician"],"picked":"Well Laid Plans","floor":4.0},{"not_picked":["Cloak And Dagger","Quick Slash","Prepared"],"picked":"SKIP","floor":5.0},{"not_picked":["Poisoned Stab","Well Laid Plans","Predator"],"picked":"SKIP","floor":7.0},{"not_picked":["Bane","Poisoned Stab"],"picked":"After Image","floor":8.0},{"not_picked":["Setup","Quick Slash"],"picked":"PiercingWail","floor":10.0},{"not_picked":["Blade Dance","Catalyst"],"picked":"Infinite Blades","floor":12.0},{"not_picked":["A Thousand Cuts","Unload"],"picked":"Night Terror","floor":16.0},{"not_picked":["Quick Slash","Dodge and Roll","Endless Agony"],"picked":"SKIP","floor":18.0},{"not_picked":["Setup","Cloak And Dagger"],"picked":"Tactician+1","floor":25.0},{"not_picked":["Deflect","Dagger Throw","Bane"],"picked":"SKIP","floor":27.0},{"not_picked":["Dagger Spray","Catalyst","Acrobatics"],"picked":"SKIP","floor":30.0},{"not_picked":["Deadly Poison","Caltrops+1"],"picked":"Calculated Gamble+1","floor":31.0},{"not_picked":["Grand Finale","Phantasmal Killer"],"picked":"Adrenaline","floor":33.0},{"not_picked":["Prepared","Well Laid Plans+1","Skewer+1"],"picked":"SKIP","floor":35.0},{"not_picked":["Bane+1","Acrobatics","Dagger Spray+1"],"picked":"SKIP","floor":37.0},{"not_picked":["Finisher+1","Dagger Spray+1","Backstab"],"picked":"SKIP","floor":40.0}],"player_experience":371943,"relics_obtained":[{"floor":7.0,"key":"Ornamental Fan"},{"floor":9.0,"key":"Juzu Bracelet"},{"floor":10.0,"key":"Mercury Hourglass"},{"floor":20.0,"key":"Meat on the Bone"},{"floor":22.0,"key":"Nilry\u0027s Codex"},{"floor":26.0,"key":"Shuriken"},{"floor":40.0,"key":"Boot"}],"event_choices":[{"damage_healed":0.0,"max_hp_gain":0.0,"max_hp_loss":0.0,"gold_gain":0.0,"cards_transformed":["Strike_G"],"event_name":"Transmorgrifier","player_choice":"Transformed","floor":13.0,"gold_loss":0.0,"damage_taken":0.0,"cards_obtained":["Sucker Punch"]},{"damage_healed":0.0,"max_hp_gain":5.0,"max_hp_loss":0.0,"gold_gain":0.0,"event_name":"Big Fish","player_choice":"Donut","floor":14.0,"gold_loss":0.0,"damage_taken":0.0},{"damage_healed":0.0,"max_hp_gain":0.0,"max_hp_loss":0.0,"gold_gain":0.0,"event_name":"Colosseum","player_choice":"Fight","floor":19.0,"gold_loss":0.0,"damage_taken":0.0},{"damage_healed":0.0,"max_hp_gain":0.0,"max_hp_loss":0.0,"gold_gain":0.0,"event_name":"Colosseum","player_choice":"Fled From Nobs","floor":19.0,"gold_loss":0.0,"damage_taken":0.0},{"damage_healed":0.0,"max_hp_gain":5.0,"max_hp_loss":0.0,"gold_gain":0.0,"event_name":"Forgotten Altar","player_choice":"Shed Blood","floor":21.0,"gold_loss":0.0,"damage_taken":19.0},{"damage_healed":0.0,"max_hp_gain":0.0,"max_hp_loss":0.0,"gold_gain":0.0,"event_name":"Cursed Tome","player_choice":"Obtained Book","floor":22.0,"gold_loss":0.0,"damage_taken":16.0},{"damage_healed":0.0,"max_hp_gain":0.0,"max_hp_loss":0.0,"gold_gain":100.0,"event_name":"Golden Shrine","player_choice":"Pray","floor":28.0,"gold_loss":0.0,"damage_taken":0.0},{"damage_healed":0.0,"max_hp_gain":0.0,"max_hp_loss":0.0,"gold_gain":0.0,"cards_transformed":["Strike_G","Strike_G"],"event_name":"Drug Dealer","player_choice":"Became Test Subject","floor":29.0,"gold_loss":0.0,"damage_taken":0.0,"cards_obtained":["Cloak And Dagger","Prepared"]},{"damage_healed":0.0,"max_hp_gain":0.0,"max_hp_loss":0.0,"gold_gain":0.0,"event_name":"Mysterious Sphere","player_choice":"Ignored","floor":36.0,"gold_loss":0.0,"damage_taken":0.0},{"damage_healed":0.0,"max_hp_gain":0.0,"max_hp_loss":0.0,"gold_gain":0.0,"event_name":"WeMeetAgain","player_choice":"Paid Gold","floor":38.0,"gold_loss":128.0,"damage_taken":0.0,"relics_obtained":["Pantograph"]},{"damage_healed":0.0,"max_hp_gain":0.0,"max_hp_loss":0.0,"gold_gain":0.0,"event_name":"Upgrade Shrine","player_choice":"Upgraded","floor":39.0,"gold_loss":0.0,"damage_taken":0.0,"cards_upgraded":["Adrenaline"]}],"is_beta":false,"boss_relics":[{"not_picked":["Black Star","Eternal Feather"],"picked":"Ring of the Serpent"},{"not_picked":["Calling Bell","HoveringKite"],"picked":"Sozu"}],"items_purged_floors":[24],"is_endless":false,"potions_floor_spawned":[1,2,5,8,16,18,19,25,27,33,37],"killed_by":"Reptomancer","ascension_level":1}