{"gold_per_floor":[115,132,147,222,32,32,52,52,52,52,52,52,77,91,91,212,212,197,228,228,74,89,89,104,104,131,149,149],"floor_reached":28,"playtime":1451,"items_purged":["Defend_R"],"score":210,"play_id":"2dfca7dd-2534-4870-a696-a30410116002","local_time":"20181105205357","is_ascension_mode":false,"campfire_choices":[{"data":"Apotheosis","floor":6,"key":"SMITH"},{"data":"True Grit","floor":8,"key":"SMITH"},{"data":"Rage","floor":10,"key":"SMITH"},{"floor":15,"key":"REST"},{"data":"Rampage","floor":23,"key":"SMITH"}],"neow_cost":"NONE","seed_source_timestamp":40770475374571,"circlet_count":0,"master_deck":["Strike_R","Strike_R","Strike_R","Strike_R","Defend_R","Defend_R","Defend_R","Bash","Ghostly Armor","True Grit+1","Apotheosis+1","Rage+1","Fiend Fire","Barricade","Bloodletting+1","Rampage+1","Shrug It Off","Parasite"],"relics":["Burning Blood","Boot","Pear","Golden Idol","Blue Candle","Cursed Key","Red Mask","PreservedInsect"],"potions_floor_usage":[13,16,19],"damage_taken":[{"damage":7,"enemies":"2 Louse","floor":1,"turns":3},{"damage":4,"enemies":"Small Slimes","floor":2,"turns":5},{"damage":1,"enemies":"Jaw Worm","floor":3,"turns":4},{"damage":7,"enemies":"Exordium Thugs","floor":7,"turns":14},{"damage":8,"enemies":"Large Slime","floor":13,"turns":9},{"damage":2,"enemies":"3 Louse","floor":14,"turns":5},{"damage":41,"enemies":"Slime Boss","floor":16,"turns":15},{"damage":15,"enemies":"2 Thieves","floor":18,"turns":4},{"damage":37,"enemies":"Masked Bandits","floor":19,"turns":6},{"damage":2,"enemies":"Spheric Guardian","floor":22,"turns":6},{"damage":10,"enemies":"Shelled Parasite and Fungi","floor":24,"turns":7},{"damage":16,"enemies":"Colosseum Slavers","floor":25,"turns":8},{"damage":16,"enemies":"Snecko","floor":27,"turns":7},{"damage":31,"enemies":"Book of Stabbing","floor":28,"turns":4}],"seed_played":"-4631621120079405827","potions_obtained":[{"floor":2,"key":"SkillPotion"},{"floor":3,"key":"BloodPotion"},{"floor":16,"key":"Dexterity Potion"},{"floor":24,"key":"SteroidPotion"}],"is_trial":false,"path_per_floor":["M","M","M","?","$","R","M","R","T","R","?","?","M","M","R","B",null,"M","?","?","$","M","R","M","?","T","M","E"],"character_chosen":"IRONCLAD","items_purchased":["Apotheosis","Rampage"],"campfire_rested":1,"item_purchase_floors":[5,21],"current_hp_per_floor":[79,80,80,69,69,69,68,68,78,78,56,56,63,67,90,55,90,81,50,50,50,54,54,50,40,40,30,0],"gold":149,"neow_bonus":"RANDOM_COMMON_RELIC","is_prod":false,"is_daily":false,"chose_seed":false,"campfire_upgraded":4,"win_rate":0,"timestamp":1541440437,"path_taken":["M","M","M","?","$","R","M","R","T","R","?","?","?","M","R","BOSS","M","?","?","$","M","R","M","?","T","M","E"],"build_version":"2018-11-01","purchased_purges":1,"victory":false,"max_hp_per_floor":[80,80,80,80,80,80,80,80,90,90,90,90,90,90,90,90,90,90,90,90,90,90,90,90,90,90,90,90],"card_choices":[{"not_picked":["Cleave","Bloodletting"],"picked":"Ghostly Armor","floor":1},{"not_picked":["Warcry","Havoc"],"picked":"True Grit","floor":2},{"not_picked":["Clash","True Grit","Bludgeon"],"picked":"SKIP","floor":3},{"not_picked":["Heavy Blade","Body Slam"],"picked":"Rage","floor":7},{"not_picked":["Sword Boomerang","Twin Strike","Thunderclap"],"picked":"SKIP","floor":13},{"not_picked":["Cleave","Havoc"],"picked":"Fiend Fire","floor":14},{"not_picked":["Feed","Impervious"],"picked":"Barricade","floor":16},{"not_picked":["Headbutt","Thunderclap"],"picked":"Bloodletting+1","floor":18},{"not_picked":["Flex","Cleave"],"picked":"Shrug It Off","floor":22},{"not_picked":["Ghostly Armor","Heavy Blade+1","Flex+1"],"picked":"SKIP","floor":24},{"not_picked":["Twin Strike+1","Heavy Blade+1","Cleave"],"picked":"SKIP","floor":27}],"player_experience":139278,"relics_obtained":[{"floor":9,"key":"Pear"},{"floor":19,"key":"Red Mask"},{"floor":26,"key":"PreservedInsect"}],"event_choices":[{"damage_healed":0,"gold_gain":75,"player_choice":"Gather Gold","damage_taken":11,"max_hp_gain":0,"max_hp_loss":0,"event_name":"World of Goop","floor":4,"gold_loss":0},{"damage_healed":0,"gold_gain":0,"player_choice":"Take Damage","damage_taken":22,"relics_obtained":["Golden Idol"],"max_hp_gain":0,"max_hp_loss":0,"event_name":"Golden Idol","floor":11,"gold_loss":0},{"damage_healed":0,"gold_gain":30,"player_choice":"Searched \u00273\u0027 times","damage_taken":0,"relics_obtained":["Blue Candle"],"max_hp_gain":0,"max_hp_loss":0,"event_name":"Dead Adventurer","floor":12,"gold_loss":0},{"damage_healed":0,"gold_gain":0,"player_choice":"Fought Bandits","damage_taken":0,"max_hp_gain":0,"max_hp_loss":0,"event_name":"Masked Bandits","floor":19,"gold_loss":0},{"cards_removed":["Strike_R"],"damage_healed":0,"gold_gain":0,"player_choice":"Elegance","damage_taken":0,"max_hp_gain":0,"max_hp_loss":0,"event_name":"Back to Basics","floor":20,"gold_loss":0},{"damage_healed":0,"gold_gain":0,"player_choice":"Fight","damage_taken":0,"max_hp_gain":0,"max_hp_loss":0,"event_name":"Colosseum","floor":25,"gold_loss":0},{"damage_healed":0,"gold_gain":0,"player_choice":"Fled From Nobs","damage_taken":0,"max_hp_gain":0,"max_hp_loss":0,"event_name":"Colosseum","floor":25,"gold_loss":0},{"damage_healed":0,"gold_gain":0,"player_choice":"Fled From Nobs","damage_taken":0,"max_hp_gain":0,"max_hp_loss":0,"event_name":"Colosseum","floor":25,"gold_loss":0}],"is_beta":false,"boss_relics":[{"not_picked":["Lizard Tail","Runic Dome"],"picked":"Cursed Key"}],"items_purged_floors":[21],"is_endless":false,"potions_floor_spawned":[2,3,16,24,25],"killed_by":"Book of Stabbing","ascension_level":0}