{"gold_per_floor":[219,219,243,258,258,301,301,324,350,350],"floor_reached":10,"playtime":415,"items_purged":[],"score":78,"play_id":"4150fdd8-dbf7-4aa2-9b11-28709800a917","local_time":"20190124175940","is_ascension_mode":true,"campfire_choices":[],"neow_cost":"NONE","seed_source_timestamp":887886076522622,"circlet_count":0,"master_deck":["Strike_B","Strike_B","Strike_B","Defend_B","Defend_B","Defend_B","Defend_B","Zap+1","Dualcast","Conserve Battery","Sweeping Beam","Redo","Aggregate","Leap"],"relics":["Cracked Core","Golden Idol","Smiling Mask","Art of War"],"potions_floor_usage":[6,10,10],"damage_taken":[{"damage":7,"enemies":"2 Louse","floor":1,"turns":2},{"damage":3,"enemies":"Small Slimes","floor":3,"turns":3},{"damage":6,"enemies":"Jaw Worm","floor":4,"turns":4},{"damage":39,"enemies":"Lagavulin","floor":6,"turns":8},{"damage":10,"enemies":"Gremlin Gang","floor":8,"turns":4},{"damage":3,"enemies":"Gremlin Nob","floor":10,"turns":2}],"seed_played":"6721132923537119214","potions_obtained":[{"floor":1,"key":"Dexterity Potion"},{"floor":6,"key":"AttackPotion"},{"floor":8,"key":"SkillPotion"}],"is_trial":false,"path_per_floor":["M","?","M","M","?","E","?","M","T","E"],"character_chosen":"DEFECT","items_purchased":[],"campfire_rested":0,"item_purchase_floors":[],"current_hp_per_floor":[68,68,65,59,52,13,13,3,3,0],"gold":350,"neow_bonus":"HUNDRED_GOLD","is_prod":false,"is_daily":false,"chose_seed":false,"campfire_upgraded":0,"win_rate":0,"timestamp":1548323980,"path_taken":["M","?","M","M","?","E","?","M","T","E"],"build_version":"2019-01-23","purchased_purges":0,"victory":false,"max_hp_per_floor":[75,69,69,69,69,69,69,69,69,69],"card_choices":[{"not_picked":["Glacier","Rip and Tear"],"picked":"Conserve Battery","floor":1},{"not_picked":["Glacier","Steam Power"],"picked":"Sweeping Beam","floor":3},{"not_picked":["Leap","Sunder"],"picked":"Redo","floor":4},{"not_picked":["Gash","Steam"],"picked":"Aggregate","floor":6},{"not_picked":["Gash","Biased Cognition"],"picked":"Leap","floor":8}],"player_experience":189799,"relics_obtained":[{"floor":6,"key":"Smiling Mask"},{"floor":9,"key":"Art of War"}],"event_choices":[{"damage_healed":0,"gold_gain":0,"player_choice":"Lose Max HP","damage_taken":0,"relics_obtained":["Golden Idol"],"max_hp_gain":0,"max_hp_loss":6,"event_name":"Golden Idol","floor":2,"gold_loss":0},{"cards_removed":["Strike_B"],"damage_healed":0,"gold_gain":0,"player_choice":"Card Removal","damage_taken":7,"max_hp_gain":0,"max_hp_loss":0,"event_name":"Golden Wing","floor":5,"gold_loss":0},{"damage_healed":0,"gold_gain":0,"player_choice":"Grow","damage_taken":0,"max_hp_gain":0,"max_hp_loss":0,"event_name":"Living Wall","floor":7,"gold_loss":0,"cards_upgraded":["Zap"]}],"is_beta":false,"boss_relics":[],"items_purged_floors":[],"is_endless":false,"potions_floor_spawned":[1,6,8],"killed_by":"Gremlin Nob","ascension_level":3}