{"gold_per_floor":[115,215,215,228,239,272,272,284,311,311,323,338,10,25,25,120,120,139,64,75,91,91,91,91,91,91,108,119,139,139,155,155,253,253,268,268,281,281,296,296,17,27,27,27,43,43,43,54,54,54],"floor_reached":51,"playtime":5129,"items_purged":[],"score":830,"play_id":"d8b8ceee-ecac-4fef-a898-fd94929ec437","local_time":"20180709225930","is_ascension_mode":false,"campfire_choices":[{"data":"Armaments","floor":7,"key":"SMITH"},{"data":"Infernal Blade","floor":10,"key":"SMITH"},{"data":"Dark Shackles","floor":15,"key":"SMITH"},{"data":"Heavy Blade","floor":23,"key":"SMITH"},{"data":"Flex","floor":30,"key":"SMITH"},{"floor":32,"key":"REST"},{"data":"Barricade","floor":40,"key":"SMITH"},{"data":"Bloodletting","floor":44,"key":"SMITH"},{"floor":46,"key":"REST"},{"floor":49,"key":"REST"}],"neow_cost":"NONE","seed_source_timestamp":53461529181874,"circlet_count":0,"master_deck":["Strike_R","Strike_R","Strike_R","Strike_R","Defend_R","Defend_R","Defend_R+1","Defend_R","Bash","Heavy Blade+1","Infernal Blade+1","Clothesline","Armaments+1","Battle Trance","Rage+1","Blood for Blood","Inflame","Dark Shackles+1","Iron Wave","Juggernaut","Pommel Strike+1","Rage","Heavy Blade","Flex+1","Disarm+1","Flame Barrier+1","Barricade+1","Dual Wield+1","Bandage Up","Bandage Up","Deep Breath","Warcry+1","Bloodletting+1","Transmutation"],"relics":["Burning Blood","Potion Belt","Pen Nib","Vajra","Bronze Scales","War Paint","Eternal Feather","Blood Vial","Pear","Busted Crown","Ginger","Mercury Hourglass"],"potions_floor_usage":[6,20,33,33,33,33,33,42,50,50,50,50,50],"damage_taken":[{"damage":0,"enemies":"2 Louse","floor":1,"turns":3},{"damage":1,"enemies":"Cultist","floor":4,"turns":3},{"damage":2,"enemies":"Small Slimes","floor":5,"turns":3},{"damage":25,"enemies":"Lagavulin","floor":6,"turns":5},{"damage":4,"enemies":"Blue Slaver","floor":8,"turns":4},{"damage":0,"enemies":"Large Slime","floor":11,"turns":4},{"damage":0,"enemies":"2 Fungi Beasts","floor":12,"turns":2},{"damage":11,"enemies":"Lots of Slimes","floor":14,"turns":4},{"damage":13,"enemies":"Slime Boss","floor":16,"turns":7},{"damage":17,"enemies":"2 Thieves","floor":18,"turns":4},{"damage":17,"enemies":"Chosen","floor":20,"turns":5},{"damage":20,"enemies":"3 Cultists","floor":21,"turns":6},{"damage":14,"enemies":"Sentry and Sphere","floor":27,"turns":4},{"damage":4,"enemies":"Snake Plant","floor":28,"turns":3},{"damage":19,"enemies":"3 Cultists","floor":29,"turns":5},{"damage":33,"enemies":"Slaver and Parasite","floor":31,"turns":5},{"damage":61,"enemies":"Collector","floor":33,"turns":11},{"damage":3,"enemies":"3 Shapes","floor":35,"turns":3},{"damage":0,"enemies":"Orb Walker","floor":37,"turns":4},{"damage":22,"floor":38,"turns":9},{"damage":36,"enemies":"4 Shapes","floor":39,"turns":7},{"damage":21,"enemies":"Maw","floor":42,"turns":8},{"damage":47,"enemies":"3 Darklings","floor":45,"turns":7},{"damage":42,"enemies":"4 Shapes","floor":48,"turns":5},{"damage":104,"enemies":"Awakened One","floor":50,"turns":10}],"seed_played":"7607625052794112405","potions_obtained":[{"floor":4,"key":"Regen Potion"},{"floor":5,"key":"Explosive Potion"},{"floor":6,"key":"Ancient Potion"},{"floor":12,"key":"Block Potion"},{"floor":16,"key":"Explosive Potion"},{"floor":18,"key":"BloodPotion"},{"floor":20,"key":"Poison Potion"},{"floor":33,"key":"Swift Potion"},{"floor":35,"key":"Regen Potion"},{"floor":42,"key":"SteroidPotion"},{"floor":48,"key":"Strength Potion"}],"is_trial":false,"path_per_floor":["M","?","?","M","M","E","R","M","T","R","M","M","$","M","R","B",null,"M","?","M","M","?","R","?","$","T","M","M","M","R","M","R","B",null,"M","?","M","?","M","R","$","M","T","R","M","R","$","M","R","B"],"character_chosen":"IRONCLAD","items_purchased":["War Paint","Inflame","Dark Shackles","Energy Potion","PowerPotion","Transmutation"],"campfire_rested":3,"item_purchase_floors":[13,13,13,41,41,41],"current_hp_per_floor":[80,80,77,80,80,61,61,63,63,63,69,75,75,70,70,63,80,69,69,66,52,52,60,60,60,70,64,68,57,67,42,79,41,90,90,80,90,82,58,70,70,65,65,77,46,85,85,55,90,15],"gold":54,"neow_bonus":"RANDOM_COMMON_RELIC","is_prod":false,"is_daily":false,"chose_seed":false,"campfire_upgraded":7,"win_rate":0.0,"timestamp":1531166370,"path_taken":["M","?","?","M","M","E","R","M","T","R","M","M","$","M","R","BOSS","M","?","M","M","?","R","?","$","T","M","M","M","R","M","R","BOSS","M","?","M","?","M","R","$","M","T","R","M","R","$","M","R","BOSS"],"build_version":"2018-07-05","purchased_purges":0,"victory":true,"max_hp_per_floor":[80,80,80,80,80,80,80,80,80,80,80,80,80,80,80,80,80,80,80,80,80,80,80,80,80,90,90,90,90,90,90,90,90,90,90,90,90,90,90,90,90,90,90,90,90,90,90,90,90,90],"card_choices":[{"not_picked":["True Grit","Sever Soul"],"picked":"Heavy Blade","floor":1},{"not_picked":["Pommel Strike","Rampage"],"picked":"Infernal Blade","floor":4},{"not_picked":["True Grit","Power Through"],"picked":"Clothesline","floor":5},{"not_picked":["Thunderclap","Shrug It Off"],"picked":"Armaments","floor":6},{"not_picked":["Warcry","Dark Embrace"],"picked":"Battle Trance","floor":8},{"not_picked":["Rupture","Hemokinesis"],"picked":"Rage","floor":11},{"not_picked":["Second Wind","Reckless Charge"],"picked":"Blood for Blood","floor":12},{"not_picked":["Warcry","Cleave"],"picked":"Iron Wave","floor":14},{"not_picked":["Berserk","Fiend Fire"],"picked":"Juggernaut","floor":16},{"not_picked":["Perfected Strike","Heavy Blade"],"picked":"Pommel Strike+1","floor":18},{"not_picked":["Combust","Cleave"],"picked":"Rage","floor":20},{"not_picked":["Shrug It Off","Perfected Strike"],"picked":"Heavy Blade","floor":21},{"not_picked":["Anger","Sever Soul","Sword Boomerang"],"picked":"SKIP","floor":27},{"not_picked":["Sever Soul","Armaments"],"picked":"Flex","floor":28},{"not_picked":["Armaments","Hemokinesis"],"picked":"Disarm+1","floor":29},{"not_picked":["Heavy Blade+1","Reaper"],"picked":"Flame Barrier+1","floor":31},{"not_picked":["Reaper","Impervious"],"picked":"Barricade","floor":33},{"not_picked":[],"picked":"Dual Wield+1","floor":35},{"not_picked":[],"picked":"Bandage Up","floor":36},{"not_picked":[],"picked":"Bandage Up","floor":36},{"not_picked":[],"picked":"Deep Breath","floor":36},{"not_picked":["True Grit"],"picked":"SKIP","floor":37},{"not_picked":[],"picked":"Warcry+1","floor":38},{"not_picked":[],"picked":"Bloodletting","floor":39},{"not_picked":["Anger"],"picked":"SKIP","floor":42},{"not_picked":["Burning Pact"],"picked":"SKIP","floor":45},{"not_picked":["Iron Wave"],"picked":"SKIP","floor":48}],"player_experience":8386,"relics_obtained":[{"floor":6,"key":"Vajra"},{"floor":9,"key":"Bronze Scales"},{"floor":26,"key":"Pear"},{"floor":38,"key":"Ginger"},{"floor":43,"key":"Mercury Hourglass"}],"event_choices":[{"event_name":"Golden Shrine","player_choice":"Pray","floor":2,"damage_taken":0},{"event_name":"Scrap Ooze","player_choice":"success","floor":3,"damage_taken":3},{"event_name":"Beggar","player_choice":"Gave Gold","floor":19,"damage_taken":0},{"event_name":"The Mausoleum","player_choice":"Yes","floor":22,"damage_taken":0},{"event_name":"Cursed Tome","player_choice":"Ignored","floor":24,"damage_taken":0},{"event_name":"SensoryStone","player_choice":"Memory 3","floor":36,"damage_taken":0},{"event_name":"MindBloom","player_choice":"Fight","floor":38,"damage_taken":0}],"boss_relics":[{"not_picked":["Calling Bell","Fusion Hammer"],"picked":"Eternal Feather"},{"not_picked":["Coffee Dripper","Cursed Key"],"picked":"Busted Crown"}],"items_purged_floors":[],"is_endless":false,"potions_floor_spawned":[4,5,6,12,16,18,20,21,33,35,42,48],"ascension_level":0}