{"gold_per_floor":[217,231,231,250,250,275,275,289,312,189,189,201,201,234,234,334,334,349,274,274,374,393,393,393,393,419,439,453,154,174,49,49,145,145,158,158,158,172,172,188,188,141,141,141,165,165,15,31,31,31],"floor_reached":51,"playtime":2755,"items_purged":["Strike_B","Dualcast","Defend_B","Defend_B"],"score":628,"play_id":"b555b649-61f5-4ef2-bb16-17d77ce10a55","local_time":"20190225091504","is_ascension_mode":false,"campfire_choices":[{"data":"Streamline","floor":7,"key":"SMITH"},{"data":"Beam Cell","floor":11,"key":"SMITH"},{"data":"Genetic Algorithm","floor":13,"key":"SMITH"},{"floor":15,"key":"REST"},{"data":"Hyperbeam","floor":23,"key":"SMITH"},{"data":"Static Discharge","floor":25,"key":"SMITH"},{"data":"Streamline","floor":32,"key":"SMITH"},{"data":"Meteor Strike","floor":41,"key":"SMITH"},{"data":"Conserve Battery","floor":46,"key":"SMITH"},{"data":"Defend_B","floor":49,"key":"SMITH"}],"neow_cost":"NONE","seed_source_timestamp":22721274724467,"circlet_count":0,"master_deck":["Defend_B+1","Streamline+1","Turbo","Static Discharge+1","Streamline+1","Beam Cell+1","Genetic Algorithm+1","Hyperbeam+1","FTL+1","Auto Shields+1","Conserve Battery+1","Meteor Strike+1","Conserve Battery+1"],"relics":["Cracked Core","Bag of Preparation","Strawberry","Art of War","Centennial Puzzle","Runic Pyramid","Ice Cream","Bottled Flame","Ancient Tea Set","Runic Capacitor","Busted Crown","Kunai","Oddly Smooth Stone"],"potions_floor_usage":[16,16,50,50,50],"damage_taken":[{"damage":1,"enemies":"Jaw Worm","floor":1,"turns":3},{"damage":0,"enemies":"Small Slimes","floor":2,"turns":2},{"damage":0,"enemies":"2 Louse","floor":4,"turns":2},{"damage":28,"enemies":"Gremlin Nob","floor":6,"turns":4},{"damage":10,"enemies":"Large Slime","floor":8,"turns":6},{"damage":0,"enemies":"3 Louse","floor":12,"turns":2},{"damage":26,"enemies":"Lagavulin","floor":14,"turns":6},{"damage":7,"enemies":"Hexaghost","floor":16,"turns":6},{"damage":0,"enemies":"Spheric Guardian","floor":18,"turns":3},{"damage":10,"enemies":"Colosseum Slavers","floor":21,"turns":3},{"damage":16,"enemies":"Colosseum Nobs","floor":21,"turns":4},{"damage":0,"enemies":"Chosen","floor":22,"turns":3},{"damage":0,"enemies":"Snake Plant","floor":27,"turns":2},{"damage":0,"enemies":"Centurion and Healer","floor":28,"turns":4},{"damage":0,"enemies":"Chosen and Byrds","floor":30,"turns":5},{"damage":18,"enemies":"Champ","floor":33,"turns":10},{"damage":0,"enemies":"3 Darklings","floor":35,"turns":4},{"damage":0,"enemies":"3 Shapes","floor":38,"turns":5},{"damage":0,"enemies":"Sphere and 2 Shapes","floor":40,"turns":3},{"damage":0,"enemies":"4 Shapes","floor":48,"turns":2},{"damage":9,"enemies":"Awakened One","floor":50,"turns":11}],"seed_played":"1347440411401468051","potions_obtained":[{"floor":2,"key":"FairyPotion"},{"floor":4,"key":"PowerPotion"},{"floor":6,"key":"LiquidBronze"},{"floor":8,"key":"Swift Potion"},{"floor":21,"key":"FocusPotion"},{"floor":27,"key":"FocusPotion"}],"is_trial":false,"path_per_floor":["M","M","?","M","?","E","R","M","T","$","R","M","R","E","R","B",null,"M","?","?","?","M","R","?","R","T","M","M","$","M","$","R","B",null,"M","?","?","M","?","M","R","$","T","$","T","R","$","M","R","B",null],"character_chosen":"DEFECT","items_purchased":["Beam Cell","Runic Capacitor","Conserve Battery"],"campfire_rested":1,"item_purchase_floors":[10,29,42],"current_hp_per_floor":[74,74,71,71,64,43,43,33,33,33,33,33,33,7,31,24,82,82,82,66,40,40,40,40,40,40,40,40,40,40,40,40,22,87,87,87,77,77,77,77,77,77,77,77,77,77,77,77,77,68],"gold":31,"neow_bonus":"HUNDRED_GOLD","is_prod":false,"is_daily":false,"chose_seed":false,"campfire_upgraded":9,"win_rate":0,"timestamp":1551075304,"path_taken":["M","M","?","M","?","E","R","?","T","$","R","M","R","E","R","BOSS","M","?","?","?","M","R","?","R","T","?","M","$","M","$","R","BOSS","M","?","?","M","?","?","R","$","T","$","?","R","?","M","R","BOSS"],"build_version":"2019-01-23","purchased_purges":4,"victory":true,"max_hp_per_floor":[75,75,75,75,75,82,82,82,82,82,82,82,82,82,82,82,82,82,82,87,87,87,87,87,87,87,87,87,87,87,87,87,87,87,87,87,87,87,87,87,87,87,87,87,87,87,87,87,87,87],"card_choices":[{"not_picked":["Sweeping Beam","Heatsinks"],"picked":"Streamline","floor":1},{"not_picked":["Go for the Eyes","Undo","Defragment"],"picked":"SKIP","floor":2},{"not_picked":["Cold Snap","Creative AI"],"picked":"Turbo","floor":4},{"not_picked":["Consume","Lockon"],"picked":"Static Discharge","floor":6},{"not_picked":["Turbo","Ball Lightning"],"picked":"Streamline","floor":8},{"not_picked":["Turbo","Leap"],"picked":"Genetic Algorithm","floor":12},{"not_picked":["Tempest","Gash","Force Field"],"picked":"SKIP","floor":14},{"not_picked":["Rainbow","Electrodynamics"],"picked":"Hyperbeam","floor":16},{"not_picked":["Aggregate+1","Cold Snap+1","Beam Cell"],"picked":"SKIP","floor":18},{"not_picked":["Streamline","Steam"],"picked":"FTL+1","floor":22},{"not_picked":["Compile Driver+1","Stack+1"],"picked":"Auto Shields+1","floor":27},{"not_picked":["Tempest","Doom and Gloom","Steam"],"picked":"SKIP","floor":28},{"not_picked":["Ball Lightning","Multi-Cast"],"picked":"Conserve Battery+1","floor":30},{"not_picked":["Reboot","All For One"],"picked":"Meteor Strike","floor":33},{"not_picked":["Coolheaded+1"],"picked":"SKIP","floor":35},{"not_picked":["Cold Snap+1"],"picked":"SKIP","floor":38},{"not_picked":["Genetic Algorithm"],"picked":"SKIP","floor":40},{"not_picked":["Static Discharge+1"],"picked":"SKIP","floor":48}],"player_experience":876976,"relics_obtained":[{"floor":6,"key":"Strawberry"},{"floor":9,"key":"Art of War"},{"floor":14,"key":"Centennial Puzzle"},{"floor":21,"key":"Ice Cream"},{"floor":21,"key":"Bottled Flame"},{"floor":26,"key":"Ancient Tea Set"},{"floor":43,"key":"Kunai"},{"floor":45,"key":"Oddly Smooth Stone"}],"event_choices":[{"damage_healed":0,"gold_gain":0,"player_choice":"Success","damage_taken":3,"relics_obtained":["Bag of Preparation"],"max_hp_gain":0,"max_hp_loss":0,"event_name":"Scrap Ooze","floor":3,"gold_loss":0},{"cards_removed":["Strike_B"],"damage_healed":0,"gold_gain":0,"player_choice":"Card Removal","damage_taken":7,"max_hp_gain":0,"max_hp_loss":0,"event_name":"Golden Wing","floor":5,"gold_loss":0},{"cards_removed":["Strike_B"],"damage_healed":0,"gold_gain":0,"player_choice":"Gave Gold","damage_taken":0,"max_hp_gain":0,"max_hp_loss":0,"event_name":"Beggar","floor":19,"gold_loss":75},{"damage_healed":0,"gold_gain":0,"player_choice":"Shed Blood","damage_taken":21,"max_hp_gain":5,"max_hp_loss":0,"event_name":"Forgotten Altar","floor":20,"gold_loss":0},{"damage_healed":0,"gold_gain":0,"player_choice":"Fight","damage_taken":0,"max_hp_gain":0,"max_hp_loss":0,"event_name":"Colosseum","floor":21,"gold_loss":0},{"damage_healed":0,"gold_gain":0,"player_choice":"Fought Nobs","damage_taken":0,"max_hp_gain":0,"max_hp_loss":0,"event_name":"Colosseum","floor":21,"gold_loss":0},{"cards_removed":["Strike_B"],"damage_healed":0,"gold_gain":0,"player_choice":"Purged","damage_taken":0,"max_hp_gain":0,"max_hp_loss":0,"event_name":"Purifier","floor":24,"gold_loss":0},{"cards_removed":["Defend_B"],"damage_healed":0,"gold_gain":0,"player_choice":"Removed Skill","damage_taken":0,"max_hp_gain":0,"max_hp_loss":0,"event_name":"Falling","floor":36,"gold_loss":0},{"damage_healed":0,"gold_gain":0,"player_choice":"Memory 3","damage_taken":10,"max_hp_gain":0,"max_hp_loss":0,"event_name":"SensoryStone","floor":37,"gold_loss":0},{"cards_removed":["Zap"],"damage_healed":0,"gold_gain":0,"player_choice":"Offered Basic","damage_taken":0,"max_hp_gain":0,"max_hp_loss":0,"event_name":"Bonfire Elementals","floor":39,"gold_loss":0}],"is_beta":false,"boss_relics":[{"not_picked":["Lizard Tail","Fusion Hammer"],"picked":"Runic Pyramid"},{"not_picked":["White Beast Statue","Astrolabe"],"picked":"Busted Crown"}],"items_purged_floors":[10,29,31,47],"is_endless":false,"potions_floor_spawned":[2,4,6,8,14,21,27,33,40],"ascension_level":0}