{"gold_per_floor":[117,117,117,79,98,131,147,147,447,466,478,490,203,278,278,374,374,387,387,107,122,132,132,132,132,132,132,145,162,181,181],"floor_reached":31,"playtime":2980,"items_purged":[],"score":264,"play_id":"c0f05311-5426-46fb-a792-cb4a05123a14","local_time":"20190430035558","is_ascension_mode":false,"campfire_choices":[{"floor":8,"key":"REST"},{"floor":15,"key":"REST"},{"floor":23,"key":"REST"},{"floor":27,"key":"REST"}],"neow_cost":"NONE","seed_source_timestamp":11028650440370,"circlet_count":0,"master_deck":["Defend_G","Defend_G","Defend_G","Defend_G","Defend_G","Strike_G","Strike_G","Strike_G","Strike_G","Strike_G","Survivor","Neutralize","Quick Slash","Backstab","Bouncing Flask","Blade Dance","Poisoned Stab","Terror","Deadly Poison","Noxious Fumes","Sadistic Nature","Blind","Envenom","Dagger Spray+1","Crippling Poison","Footwork","Outmaneuver+1","Acrobatics","All Out Attack+1","Die Die Die"],"relics":["Ring of the Snake","NeowsBlessing","Mummified Hand","Pen Nib","Old Coin","Sozu","Sundial","Nloth\u0027s Gift","Boot"],"potions_floor_usage":[16,22],"damage_taken":[{"damage":0,"enemies":"Cultist","floor":1,"turns":1},{"damage":0,"enemies":"2 Louse","floor":5,"turns":1},{"damage":0,"enemies":"Gremlin Nob","floor":6,"turns":1},{"damage":3,"enemies":"Jaw Worm","floor":7,"turns":2},{"damage":10,"enemies":"Exordium Thugs","floor":10,"turns":3},{"damage":0,"enemies":"Exordium Wildlife","floor":11,"turns":3},{"damage":7,"enemies":"Blue Slaver","floor":12,"turns":2},{"damage":17,"enemies":"Hexaghost","floor":16,"turns":7},{"damage":24,"enemies":"2 Thieves","floor":18,"turns":4},{"damage":6,"enemies":"Chosen","floor":21,"turns":3},{"damage":27,"enemies":"Centurion and Healer","floor":22,"turns":4},{"damage":12,"enemies":"Sentry and Sphere","floor":28,"turns":5},{"damage":3,"enemies":"Cultist and Chosen","floor":29,"turns":4},{"damage":25,"enemies":"Snake Plant","floor":30,"turns":4},{"damage":22,"enemies":"Slavers","floor":31,"turns":1}],"seed_played":"8828326727987555788","potions_obtained":[{"floor":7,"key":"Strength Potion"},{"floor":12,"key":"SpeedPotion"},{"floor":16,"key":"AttackPotion"}],"is_trial":false,"path_per_floor":["M","T","?","$","M","E","M","R","T","M","M","M","$","?","R","B",null,"M","?","$","M","M","R","?","?","T","R","M","M","M","E"],"character_chosen":"THE_SILENT","items_purchased":["Backstab","Noxious Fumes","Sadistic Nature","Blind","Crippling Poison","Sundial"],"campfire_rested":4,"item_purchase_floors":[4,13,13,13,20,20],"current_hp_per_floor":[70,70,37,37,37,37,34,55,55,45,45,38,38,27,48,31,70,46,46,46,40,13,34,34,34,34,55,43,40,15,0],"gold":181,"neow_bonus":"THREE_ENEMY_KILL","is_prod":false,"is_daily":false,"chose_seed":false,"campfire_upgraded":0,"win_rate":0.0,"timestamp":1556610958,"path_taken":["M","?","?","?","M","E","M","R","T","?","M","M","$","?","R","BOSS","M","?","$","?","M","R","?","?","T","R","M","?","M","E"],"build_version":"2019-01-23","purchased_purges":0,"victory":false,"max_hp_per_floor":[70,70,70,70,70,70,70,70,70,70,70,70,70,70,70,70,70,70,70,70,70,70,70,70,70,70,70,70,70,70,70],"card_choices":[{"not_picked":["Backflip","Slice"],"picked":"Quick Slash","floor":1},{"not_picked":["Flying Knee","Choke"],"picked":"Bouncing Flask","floor":5},{"not_picked":["Heel Hook","Tactician"],"picked":"Blade Dance","floor":6},{"not_picked":["Outmaneuver","Blade Dance"],"picked":"Poisoned Stab","floor":7},{"not_picked":["Burst","Dagger Throw"],"picked":"Terror","floor":10},{"not_picked":["Blade Dance","Terror"],"picked":"Underhanded Strike","floor":11},{"not_picked":["Sucker Punch","Dagger Spray"],"picked":"Deadly Poison","floor":12},{"not_picked":["Unload","Burst"],"picked":"Envenom","floor":16},{"not_picked":["All Out Attack","Quick Slash"],"picked":"Dagger Spray+1","floor":18},{"not_picked":["Dagger Spray","Outmaneuver"],"picked":"Footwork","floor":21},{"not_picked":["PiercingWail","Distraction"],"picked":"Outmaneuver+1","floor":22},{"not_picked":["Dagger Spray","Slice"],"picked":"Acrobatics","floor":28},{"not_picked":["Deflect","Underhanded Strike"],"picked":"All Out Attack+1","floor":29},{"not_picked":["Outmaneuver","Endless Agony+1"],"picked":"Die Die Die","floor":30}],"player_experience":2189,"relics_obtained":[{"floor":2,"key":"Mummified Hand"},{"floor":6,"key":"Calipers"},{"floor":9,"key":"Old Coin"},{"floor":26,"key":"Boot"}],"event_choices":[{"damage_healed":0,"gold_gain":0,"player_choice":"Success","damage_taken":33,"relics_obtained":["Pen Nib"],"max_hp_gain":0,"max_hp_loss":0,"event_name":"Scrap Ooze","floor":3,"gold_loss":0},{"damage_healed":0,"gold_gain":75,"player_choice":"Gather Gold","damage_taken":11,"max_hp_gain":0,"max_hp_loss":0,"event_name":"World of Goop","floor":14,"gold_loss":0},{"cards_removed":["Underhanded Strike"],"damage_healed":0,"gold_gain":0,"player_choice":"Purged","damage_taken":0,"max_hp_gain":0,"max_hp_loss":0,"event_name":"Purifier","floor":19,"gold_loss":0},{"damage_healed":0,"gold_gain":0,"player_choice":"Ignored","damage_taken":0,"max_hp_gain":0,"max_hp_loss":0,"event_name":"Ghosts","floor":24,"gold_loss":0},{"damage_healed":0,"gold_gain":0,"player_choice":"Traded Relic","damage_taken":0,"relics_obtained":["Nloth\u0027s Gift"],"max_hp_gain":0,"max_hp_loss":0,"event_name":"N\u0027loth","floor":25,"relics_lost":["Calipers"],"gold_loss":0}],"is_beta":false,"boss_relics":[{"not_picked":["Coffee Dripper","Fusion Hammer"],"picked":"Sozu"}],"items_purged_floors":[],"is_endless":false,"potions_floor_spawned":[7,12,16,18,21,22],"killed_by":"Slavers","ascension_level":0}