{"gold_per_floor":[111,124,140,158,158,158,183,183,183,131,150,215,226,239,239,318,318,333,351,351,361,374,374,400,400,454,464,464,491,491,115,115,191,191,210,227,227,245,245,260,260,287,287,287,298,310,12,12,12,12],"floor_reached":51,"playtime":3102,"items_purged":["Strike_G","Strike_G"],"score":1348,"play_id":"14e37a08-d47f-4d0a-8ad5-55741879e729","local_time":"20190218170112","is_ascension_mode":true,"campfire_choices":[{"data":"Neutralize","floor":6.0,"key":"SMITH"},{"data":"Glass Knife","floor":8.0,"key":"SMITH"},{"data":"Well Laid Plans","floor":15,"key":"SMITH"},{"floor":23,"key":"REST"},{"floor":25,"key":"REST"},{"floor":28,"key":"REST"},{"floor":32,"key":"REST"},{"floor":41,"key":"REST"},{"floor":44,"key":"REST"},{"floor":49,"key":"REST"}],"neow_cost":"NONE","seed_source_timestamp":0,"circlet_count":0,"master_deck":["AscendersBane","Defend_G","Defend_G","Defend_G","Defend_G","Defend_G","Strike_G","Strike_G","Strike_G","Survivor","Neutralize+1","Well Laid Plans+1","Backstab","Leg Sweep","Glass Knife+1","Backflip","Cloak And Dagger","Bullet Time","Acrobatics","PiercingWail+1","Cloak And Dagger+1","A Thousand Cuts","Adrenaline+1","Footwork","Footwork","After Image","Backflip+1","Predator+1","Malaise+1","Cloak And Dagger+1","Infinite Blades","Blade Dance+1","Acrobatics+1","Deep Breath+1"],"special_seed":0,"relics":["Ring of the Snake","Singing Bowl","Pantograph","Fusion Hammer","Toxic Egg 2","Snake Skull","PreservedInsect","Regal Pillow","DollysMirror","Sozu","Orichalcum","Pear"],"potions_floor_usage":[22,24,29,40],"damage_taken":[{"damage":14.0,"enemies":"Cultist","floor":1.0,"turns":6.0},{"damage":0.0,"enemies":"Small Slimes","floor":2.0,"turns":5.0},{"damage":1.0,"enemies":"2 Louse","floor":3.0,"turns":3.0},{"damage":0.0,"enemies":"2 Fungi Beasts","floor":4.0,"turns":4.0},{"damage":34.0,"enemies":"3 Sentries","floor":7.0,"turns":14.0},{"damage":0.0,"enemies":"Gremlin Gang","floor":11.0,"turns":3.0},{"damage":0.0,"enemies":"Looter","floor":13.0,"turns":3.0},{"damage":2.0,"enemies":"Exordium Wildlife","floor":14.0,"turns":6.0},{"damage":21,"enemies":"Slime Boss","floor":16,"turns":15},{"damage":6,"enemies":"3 Byrds","floor":18,"turns":6},{"damage":17,"enemies":"Spheric Guardian","floor":19,"turns":6},{"damage":16,"enemies":"Snake Plant","floor":21,"turns":5},{"damage":2,"enemies":"Centurion and Healer","floor":22,"turns":7},{"damage":19,"enemies":"Book of Stabbing","floor":24,"turns":7},{"damage":11,"enemies":"Snecko","floor":27,"turns":4},{"damage":0,"enemies":"Gremlin Leader","floor":29,"turns":5},{"damage":31,"enemies":"Champ","floor":33,"turns":15},{"damage":14,"enemies":"3 Shapes","floor":35,"turns":4},{"damage":0,"enemies":"Orb Walker","floor":36,"turns":2},{"damage":16,"enemies":"3 Darklings","floor":38,"turns":7},{"damage":43,"enemies":"Transient","floor":40,"turns":5},{"damage":0,"enemies":"Reptomancer","floor":42,"turns":9},{"damage":0,"enemies":"4 Shapes","floor":45,"turns":6},{"damage":14,"enemies":"Spire Growth","floor":46,"turns":8},{"damage":12,"enemies":"Donu and Deca","floor":50,"turns":16}],"seed_played":"-5899832125742004746","potions_obtained":[{"floor":2.0,"key":"Fire Potion"},{"floor":5.0,"key":"Strength Potion"},{"floor":19,"key":"Energy Potion"},{"floor":27,"key":"Block Potion"},{"floor":33,"key":"EssenceOfSteel"}],"is_trial":false,"path_per_floor":["M","M","M","M","?","R","E","R","T","$","M","?","M","M","R","B",null,"M","M","?","M","M","R","E","R","T","M","R","E","?","$","R","B",null,"M","M","?","M","?","M","R","E","T","R","M","M","$","?","R","B",null],"character_chosen":"THE_SILENT","items_purchased":["Backflip","Footwork","DollysMirror","Infinite Blades","Blade Dance+1","Acrobatics+1"],"campfire_rested":7,"item_purchase_floors":[10,31,31,47,47,47],"current_hp_per_floor":[51,51,50,50,50,50,16,16,16,16,16,16,16,16,16,20,61,57,40,40,24,22,44,25,47,47,38,61,61,39,39,78,52,75,61,63,63,47,47,6,45,45,55,93,95,81,81,75,99,87],"gold":12,"neow_bonus":"TEN_PERCENT_HP_BONUS","is_prod":false,"is_daily":false,"chose_seed":false,"campfire_upgraded":3,"win_rate":0,"timestamp":1550538072,"path_taken":["M","M","?","M","?","R","E","R","T","?","M","?","M","M","R","BOSS","M","M","?","?","M","R","E","R","T","M","R","E","?","$","R","BOSS","M","M","?","M","?","M","R","E","T","R","M","?","$","?","R","BOSS"],"build_version":"2019-01-23","purchased_purges":2,"victory":true,"max_hp_per_floor":[72,72,72,72,72,72,72,72,72,72,72,72,72,74,74,74,74,76,76,76,76,76,76,76,76,76,78,78,78,83,83,83,83,83,83,85,85,85,81,83,83,83,93,93,95,95,95,99,99,99],"card_choices":[{"not_picked":["Dagger Throw","Outmaneuver"],"picked":"Well Laid Plans","floor":1.0},{"not_picked":["Masterful Stab","Skewer"],"picked":"Backstab","floor":2.0},{"not_picked":["Bane","Sucker Punch"],"picked":"Dagger Throw","floor":3.0},{"not_picked":["Flying Knee","Escape Plan"],"picked":"Leg Sweep","floor":4.0},{"not_picked":["Masterful Stab","Sucker Punch"],"picked":"Glass Knife","floor":7.0},{"not_picked":["Underhanded Strike","Bouncing Flask"],"picked":"Cloak And Dagger","floor":11.0},{"not_picked":["Choke","Slice"],"picked":"Bouncing Flask","floor":13.0},{"not_picked":["Expertise","Sucker Punch","Blade Dance"],"picked":"Singing Bowl","floor":14.0},{"not_picked":["Corpse Explosion","Tools of the Trade"],"picked":"Bullet Time","floor":16},{"not_picked":["Sucker Punch+1","All Out Attack","Heel Hook"],"picked":"Singing Bowl","floor":18},{"not_picked":["Prepared","Dagger Throw+1"],"picked":"Acrobatics","floor":19},{"not_picked":["Outmaneuver+1","Blade Dance+1"],"picked":"PiercingWail+1","floor":21},{"not_picked":["Backflip+1","Flying Knee"],"picked":"Cloak And Dagger+1","floor":22},{"not_picked":["Escape Plan+1","Backstab"],"picked":"A Thousand Cuts","floor":24},{"not_picked":["Deadly Poison+1","Distraction+1","Well Laid Plans"],"picked":"Singing Bowl","floor":27},{"not_picked":["Cloak And Dagger+1","Bane"],"picked":"Adrenaline+1","floor":29},{"not_picked":["Burst+1","Bullet Time+1"],"picked":"After Image","floor":33},{"not_picked":["Blade Dance+1","Calculated Gamble+1"],"picked":"Backflip+1","floor":35},{"not_picked":["Eviscerate","Deflect+1","Slice+1"],"picked":"Singing Bowl","floor":36},{"not_picked":["Glass Knife","Prepared+1"],"picked":"Predator+1","floor":38},{"not_picked":["Slice","Dagger Spray","Acrobatics+1"],"picked":"Singing Bowl","floor":40},{"not_picked":["Dagger Throw","Cloak And Dagger+1"],"picked":"Malaise+1","floor":42},{"not_picked":["Sucker Punch","Prepared+1","Setup+1"],"picked":"Singing Bowl","floor":45},{"not_picked":["Riddle With Holes","Bane+1"],"picked":"Cloak And Dagger+1","floor":46},{"not_picked":["Forethought+1","HandOfGreed","Mind Blast"],"picked":"Singing Bowl","floor":48},{"not_picked":["Trip+1","Flash of Steel","Swift Strike"],"picked":"Singing Bowl","floor":48},{"not_picked":["Dramatic Entrance","Jack Of All Trades+1"],"picked":"Deep Breath+1","floor":48}],"player_experience":436878,"relics_obtained":[{"floor":7.0,"key":"Singing Bowl"},{"floor":9.0,"key":"Pantograph"},{"floor":24,"key":"Snake Skull"},{"floor":26,"key":"PreservedInsect"},{"floor":29,"key":"Regal Pillow"},{"floor":42,"key":"Orichalcum"},{"floor":43,"key":"Pear"}],"event_choices":[{"damage_healed":0.0,"max_hp_gain":0.0,"max_hp_loss":0.0,"gold_gain":0.0,"event_name":"Lab","player_choice":"Got Potions","floor":5.0,"gold_loss":0.0,"damage_taken":0.0},{"damage_healed":0.0,"max_hp_gain":0.0,"max_hp_loss":0.0,"gold_gain":65.0,"event_name":"Golden Wing","player_choice":"Gained Gold","floor":12.0,"gold_loss":0.0,"damage_taken":0.0},{"cards_removed":["Dagger Throw"],"damage_healed":0,"gold_gain":0,"player_choice":"Gave Card","damage_taken":0,"relics_obtained":["Toxic Egg 2"],"max_hp_gain":0,"max_hp_loss":0,"event_name":"WeMeetAgain","floor":20,"gold_loss":0},{"damage_healed":0,"gold_gain":0,"player_choice":"Shed Blood","damage_taken":27,"max_hp_gain":5,"max_hp_loss":0,"event_name":"Forgotten Altar","floor":30,"gold_loss":0},{"cards_removed":["Bouncing Flask"],"damage_healed":0,"gold_gain":0,"player_choice":"Removed Skill","damage_taken":0,"max_hp_gain":0,"max_hp_loss":0,"event_name":"Falling","floor":37,"gold_loss":0},{"damage_healed":0,"gold_gain":0,"player_choice":"Max HP","damage_taken":0,"max_hp_gain":0,"max_hp_loss":4,"event_name":"Winding Halls","floor":39,"gold_loss":0},{"damage_healed":0,"gold_gain":0,"player_choice":"Memory 3","damage_taken":10,"max_hp_gain":0,"max_hp_loss":0,"event_name":"SensoryStone","floor":48,"gold_loss":0}],"is_beta":false,"boss_relics":[{"not_picked":["Orrery","Calling Bell"],"picked":"Fusion Hammer"},{"not_picked":["Tiny House","Empty Cage"],"picked":"Sozu"}],"items_purged_floors":[31,47],"is_endless":false,"potions_floor_spawned":[2,7,19,27,33,36,42,46],"ascension_level":16}