{"gold_per_floor":[115,115,85,98,98,125,137,163,163,163,163,113,62,72,72,169,169,169,41,41,221,232,232,16,48,48,48,48,61,75,92,92,192,192,207,0,0,100,112,112,112,112,112,112,122,139,159,9,9,9],"floor_reached":51,"playtime":3747,"items_purged":[],"score":638,"play_id":"f0092b71-30a5-4d18-a6bf-e421a8809d83","local_time":"20181218223555","is_ascension_mode":false,"campfire_choices":[{"data":"Neutralize","floor":10.0,"key":"SMITH"},{"floor":15.0,"key":"REST"},{"floor":23.0,"key":"REST"},{"data":"Footwork","floor":27.0,"key":"SMITH"},{"floor":32.0,"key":"REST"},{"data":"Burst","floor":40,"key":"SMITH"},{"data":"After Image","floor":41,"key":"SMITH"},{"data":"Catalyst","floor":42,"key":"SMITH"},{"data":"Setup","floor":44,"key":"SMITH"},{"floor":49,"key":"REST"}],"neow_cost":"TEN_PERCENT_HP_LOSS","seed_source_timestamp":9876751963601,"circlet_count":0,"master_deck":["Defend_G+1","Defend_G","Defend_G","Defend_G","Defend_G","Strike_G+1","Strike_G","Survivor","Neutralize+1","Tools of the Trade+1","Terror+1","Dodge and Roll+1","Corpse Explosion","Acrobatics","Quick Slash","Poisoned Stab","After Image+1","Blade Dance","Panacea","Setup+1","Footwork+1","Deadly Poison","Backflip","Backflip","Reflex","Burst+1","Catalyst+1","Well Laid Plans+1","Deflect+1","Blur","Tactician"],"special_seed":0,"relics":["Ring of the Snake","Anchor","Pen Nib","Ornamental Fan","Sundial","Sozu","Bag of Preparation","Matryoshka","Meat on the Bone","War Paint","Empty Cage","Red Mask","WingedGreaves","Bag of Marbles","Mummified Hand","Oddly Smooth Stone"],"potions_floor_usage":[],"damage_taken":[{"damage":2.0,"enemies":"Small Slimes","floor":1.0,"turns":3.0},{"damage":0.0,"enemies":"2 Louse","floor":4.0,"turns":2.0},{"damage":9.0,"enemies":"Gremlin Nob","floor":6.0,"turns":4.0},{"damage":0.0,"enemies":"Cultist","floor":7.0,"turns":4.0},{"damage":0.0,"enemies":"2 Fungi Beasts","floor":14.0,"turns":4.0},{"damage":3.0,"enemies":"The Guardian","floor":16.0,"turns":13.0},{"damage":0.0,"enemies":"2 Thieves","floor":18.0,"turns":1.0},{"damage":5.0,"enemies":"Colosseum Slavers","floor":20.0,"turns":4.0},{"damage":2.0,"enemies":"3 Byrds","floor":22.0,"turns":3.0},{"damage":39.0,"enemies":"Gremlin Leader","floor":25.0,"turns":10.0},{"damage":0.0,"enemies":"Snecko","floor":29.0,"turns":5.0},{"damage":2.0,"enemies":"Centurion and Healer","floor":30.0,"turns":6.0},{"damage":0.0,"enemies":"Chosen and Byrds","floor":31.0,"turns":5.0},{"damage":23.0,"enemies":"Automaton","floor":33.0,"turns":14.0},{"damage":0.0,"enemies":"3 Darklings","floor":35.0,"turns":4.0},{"damage":2.0,"enemies":"Mind Bloom Boss Battle","floor":38.0,"turns":8.0},{"damage":0,"enemies":"3 Shapes","floor":39,"turns":2},{"damage":8,"enemies":"Jaw Worm Horde","floor":45,"turns":5},{"damage":0,"enemies":"Maw","floor":46,"turns":7},{"damage":0,"enemies":"Spire Growth","floor":47,"turns":7},{"damage":16,"enemies":"Time Eater","floor":50,"turns":11}],"seed_played":"1561737760554119173","potions_obtained":[{"floor":1.0,"key":"GamblersBrew"},{"floor":3.0,"key":"PowerPotion"},{"floor":3.0,"key":"SpeedPotion"},{"floor":16.0,"key":"SmokeBomb"}],"is_trial":false,"path_per_floor":["M","?","?","M","?","E","M","T","T","R","?","?","$","M","R","B",null,"M","$","?","?","M","R","$","E","T","R","$","M","M","M","R","B",null,"M","?","?","?","M","R","R","R","T","R","M","M","M","$","R","B",null],"character_chosen":"THE_SILENT","items_purchased":["Quick Slash","Blade Dance","Panacea","Footwork","Bag of Preparation","Oddly Smooth Stone"],"campfire_rested":4,"item_purchase_floors":[13,19,19,24,24,48],"current_hp_per_floor":[61,61,61,61,48,39,39,39,39,39,21,21,21,21,39,36,63,63,63,58,40,38,56,56,17,17,17,17,29,39,39,57,34,63,63,63,63,61,61,61,61,61,61,61,53,53,53,53,63,47],"gold":9,"neow_bonus":"THREE_RARE_CARDS","is_prod":false,"is_daily":false,"chose_seed":false,"campfire_upgraded":6,"win_rate":0,"timestamp":1545161755,"path_taken":["M","?","?","?","?","E","M","?","T","R","?","?","$","M","R","BOSS","M","$","?","?","?","R","$","E","T","R","?","M","M","M","R","BOSS","M","?","?","?","M","R","R","R","T","R","M","M","M","$","R","BOSS"],"build_version":"2018-12-13","purchased_purges":0,"victory":true,"max_hp_per_floor":[63,63,63,63,63,63,63,63,63,63,63,63,63,63,63,63,63,63,63,63,63,63,63,63,63,63,63,63,63,63,63,63,63,63,63,63,63,63,63,63,63,63,63,63,63,63,63,63,63,63],"card_choices":[{"not_picked":["Phantasmal Killer","Venomology"],"picked":"Tools of the Trade","floor":0.0},{"not_picked":["Finisher","Flying Knee"],"picked":"Terror","floor":1.0},{"not_picked":["Flying Knee","Bane"],"picked":"Dodge and Roll","floor":4.0},{"not_picked":["Deflect","PiercingWail"],"picked":"Corpse Explosion","floor":6.0},{"not_picked":["Concentrate","Blade Dance"],"picked":"Acrobatics","floor":7.0},{"not_picked":["Eviscerate","Outmaneuver"],"picked":"Poisoned Stab","floor":14.0},{"not_picked":["A Thousand Cuts","Die Die Die"],"picked":"After Image","floor":16.0},{"not_picked":["All Out Attack+1","Prepared+1"],"picked":"Setup","floor":22.0},{"not_picked":["Expertise+1","Flying Knee+1"],"picked":"Deadly Poison","floor":25.0},{"not_picked":["Dodge and Roll","Flechettes+1"],"picked":"Backflip","floor":29.0},{"not_picked":["Eviscerate+1","Quick Slash"],"picked":"Backflip","floor":30.0},{"not_picked":["Caltrops+1","Die Die Die"],"picked":"Reflex","floor":31.0},{"not_picked":["Wraith Form v2","Phantasmal Killer"],"picked":"Burst","floor":33.0},{"not_picked":["Skewer+1","Flying Knee+1"],"picked":"Catalyst","floor":35.0},{"not_picked":["Expertise","Slice+1"],"picked":"Well Laid Plans+1","floor":38.0},{"not_picked":["Bane+1","Backstab+1"],"picked":"Deflect+1","floor":39},{"not_picked":["Acrobatics","Blade Dance"],"picked":"Blur","floor":45},{"not_picked":["Riddle With Holes","Infinite Blades+1"],"picked":"Tactician","floor":46},{"not_picked":["Slice+1","Well Laid Plans+1","Deflect+1"],"picked":"SKIP","floor":47}],"player_experience":360374,"relics_obtained":[{"floor":6.0,"key":"Anchor"},{"floor":8.0,"key":"Pen Nib"},{"floor":9.0,"key":"Ornamental Fan"},{"floor":25.0,"key":"Matryoshka"},{"floor":26.0,"key":"Meat on the Bone"},{"floor":26.0,"key":"War Paint"},{"floor":38.0,"key":"WingedGreaves"},{"floor":43,"key":"Bag of Marbles"},{"floor":43,"key":"Mummified Hand"}],"event_choices":[{"damage_healed":0.0,"max_hp_gain":0.0,"max_hp_loss":0.0,"gold_gain":0.0,"event_name":"Living Wall","player_choice":"Grow","floor":2.0,"gold_loss":0.0,"damage_taken":0.0,"cards_upgraded":["Tools of the Trade"]},{"damage_healed":0.0,"max_hp_gain":0.0,"max_hp_loss":0.0,"gold_gain":0.0,"event_name":"The Woman in Blue","player_choice":"Bought 2 Potions","floor":3.0,"gold_loss":0.0,"damage_taken":0.0},{"damage_healed":0.0,"max_hp_gain":0.0,"max_hp_loss":0.0,"gold_gain":0.0,"event_name":"Shining Light","player_choice":"Entered Light","floor":5.0,"gold_loss":0.0,"damage_taken":13.0,"cards_upgraded":["Dodge and Roll","Strike_G"]},{"damage_healed":0.0,"max_hp_gain":0.0,"max_hp_loss":0.0,"gold_gain":0.0,"event_name":"Scrap Ooze","player_choice":"Success","floor":11.0,"gold_loss":0.0,"damage_taken":18.0,"relics_obtained":["Sundial"]},{"cards_removed":["Strike_G"],"damage_healed":0.0,"max_hp_gain":0.0,"max_hp_loss":0.0,"gold_gain":0.0,"event_name":"The Cleric","player_choice":"Card Removal","floor":12.0,"gold_loss":50.0,"damage_taken":0.0},{"damage_healed":0.0,"max_hp_gain":0.0,"max_hp_loss":0.0,"gold_gain":0.0,"event_name":"Colosseum","player_choice":"Fight","floor":20.0,"gold_loss":0.0,"damage_taken":0.0},{"damage_healed":0.0,"max_hp_gain":0.0,"max_hp_loss":0.0,"gold_gain":0.0,"event_name":"Colosseum","player_choice":"Fled From Nobs","floor":20.0,"gold_loss":0.0,"damage_taken":0.0},{"damage_healed":0.0,"max_hp_gain":0.0,"max_hp_loss":0.0,"gold_gain":180.0,"event_name":"Knowing Skull","player_choice":"GOLD GOLD ","floor":21.0,"potions_obtained":[],"gold_loss":0.0,"damage_taken":18.0,"cards_obtained":[]},{"damage_healed":0.0,"max_hp_gain":0.0,"max_hp_loss":0.0,"gold_gain":0.0,"event_name":"Tomb of Lord Red Mask","player_choice":"Paid","floor":36.0,"gold_loss":207.0,"damage_taken":0.0,"relics_obtained":["Red Mask"]},{"damage_healed":0.0,"max_hp_gain":0.0,"max_hp_loss":0.0,"gold_gain":0.0,"event_name":"Mysterious Sphere","player_choice":"Ignored","floor":37.0,"gold_loss":0.0,"damage_taken":0.0},{"damage_healed":0.0,"max_hp_gain":0.0,"max_hp_loss":0.0,"gold_gain":0.0,"event_name":"MindBloom","player_choice":"Fight","floor":38.0,"gold_loss":0.0,"damage_taken":0.0}],"is_beta":false,"boss_relics":[{"not_picked":["Ectoplasm","Coffee Dripper"],"picked":"Sozu"},{"not_picked":["Astrolabe","Fusion Hammer"],"picked":"Empty Cage"}],"items_purged_floors":[],"is_endless":false,"potions_floor_spawned":[1,16,20,25,31,39,47],"ascension_level":0}