{"gold_per_floor":[115,115,133,144,158,158,190,190,240,273,291,291,291,11,11,114,114,126,126,126,55,55,55,68,68,149,149,149,149,161,174,174,275,325,335,352,365,365,365,365,396,418,455,486,531,563,589,611,623,635,647,659,83,113,113],"floor_reached":56,"playtime":3689,"items_purged":["Strike_B","Strike_B"],"score":1369,"play_id":"04ec46f8-effd-405c-b925-a9ac5e560348","local_time":"20190225131709","is_ascension_mode":false,"campfire_choices":[{"data":"Rebound","floor":6.0,"key":"SMITH"},{"data":"Self Repair","floor":8.0,"key":"SMITH"},{"data":"Genetic Algorithm","floor":13.0,"key":"SMITH"},{"data":"Turbo","floor":15.0,"key":"SMITH"},{"data":"Buffer","floor":23.0,"key":"SMITH"},{"data":"Meteor Strike","floor":25.0,"key":"SMITH"},{"data":"Meteor Strike","floor":27.0,"key":"SMITH"},{"data":"Meteor Strike","floor":29.0,"key":"SMITH"},{"data":"Meteor Strike","floor":32.0,"key":"SMITH"},{"data":"Auto Shields","floor":40.0,"key":"SMITH"},{"floor":49.0,"key":"RECALL"},{"data":"Hologram","floor":52.0,"key":"SMITH"}],"neow_cost":"NONE","seed_source_timestamp":0,"circlet_count":0,"master_deck":["Defend_B","Defend_B","Defend_B","Zap","Dualcast","Rebound+1","Genetic Algorithm+1","Turbo+1","Self Repair+1","Meteor Strike+1","Hologram+1","Meteor Strike+1","Buffer+1","Meteor Strike+1","Auto Shields+1","Meteor Strike+1","Buffer+1","Beam Cell+1","Leap+1","Conserve Battery+1","Leap+1","Conserve Battery+1","Hologram+1","Trip+1"],"special_seed":0,"relics":["White Beast Statue","Question Card","Potion Belt","Art of War","DollysMirror","Snecko Eye","Toxic Egg 2","Singing Bowl","Tiny House","MawBank","FossilizedHelix","Oddly Smooth Stone","OrangePellets","Ornamental Fan"],"potions_floor_usage":[55,55,55,55],"damage_taken":[{"damage":10.0,"enemies":"Jaw Worm","floor":1.0,"turns":4.0},{"damage":1.0,"enemies":"2 Louse","floor":3.0,"turns":3.0},{"damage":2.0,"enemies":"Cultist","floor":4.0,"turns":5.0},{"damage":0.0,"enemies":"3 Louse","floor":5.0,"turns":3.0},{"damage":26.0,"enemies":"3 Sentries","floor":7.0,"turns":9.0},{"damage":19.0,"enemies":"Gremlin Nob","floor":10.0,"turns":4.0},{"damage":3.0,"enemies":"Exordium Thugs","floor":11.0,"turns":5.0},{"damage":55.0,"enemies":"The Guardian","floor":16.0,"turns":12.0},{"damage":5.0,"enemies":"Chosen","floor":18.0,"turns":3.0},{"damage":0.0,"enemies":"Shell Parasite","floor":24.0,"turns":2.0},{"damage":0.0,"enemies":"Shelled Parasite and Fungi","floor":30.0,"turns":3.0},{"damage":0.0,"enemies":"Centurion and Healer","floor":31.0,"turns":3.0},{"damage":0.0,"enemies":"Collector","floor":33.0,"turns":7.0},{"damage":0.0,"enemies":"3 Shapes","floor":35.0,"turns":3.0},{"damage":0.0,"enemies":"Orb Walker","floor":36.0,"turns":3.0},{"damage":0.0,"enemies":"Transient","floor":37.0,"turns":5.0},{"damage":0.0,"enemies":"Reptomancer","floor":41.0,"turns":5.0},{"damage":0.0,"enemies":"Jaw Worm Horde","floor":42.0,"turns":4.0},{"damage":1.0,"enemies":"3 Darklings","floor":44.0,"turns":4.0},{"damage":0.0,"enemies":"Giant Head","floor":45.0,"turns":9.0},{"damage":0.0,"enemies":"Writhing Mass","floor":46.0,"turns":5.0},{"damage":0.0,"enemies":"Jaw Worm Horde","floor":47.0,"turns":5.0},{"damage":0.0,"enemies":"Sphere and 2 Shapes","floor":48.0,"turns":4.0},{"damage":20.0,"enemies":"Awakened One","floor":50.0,"turns":14.0},{"damage":0.0,"enemies":"Shield and Spear","floor":54.0,"turns":8.0},{"damage":0,"enemies":"The Heart","floor":55,"turns":10}],"seed_played":"2314738656971039137","potions_obtained":[{"floor":1.0,"key":"Fire Potion"},{"floor":3.0,"key":"Swift Potion"},{"floor":4.0,"key":"AttackPotion"},{"floor":5.0,"key":"FocusPotion"},{"floor":7.0,"key":"Strength Potion"},{"floor":10.0,"key":"EssenceOfSteel"},{"floor":11.0,"key":"SteroidPotion"},{"floor":16.0,"key":"Fire Potion"},{"floor":18.0,"key":"Energy Potion"},{"floor":24.0,"key":"Regen Potion"},{"floor":30.0,"key":"SteroidPotion"},{"floor":31.0,"key":"Energy Potion"},{"floor":33.0,"key":"SteroidPotion"},{"floor":34.0,"key":"SpeedPotion"},{"floor":35.0,"key":"Weak Potion"},{"floor":41.0,"key":"EntropicBrew"},{"floor":42.0,"key":"PowerPotion"},{"floor":46.0,"key":"Block Potion"},{"floor":47.0,"key":"Ancient Potion"}],"is_trial":false,"path_per_floor":["M","?","M","M","M","R","E","R","T","E","M","?","R","$","R","B",null,"M","$","?","$","T","R","M","R","T","R","?","R","M","M","R","B",null,"M","M","M","?","?","R","E","M","T","M","E","M","M","M","R","B",null,"R","$","E","B",null],"character_chosen":"DEFECT","items_purchased":["DollysMirror","Auto Shields","Trip+1","Oddly Smooth Stone","OrangePellets","SpeedPotion"],"campfire_rested":0,"item_purchase_floors":[14,21,53,53,53,53],"current_hp_per_floor":[65,65,64,62,62,62,36,36,36,27,34,59,59,59,59,14,75,75,75,75,75,75,75,75,75,75,75,75,75,77,77,77,77,82,82,84,84,84,80,80,82,84,84,85,86,86,88,88,88,78,88,88,88,90,90],"gold":113,"neow_bonus":"BOSS_RELIC","is_prod":false,"is_daily":false,"chose_seed":false,"campfire_upgraded":11,"win_rate":0,"timestamp":1551089829,"path_taken":["M","?","M","M","M","R","E","R","T","E","M","?","R","$","R","BOSS","M","$","?","$","?","R","M","R","T","R","?","R","M","?","R","BOSS","M","M","M","?","?","R","E","M","T","M","E","M","M","M","R","BOSS","R","$","E","BOSS"],"build_version":"2019-01-23","purchased_purges":2,"victory":true,"max_hp_per_floor":[75,75,75,75,75,75,75,75,75,75,75,75,75,75,75,75,75,75,75,75,75,75,75,75,75,75,75,75,75,77,77,77,77,82,82,84,84,84,80,80,82,84,84,86,86,86,88,88,88,88,88,88,88,90,90],"card_choices":[{"not_picked":["Sweeping Beam","Recycle","Go for the Eyes"],"picked":"SKIP","floor":1.0},{"not_picked":["Coolheaded","Reprogram"],"picked":"Rebound","floor":3.0},{"not_picked":["Stack","Chaos"],"picked":"Genetic Algorithm","floor":4.0},{"not_picked":["Capacitor","Ball Lightning"],"picked":"Turbo","floor":5.0},{"not_picked":["Glacier","Go for the Eyes"],"picked":"Self Repair","floor":7.0},{"not_picked":["Cold Snap","Rip and Tear","Ball Lightning"],"picked":"Meteor Strike","floor":10.0},{"not_picked":["Coolheaded","Defragment","Chill"],"picked":"Hologram","floor":11.0},{"not_picked":["Reboot","Hyperbeam","Amplify"],"picked":"Buffer","floor":16.0},{"not_picked":["Beam Cell","Aggregate","Leap","Ball Lightning"],"picked":"SKIP","floor":18.0},{"not_picked":["Beam Cell","Hello World","Cold Snap","Heatsinks"],"picked":"SKIP","floor":24.0},{"not_picked":["Redo+1","Capacitor","Gash","Sweeping Beam+1"],"picked":"Singing Bowl","floor":30.0},{"not_picked":["Turbo+1","Beam Cell","Defragment+1"],"picked":"Meteor Strike","floor":31.0},{"not_picked":["Electrodynamics","Seek+1","Machine Learning"],"picked":"Buffer","floor":33.0},{"not_picked":["Go for the Eyes+1","Steam+1","Coolheaded+1"],"picked":"Beam Cell+1","floor":34.0},{"not_picked":["Barrage+1","Streamline+1","Stack+1"],"picked":"Leap+1","floor":35.0},{"not_picked":["Hologram+1","Ball Lightning","Biased Cognition","Doom and Gloom+1"],"picked":"Singing Bowl","floor":36.0},{"not_picked":["Beam Cell","Turbo+1","Go for the Eyes"],"picked":"Conserve Battery+1","floor":37.0},{"not_picked":["Defragment+1","Steam+1","Rip and Tear","Biased Cognition"],"picked":"Singing Bowl","floor":41.0},{"not_picked":["Cold Snap","Barrage","Steam+1","Turbo+1"],"picked":"Singing Bowl","floor":42.0},{"not_picked":["Auto Shields+1","Consume+1","Steam+1","Chill+1"],"picked":"Singing Bowl","floor":44.0},{"not_picked":["Auto Shields+1","White Noise+1","Hologram+1"],"picked":"Leap+1","floor":45.0},{"not_picked":["Stack+1","Lockon","Steam+1"],"picked":"Conserve Battery+1","floor":46.0},{"not_picked":["Chill+1","Steam+1","Go for the Eyes+1","Electrodynamics"],"picked":"Singing Bowl","floor":47.0},{"not_picked":["Recycle+1","Glacier+1","FTL+1"],"picked":"Hologram+1","floor":48.0},{"not_picked":["Compile Driver+1","Streamline+1","Stack+1","Self Repair+1"],"picked":"Singing Bowl","floor":54.0}],"player_experience":881923,"relics_obtained":[{"floor":7.0,"key":"Question Card"},{"floor":9.0,"key":"Potion Belt"},{"floor":10.0,"key":"Art of War"},{"floor":22.0,"key":"Toxic Egg 2"},{"floor":26.0,"key":"Singing Bowl"},{"floor":41.0,"key":"MawBank"},{"floor":45.0,"key":"FossilizedHelix"},{"floor":54.0,"key":"Ornamental Fan"}],"event_choices":[{"cards_removed":["Strike_B"],"damage_healed":0.0,"max_hp_gain":0.0,"max_hp_loss":0.0,"gold_gain":0.0,"event_name":"Living Wall","player_choice":"Forget","floor":2.0,"gold_loss":0.0,"damage_taken":0.0},{"damage_healed":25.0,"max_hp_gain":0.0,"max_hp_loss":0.0,"gold_gain":0.0,"event_name":"Big Fish","player_choice":"Banana","floor":12.0,"gold_loss":0.0,"damage_taken":0.0},{"damage_healed":0.0,"max_hp_gain":0.0,"max_hp_loss":0.0,"gold_gain":0.0,"event_name":"Duplicator","player_choice":"Copied","floor":20.0,"gold_loss":0.0,"damage_taken":0.0,"cards_obtained":["Meteor Strike"]},{"cards_removed":["Strike_B"],"damage_healed":0.0,"max_hp_gain":0.0,"max_hp_loss":0.0,"gold_gain":0.0,"event_name":"Purifier","player_choice":"Purged","floor":28.0,"gold_loss":0.0,"damage_taken":0.0},{"cards_removed":["Defend_B"],"damage_healed":0.0,"max_hp_gain":0.0,"max_hp_loss":0.0,"gold_gain":0.0,"event_name":"Falling","player_choice":"Removed Skill","floor":38.0,"gold_loss":0.0,"damage_taken":0.0},{"damage_healed":0.0,"max_hp_gain":0.0,"max_hp_loss":4.0,"gold_gain":0.0,"event_name":"Winding Halls","player_choice":"Max HP","floor":39.0,"gold_loss":0.0,"damage_taken":0.0}],"is_beta":false,"boss_relics":[{"not_picked":["Calling Bell","Eternal Feather"],"picked":"Snecko Eye"},{"not_picked":["Pandora\u0027s Box","Fusion Hammer"],"picked":"Tiny House"}],"items_purged_floors":[14,53],"is_endless":false,"potions_floor_spawned":[1,3,4,5,7,10,11,16,18,24,30,31,33,35,36,37,41,42,44,45,46,47,48,54],"ascension_level":0}