{"gold_per_floor":[112,128,128,144,156,187,362,396,465,465,475,490,518,528,528,633,633,653,224,149,166,166,193,193,223,248,248],"floor_reached":27,"playtime":948,"items_purged":[],"score":358,"play_id":"366ff49d-0ef2-46a6-933f-333c2ff8ee9b","local_time":"20190404203320","is_ascension_mode":true,"campfire_choices":[{"data":"Doubt","floor":10,"key":"PURGE"},{"data":"Armaments","floor":15,"key":"SMITH"}],"neow_cost":"NONE","seed_source_timestamp":293731362162533,"circlet_count":0,"master_deck":["Strike_R","Strike_R","Strike_R","Strike_R","Defend_R","Defend_R","Defend_R","Defend_R","Bash+1","Clash","True Grit","Anger","Spot Weakness","Pommel Strike","Limit Break","Headbutt","Clothesline","Dropkick","Armaments+1","Demon Form","Clash","Heavy Blade+1","Twin Strike","Offering","Blood for Blood"],"relics":["Burning Blood","NeowsBlessing","Pen Nib","Peace Pipe","Bottled Flame","Orichalcum","Fusion Hammer","Juzu Bracelet","Self Forming Clay","Whetstone","Nilry\u0027s Codex","Darkstone Periapt","Smiling Mask"],"potions_floor_usage":[3,13,23,25,27],"damage_taken":[{"damage":0,"enemies":"Small Slimes","floor":1,"turns":1},{"damage":0,"enemies":"Cultist","floor":2,"turns":1},{"damage":0,"enemies":"Jaw Worm","floor":4,"turns":1},{"damage":3,"enemies":"2 Fungi Beasts","floor":5,"turns":3},{"damage":28,"enemies":"3 Sentries","floor":6,"turns":6},{"damage":33,"enemies":"Lagavulin","floor":8,"turns":7},{"damage":0,"enemies":"Large Slime","floor":11,"turns":3},{"damage":13,"enemies":"Exordium Wildlife","floor":12,"turns":3},{"damage":5,"enemies":"3 Sentries","floor":13,"turns":6},{"damage":0,"enemies":"Looter","floor":14,"turns":1},{"damage":26,"enemies":"Slime Boss","floor":16,"turns":12},{"damage":12,"enemies":"3 Byrds","floor":18,"turns":5},{"damage":11,"enemies":"Shell Parasite","floor":21,"turns":4},{"damage":26,"enemies":"Slavers","floor":23,"turns":5},{"damage":24,"enemies":"Book of Stabbing","floor":25,"turns":5},{"damage":29,"enemies":"Slavers","floor":27,"turns":1}],"seed_played":"3480593162520020867","potions_obtained":[{"floor":1,"key":"Energy Potion"},{"floor":3,"key":"Ancient Potion"},{"floor":3,"key":"Dexterity Potion"},{"floor":3,"key":"Fruit Juice"},{"floor":5,"key":"Dexterity Potion"},{"floor":6,"key":"Explosive Potion"},{"floor":14,"key":"SkillPotion"},{"floor":21,"key":"BloodPotion"}],"is_trial":false,"path_per_floor":["M","M","?","M","M","E","?","E","T","R","M","M","E","M","R","B",null,"M","$","?","M","$","E","?","E","T","E"],"character_chosen":"IRONCLAD","items_purchased":["Juzu Bracelet","Heavy Blade","Self Forming Clay"],"campfire_rested":0,"item_purchase_floors":[19,19,19],"current_hp_per_floor":[80,80,85,85,85,63,63,36,36,36,42,35,36,42,42,22,85,79,79,79,74,74,54,38,20,20,0],"gold":248,"neow_bonus":"THREE_ENEMY_KILL","is_prod":false,"is_daily":false,"chose_seed":false,"campfire_upgraded":1,"win_rate":0,"timestamp":1554381200,"path_taken":["M","M","?","M","?","E","?","E","T","R","M","M","E","M","R","BOSS","M","$","?","M","$","E","?","E","T","E"],"build_version":"2019-01-23","purchased_purges":0,"victory":false,"max_hp_per_floor":[80,80,85,85,85,85,85,85,85,85,85,85,85,85,85,85,85,85,85,85,85,85,85,85,85,85,85],"card_choices":[{"not_picked":["Thunderclap","Clothesline"],"picked":"Clash","floor":1},{"not_picked":["Perfected Strike","Pummel"],"picked":"True Grit","floor":2},{"not_picked":["Clothesline","Havoc"],"picked":"Anger","floor":4},{"not_picked":["Shrug It Off","Shockwave"],"picked":"Spot Weakness","floor":5},{"not_picked":["Evolve","Flame Barrier"],"picked":"Pommel Strike","floor":6},{"not_picked":["Bloodletting","Evolve"],"picked":"Limit Break","floor":8},{"not_picked":["Sentinel","Bloodletting"],"picked":"Headbutt","floor":11},{"not_picked":["Body Slam","Havoc"],"picked":"Clothesline","floor":12},{"not_picked":["Pummel","Blood for Blood"],"picked":"Dropkick","floor":13},{"not_picked":["Shockwave","Perfected Strike"],"picked":"Armaments","floor":14},{"not_picked":["Barricade","Berserk"],"picked":"Demon Form","floor":16},{"not_picked":["Warcry","Entrench"],"picked":"Clash","floor":18},{"not_picked":["Shockwave","Hemokinesis"],"picked":"Twin Strike","floor":21},{"not_picked":["Bloodletting+1","Havoc+1"],"picked":"Offering","floor":23},{"not_picked":["Searing Blow","Havoc"],"picked":"Blood for Blood","floor":25}],"player_experience":232245,"relics_obtained":[{"floor":6,"key":"Pen Nib"},{"floor":8,"key":"Peace Pipe"},{"floor":9,"key":"Bottled Flame"},{"floor":13,"key":"Orichalcum"},{"floor":23,"key":"Whetstone"},{"floor":24,"key":"Nilry\u0027s Codex"},{"floor":25,"key":"Darkstone Periapt"},{"floor":26,"key":"Smiling Mask"}],"event_choices":[{"damage_healed":0,"gold_gain":0,"player_choice":"Got Potions","damage_taken":0,"max_hp_gain":0,"max_hp_loss":0,"event_name":"Lab","floor":3,"gold_loss":0},{"damage_healed":0,"gold_gain":175,"player_choice":"AGREE","damage_taken":0,"max_hp_gain":0,"max_hp_loss":0,"event_name":"Liars Game","floor":7,"gold_loss":0,"cards_obtained":["Doubt"]},{"cards_removed":["Strike_R"],"damage_healed":0,"gold_gain":0,"player_choice":"Gave Gold","damage_taken":0,"max_hp_gain":0,"max_hp_loss":0,"event_name":"Beggar","floor":20,"gold_loss":75},{"damage_healed":0,"gold_gain":0,"player_choice":"Obtained Book","damage_taken":16,"max_hp_gain":0,"max_hp_loss":0,"event_name":"Cursed Tome","floor":24,"gold_loss":0}],"is_beta":false,"boss_relics":[{"not_picked":["Runic Pyramid","Ectoplasm"],"picked":"Fusion Hammer"}],"items_purged_floors":[],"is_endless":false,"potions_floor_spawned":[1,5,6,8,14,21],"killed_by":"Slavers","ascension_level":4}