{"gold_per_floor":[115,126,146,162,17,52,52,227,254,272,272,284,299,317,317,317],"floor_reached":16,"playtime":1372,"items_purged":[],"score":131,"play_id":"8f5b4dc7-5a51-4168-bd9e-74e28484f01f","local_time":"20181007202219","is_ascension_mode":false,"campfire_choices":[{"data":"Feed","floor":7,"key":"SMITH"},{"floor":15,"key":"REST"}],"neow_cost":"NONE","seed_source_timestamp":33205216781810,"circlet_count":0,"master_deck":["Strike_R","Strike_R","Strike_R","Strike_R+1","Defend_R","Defend_R","Defend_R","Defend_R","Bash","Rage","Flex","Anger+1","Ghostly Armor","Body Slam","Feed+1","Doubt","Armaments","Body Slam","Shrug It Off"],"relics":["Burning Blood","Whetstone","Smiling Mask","Strawberry"],"potions_floor_usage":[16,16],"damage_taken":[{"damage":4,"enemies":"Cultist","floor":1,"turns":4},{"damage":0,"enemies":"2 Louse","floor":2,"turns":3},{"damage":0,"enemies":"Jaw Worm","floor":3,"turns":3},{"damage":3,"enemies":"Red Slaver","floor":4,"turns":6},{"damage":39,"enemies":"Lagavulin","floor":6,"turns":7},{"damage":19,"enemies":"Large Slime","floor":10,"turns":9},{"damage":28,"enemies":"Exordium Thugs","floor":12,"turns":8},{"damage":3,"enemies":"Exordium Wildlife","floor":13,"turns":4},{"damage":0,"enemies":"2 Fungi Beasts","floor":14,"turns":3},{"damage":56,"enemies":"Slime Boss","floor":16,"turns":11}],"seed_played":"6655606414586046153","potions_obtained":[{"floor":3,"key":"Ancient Potion"},{"floor":6,"key":"EssenceOfSteel"},{"floor":12,"key":"Ancient Potion"},{"floor":14,"key":"SpeedPotion"}],"is_trial":false,"path_per_floor":["M","M","M","M","$","E","R","?","T","M","?","M","M","M","R"],"character_chosen":"IRONCLAD","items_purchased":["Whetstone"],"campfire_rested":1,"item_purchase_floors":[5],"current_hp_per_floor":[80,80,80,80,80,47,47,47,54,45,36,14,17,27,55,0],"gold":317,"neow_bonus":"TRANSFORM_CARD","is_prod":false,"is_daily":false,"chose_seed":false,"campfire_upgraded":1,"win_rate":0,"timestamp":1538932939,"path_taken":["M","?","M","M","$","E","R","?","T","M","?","M","M","M","R","BOSS"],"build_version":"2018-10-04v2","purchased_purges":0,"victory":false,"max_hp_per_floor":[80,80,80,80,80,80,80,80,87,91,91,91,91,95,95,95],"card_choices":[{"not_picked":["Twin Strike","Fire Breathing"],"picked":"Flex","floor":1},{"not_picked":["Wild Strike","Flex"],"picked":"Anger","floor":2},{"not_picked":["Flame Barrier","Entrench"],"picked":"Ghostly Armor","floor":3},{"not_picked":["Blood for Blood","Armaments"],"picked":"Body Slam","floor":4},{"not_picked":["Entrench","Anger"],"picked":"Feed","floor":6},{"not_picked":["Thunderclap","Body Slam"],"picked":"Armaments","floor":10},{"not_picked":["Combust","Cleave"],"picked":"Body Slam","floor":12},{"not_picked":["Clash","Corruption"],"picked":"Shrug It Off","floor":13},{"not_picked":["Feel No Pain","Bludgeon","Cleave"],"picked":"SKIP","floor":14}],"player_experience":49848,"relics_obtained":[{"floor":6,"key":"Smiling Mask"},{"floor":9,"key":"Strawberry"}],"event_choices":[{"event_name":"Liars Game","player_choice":"agreed","floor":8,"damage_taken":0},{"event_name":"Wheel of Change","player_choice":"Damage","floor":11,"damage_taken":0}],"is_beta":false,"boss_relics":[],"items_purged_floors":[],"is_endless":false,"potions_floor_spawned":[3,6,12,14],"killed_by":"Slime Boss","ascension_level":0}