{"gold_per_floor":[119,119,119,139,139,180,180,196,219,144,144,163,199,212,212,333,333,358,358,369,3069,3083,3083,3099,2416,2416,2432,2707,1851,1851,1865,1865,1964,1964,1976,1995,2006,1035,2034,2034,2066,2066,2092,2104,1065,1065,303,303,303],"floor_reached":50,"playtime":2354,"items_purged":["Strike_B","Strike_B","Regret","Strike_B","Normality","Strike_B+1"],"score":755,"play_id":"30512bb5-1a19-4e4c-b269-172e8baa2413","local_time":"20190226102447","is_ascension_mode":false,"campfire_choices":[{"data":"Capacitor","floor":7.0,"key":"SMITH"},{"data":"Zap","floor":11.0,"key":"SMITH"},{"floor":15.0,"key":"REST"},{"floor":23,"key":"REST"},{"data":"Defragment","floor":30,"key":"SMITH"},{"data":"Machine Learning","floor":32,"key":"SMITH"},{"data":"Apotheosis","floor":40,"key":"SMITH"},{"data":"Self Repair","floor":46,"key":"SMITH"}],"neow_cost":"NONE","seed_source_timestamp":0,"circlet_count":0,"master_deck":["Defend_B+1","Defend_B+1","Defend_B","Defend_B","Zap+1","Dualcast","Consume+1","Capacitor+1","Melter+1","Stack","FTL","Ball Lightning+1","Ball Lightning","BootSequence","Leap","Machine Learning+1","Self Repair+1","Glacier","Finesse","Defragment+1","Coolheaded+1","Master of Strategy","Good Instincts","Ball Lightning+1","Conserve Battery+1","Tempest+1","Apotheosis+1","Lockon","Normality","Loop+1","Reinforced Body","Thinking Ahead","Core Surge"],"special_seed":0,"relics":["Orrery","Bloody Idol","War Paint","Vajra","Cables","Runic Dome","ClockworkSouvenir","Oddly Smooth Stone","WingedGreaves","Bronze Scales","Bottled Tornado","White Beast Statue","Medical Kit","Regal Pillow","Meat on the Bone","Bag of Marbles","Whetstone","Omamori","Art of War","OrangePellets","DataDisk","Centennial Puzzle","Lee\u0027s Waffle"],"potions_floor_usage":[22,27,33,41,44,49,49,49],"damage_taken":[{"damage":5.0,"enemies":"Small Slimes","floor":1.0,"turns":4.0},{"damage":1.0,"enemies":"Cultist","floor":4.0,"turns":3.0},{"damage":18.0,"enemies":"Gremlin Nob","floor":6.0,"turns":4.0},{"damage":0.0,"enemies":"Jaw Worm","floor":8.0,"turns":3.0},{"damage":2.0,"enemies":"Exordium Thugs","floor":12.0,"turns":4.0},{"damage":13.0,"enemies":"Lagavulin","floor":13.0,"turns":5.0},{"damage":0.0,"enemies":"Blue Slaver","floor":14.0,"turns":3.0},{"damage":1.0,"enemies":"Hexaghost","floor":16.0,"turns":7.0},{"damage":13.0,"enemies":"2 Thieves","floor":18.0,"turns":4.0},{"damage":17.0,"enemies":"3 Byrds","floor":20.0,"turns":5.0},{"damage":2,"enemies":"Shelled Parasite and Fungi","floor":22,"turns":4},{"damage":6,"enemies":"Sentry and Sphere","floor":24,"turns":4},{"damage":0,"enemies":"Snake Plant","floor":27,"turns":5},{"damage":0,"enemies":"Centurion and Healer","floor":31,"turns":8},{"damage":19,"enemies":"Automaton","floor":33,"turns":9},{"damage":1,"enemies":"Orb Walker","floor":35,"turns":3},{"damage":3,"enemies":"3 Darklings","floor":36,"turns":6},{"damage":21,"enemies":"Writhing Mass","floor":37,"turns":5},{"damage":26,"enemies":"Giant Head","floor":41,"turns":7},{"damage":9,"enemies":"4 Shapes","floor":44,"turns":4},{"damage":22,"enemies":"Awakened One","floor":49,"turns":12}],"seed_played":"-7261449699013788222","potions_obtained":[{"floor":4.0,"key":"SneckoOil"},{"floor":5.0,"key":"Fire Potion"},{"floor":5.0,"key":"FairyPotion"},{"floor":5.0,"key":"GamblersBrew"},{"floor":12.0,"key":"SpeedPotion"},{"floor":13.0,"key":"FocusPotion"},{"floor":14.0,"key":"Swift Potion"},{"floor":18.0,"key":"EssenceOfSteel"},{"floor":27,"key":"Strength Potion"},{"floor":35,"key":"Ancient Potion"},{"floor":41,"key":"Explosive Potion"},{"floor":44,"key":"AttackPotion"}],"is_trial":false,"path_per_floor":["M","?","?","M","?","E","R","M","T","$","R","M","E","M","R","B",null,"M","?","M","?","M","R","M","$","T","M","?","$","R","M","R","B",null,"M","M","M","$","?","R","E","?","T","M","$","R","$","?","B",null],"character_chosen":"DEFECT","items_purchased":["ClockworkSouvenir","Oddly Smooth Stone","Finesse","Regen Potion","Defragment","Bronze Scales","Bottled Tornado","Block Potion","Master of Strategy","Good Instincts","Medical Kit","Regal Pillow","Meat on the Bone","Apotheosis","Lockon","Omamori","Art of War","OrangePellets","Thinking Ahead","Core Surge","Energy Potion","DataDisk","Centennial Puzzle","Lee\u0027s Waffle","Dexterity Potion"],"campfire_rested":2,"item_purchase_floors":[25,25,25,25,25,29,29,29,29,29,38,38,38,38,38,45,45,45,45,45,45,47,47,47,47],"current_hp_per_floor":[70,55,55,54,54,36,36,36,36,36,36,34,21,21,41,40,69,56,56,44,8,11,31,37,37,37,63,68,68,68,69,69,62,69,69,69,60,60,65,65,54,54,59,55,55,55,76,76,64],"gold":303,"neow_bonus":"BOSS_RELIC","is_prod":false,"is_daily":false,"chose_seed":false,"campfire_upgraded":6,"win_rate":0,"timestamp":1551165887,"path_taken":["M","?","?","M","?","E","R","?","T","$","R","M","E","M","R","BOSS","M","?","M","?","M","R","M","$","T","?","?","$","R","M","R","BOSS","M","?","M","$","?","R","E","?","T","M","$","R","$","?","BOSS"],"build_version":"2019-01-23","purchased_purges":6,"victory":true,"max_hp_per_floor":[75,75,69,69,69,69,69,69,69,69,69,69,69,69,69,69,69,69,69,69,69,69,69,69,69,69,69,69,69,69,69,69,69,69,69,69,69,69,69,69,69,69,69,69,69,69,76,76,76],"card_choices":[{"not_picked":["Beam Cell","Conserve Battery"],"picked":"Consume","floor":0.0},{"not_picked":["Rebound","Streamline"],"picked":"Capacitor","floor":0.0},{"not_picked":["Compile Driver","Rebound"],"picked":"Melter","floor":0.0},{"not_picked":["Gash","Go for the Eyes"],"picked":"Stack","floor":0.0},{"not_picked":["Rebound","Cold Snap"],"picked":"FTL","floor":0.0},{"not_picked":["Streamline","Turbo"],"picked":"Ball Lightning","floor":1.0},{"not_picked":["Amplify","Steam Power","Rebound"],"picked":"SKIP","floor":4.0},{"not_picked":["Stack","Conserve Battery"],"picked":"Ball Lightning","floor":6.0},{"not_picked":["Genetic Algorithm","Leap"],"picked":"BootSequence","floor":8.0},{"not_picked":["Redo","Undo"],"picked":"Leap","floor":12.0},{"not_picked":["FTL","Redo","Barrage"],"picked":"SKIP","floor":13.0},{"not_picked":["Turbo","Genetic Algorithm","Consume"],"picked":"SKIP","floor":14.0},{"not_picked":["Biased Cognition","Thunder Strike"],"picked":"Machine Learning","floor":16.0},{"not_picked":["Barrage","Recycle","BootSequence"],"picked":"SKIP","floor":18.0},{"not_picked":["Barrage","Recycle","BootSequence"],"picked":"SKIP","floor":18.0},{"not_picked":["Redo","Conserve Battery","Beam Cell"],"picked":"SKIP","floor":20.0},{"not_picked":["Stack","Rebound"],"picked":"Self Repair","floor":22},{"not_picked":["Rip and Tear","Auto Shields"],"picked":"Glacier","floor":24},{"not_picked":["Cold Snap","Streamline"],"picked":"Coolheaded+1","floor":27},{"not_picked":["Streamline","Beam Cell+1"],"picked":"Ball Lightning+1","floor":31},{"not_picked":["Creative AI","Core Surge"],"picked":"Reboot","floor":33},{"not_picked":["Coolheaded","Static Discharge"],"picked":"Conserve Battery+1","floor":35},{"not_picked":["Rip and Tear","Aggregate","Turbo"],"picked":"SKIP","floor":36},{"not_picked":["BootSequence+1","Storm+1"],"picked":"Tempest+1","floor":37},{"not_picked":["Leap+1","Conserve Battery+1"],"picked":"Loop+1","floor":41},{"not_picked":["Turbo+1","Undo+1"],"picked":"Reinforced Body","floor":44}],"player_experience":913836,"relics_obtained":[{"floor":6.0,"key":"War Paint"},{"floor":9.0,"key":"Vajra"},{"floor":13.0,"key":"Cables"},{"floor":26,"key":"WingedGreaves"},{"floor":41,"key":"Bag of Marbles"},{"floor":43,"key":"Whetstone"}],"event_choices":[{"damage_healed":0.0,"max_hp_gain":0.0,"max_hp_loss":0.0,"gold_gain":0.0,"event_name":"Shining Light","player_choice":"Entered Light","floor":2.0,"gold_loss":0.0,"damage_taken":15.0,"cards_upgraded":["Consume","Melter"]},{"damage_healed":0.0,"max_hp_gain":0.0,"max_hp_loss":6.0,"gold_gain":0.0,"event_name":"Golden Idol","player_choice":"Lose Max HP","floor":3.0,"gold_loss":0.0,"damage_taken":0.0,"relics_obtained":["Golden Idol"]},{"damage_healed":0.0,"max_hp_gain":0.0,"max_hp_loss":0.0,"gold_gain":0.0,"event_name":"Lab","player_choice":"Got Potions","floor":5.0,"gold_loss":0.0,"damage_taken":0.0},{"damage_healed":0.0,"max_hp_gain":0.0,"max_hp_loss":0.0,"gold_gain":0.0,"event_name":"Forgotten Altar","player_choice":"Gave Idol","floor":19.0,"relics_lost":["Golden Idol"],"gold_loss":0.0,"damage_taken":0.0,"relics_obtained":["Bloody Idol"]},{"damage_healed":0,"gold_gain":2700,"player_choice":"GOLD GOLD GOLD GOLD GOLD GOLD GOLD GOLD GOLD GOLD GOLD GOLD GOLD GOLD GOLD GOLD GOLD GOLD GOLD GOLD GOLD GOLD GOLD GOLD GOLD GOLD GOLD GOLD GOLD GOLD ","damage_taken":186,"max_hp_gain":0,"max_hp_loss":0,"event_name":"Knowing Skull","floor":21,"potions_obtained":[],"gold_loss":0,"cards_obtained":[]},{"damage_healed":0,"gold_gain":275,"player_choice":"Desecrate","damage_taken":0,"max_hp_gain":0,"max_hp_loss":0,"event_name":"Golden Shrine","floor":28,"gold_loss":0,"cards_obtained":["Regret"]},{"damage_healed":0,"gold_gain":999,"player_choice":"Gold","damage_taken":0,"max_hp_gain":0,"max_hp_loss":0,"event_name":"MindBloom","floor":39,"gold_loss":0,"cards_obtained":["Normality","Normality"]},{"cards_removed":["Reboot"],"damage_healed":0,"gold_gain":0,"player_choice":"Removed Skill","damage_taken":0,"max_hp_gain":0,"max_hp_loss":0,"event_name":"Falling","floor":42,"gold_loss":0},{"damage_healed":0,"gold_gain":0,"player_choice":"Took Portal","damage_taken":0,"max_hp_gain":0,"max_hp_loss":0,"event_name":"SecretPortal","floor":48,"gold_loss":0}],"is_beta":false,"boss_relics":[{"not_picked":["Snecko Eye","Eternal Feather"],"picked":"Runic Dome"},{"not_picked":["Tiny House","Sozu"],"picked":"White Beast Statue"}],"items_purged_floors":[10,25,29,38,45,47],"is_endless":false,"potions_floor_spawned":[4,12,13,14,18,27,35,36,37,41,44],"ascension_level":0}