{"gold_per_floor":[18,34,51,70,70,70,99,99,99,124,124,135,151,84,84,157,157,157,157,72,72,72],"floor_reached":22,"playtime":1401,"items_purged":[],"score":366,"play_id":"ddbc182a-8177-42e9-8119-0b87db57cfff","local_time":"20190112222237","is_ascension_mode":true,"campfire_choices":[{"floor":6.0,"key":"REST"},{"floor":8.0,"key":"REST"},{"floor":15.0,"key":"REST"}],"neow_cost":"NO_GOLD","seed_source_timestamp":43205064856212,"circlet_count":0,"master_deck":["AscendersBane","Defend_G","Defend_G","Defend_G","Defend_G","Defend_G","Strike_G","Strike_G","Strike_G","Strike_G","Strike_G","Survivor","Neutralize","Chrysalis","Panacea","Flying Knee","Infinite Blades","Sucker Punch","Bouncing Flask+1","Backflip","Calculated Gamble","Well Laid Plans","Night Terror","Dodge and Roll","Backstab","Deflect+1"],"special_seed":0,"relics":["Ring of the Snake","Ancient Tea Set","Kunai","Torii","Letter Opener","Ectoplasm","WingedGreaves"],"potions_floor_usage":[22],"damage_taken":[{"damage":17.0,"enemies":"Cultist","floor":1.0,"turns":6.0},{"damage":0.0,"enemies":"Small Slimes","floor":2.0,"turns":5.0},{"damage":0.0,"enemies":"2 Louse","floor":3.0,"turns":4.0},{"damage":11.0,"enemies":"2 Fungi Beasts","floor":4.0,"turns":5.0},{"damage":27.0,"enemies":"3 Sentries","floor":7.0,"turns":9.0},{"damage":18.0,"enemies":"Gremlin Nob","floor":10.0,"turns":4.0},{"damage":1.0,"enemies":"Red Slaver","floor":12.0,"turns":3.0},{"damage":12.0,"enemies":"Exordium Thugs","floor":13.0,"turns":5.0},{"damage":2,"enemies":"The Guardian","floor":16,"turns":7},{"damage":24,"enemies":"Shell Parasite","floor":18,"turns":6},{"damage":12,"enemies":"Chosen","floor":19,"turns":4},{"damage":9,"enemies":"Shelled Parasite and Fungi","floor":21,"turns":6},{"damage":19,"enemies":"3 Cultists","floor":22,"turns":3}],"seed_played":"1376555931290904944","potions_obtained":[{"floor":2.0,"key":"PowerPotion"},{"floor":4.0,"key":"GhostInAJar"},{"floor":12.0,"key":"FearPotion"},{"floor":13.0,"key":"GhostInAJar"},{"floor":16,"key":"Ancient Potion"},{"floor":18,"key":"Poison Potion"}],"is_trial":false,"path_per_floor":["M","M","M","M","?","R","E","R","T","E","?","M","M","?","R","B",null,"M","M","?","M","M"],"character_chosen":"THE_SILENT","items_purchased":[],"campfire_rested":3,"item_purchase_floors":[],"current_hp_per_floor":[42,42,42,31,31,50,23,42,42,24,24,23,11,11,30,28,57,33,21,21,12,0],"gold":72,"neow_bonus":"RANDOM_COLORLESS_2","is_prod":false,"is_daily":false,"chose_seed":false,"campfire_upgraded":0,"win_rate":0,"timestamp":1547320957,"path_taken":["M","M","?","M","?","R","E","R","T","E","?","M","M","?","R","BOSS","M","M","?","M","M"],"build_version":"2019-01-10","purchased_purges":0,"victory":false,"max_hp_per_floor":[66,66,66,66,66,66,66,66,66,66,66,66,66,66,66,66,66,66,66,66,66,66],"card_choices":[{"not_picked":["Deflect","Slice"],"picked":"Flying Knee","floor":1.0},{"not_picked":["Acrobatics","Poisoned Stab"],"picked":"Infinite Blades","floor":2.0},{"not_picked":["Eviscerate","Blade Dance"],"picked":"Sucker Punch","floor":3.0},{"not_picked":["Footwork","Underhanded Strike"],"picked":"Bouncing Flask","floor":4.0},{"not_picked":["Quick Slash","Setup"],"picked":"Backflip","floor":7.0},{"not_picked":["Dagger Spray","Accuracy","Sucker Punch"],"picked":"SKIP","floor":10.0},{"not_picked":["Dodge and Roll","Expertise"],"picked":"Calculated Gamble","floor":12.0},{"not_picked":["Masterful Stab","Outmaneuver"],"picked":"Well Laid Plans","floor":13.0},{"not_picked":["Die Die Die","Doppelganger"],"picked":"Night Terror","floor":16},{"not_picked":["Expertise","Blade Dance"],"picked":"Dodge and Roll","floor":18},{"not_picked":["Underhanded Strike","Eviscerate"],"picked":"Backstab","floor":19},{"not_picked":["Dagger Throw","Blade Dance"],"picked":"Deflect+1","floor":21}],"player_experience":455460,"relics_obtained":[{"floor":7.0,"key":"Ancient Tea Set"},{"floor":9.0,"key":"Kunai"},{"floor":10.0,"key":"Torii"}],"event_choices":[{"damage_healed":0.0,"max_hp_gain":0.0,"max_hp_loss":0.0,"gold_gain":0.0,"event_name":"Living Wall","player_choice":"Grow","floor":5.0,"gold_loss":0.0,"damage_taken":0.0,"cards_upgraded":["Bouncing Flask"]},{"damage_healed":0.0,"max_hp_gain":0.0,"max_hp_loss":0.0,"gold_gain":0.0,"event_name":"Dead Adventurer","player_choice":"Searched \u00271\u0027 times","floor":11.0,"gold_loss":0.0,"damage_taken":0.0,"relics_obtained":["Letter Opener"]},{"damage_healed":0.0,"max_hp_gain":0.0,"max_hp_loss":0.0,"gold_gain":0.0,"event_name":"World of Goop","player_choice":"Left Gold","floor":14.0,"gold_loss":67.0,"damage_taken":0.0},{"damage_healed":0,"gold_gain":0,"player_choice":"Obtained Relic","damage_taken":0,"relics_obtained":["WingedGreaves"],"max_hp_gain":0,"max_hp_loss":0,"event_name":"Addict","floor":20,"gold_loss":85}],"is_beta":false,"boss_relics":[{"not_picked":["Fusion Hammer","White Beast Statue"],"picked":"Ectoplasm"}],"items_purged_floors":[],"is_endless":false,"potions_floor_spawned":[2,4,12,13,16,18],"killed_by":"3 Cultists","ascension_level":17}