{"gold_per_floor":[113,126,126,1,1,1,1,16,16,16,31,31,63,23,23,23],"floor_reached":16,"playtime":483,"items_purged":["Decay"],"score":118,"play_id":"d88e18ae-3a02-4807-bb8c-f405632d8ea3","local_time":"20190106171508","is_ascension_mode":true,"campfire_choices":[{"data":"Neutralize","floor":6,"key":"SMITH"},{"data":"Quick Slash","floor":10,"key":"SMITH"},{"data":"Caltrops","floor":12,"key":"SMITH"},{"floor":15,"key":"REST"}],"neow_cost":"CURSE","seed_source_timestamp":18311111701527,"circlet_count":0,"master_deck":["Defend_G","Defend_G","Defend_G","Defend_G","Defend_G","Strike_G","Strike_G","Strike_G","Strike_G","Survivor","Neutralize+1","Backflip","Dodge and Roll","Backflip","Quick Slash+1","Caltrops+1"],"relics":["Ring of the Snake","Kunai","Ornamental Fan","Ancient Tea Set"],"potions_floor_usage":[13],"damage_taken":[{"damage":12,"enemies":"Small Slimes","floor":1,"turns":4},{"damage":8,"enemies":"2 Louse","floor":2,"turns":4},{"damage":0,"enemies":"Jaw Worm","floor":8,"turns":6},{"damage":3,"enemies":"Exordium Wildlife","floor":11,"turns":6},{"damage":26,"enemies":"Gremlin Nob","floor":13,"turns":5},{"damage":59,"enemies":"Slime Boss","floor":16,"turns":11}],"seed_played":"-3806817106314993563","potions_obtained":[{"floor":8,"key":"Energy Potion"},{"floor":11,"key":"SteroidPotion"}],"is_trial":false,"path_per_floor":["M","M","?","$","?","R","$","M","T","R","M","R","E","?","R","B"],"character_chosen":"THE_SILENT","items_purchased":["Backflip"],"campfire_rested":1,"item_purchase_floors":[4],"current_hp_per_floor":[72,64,57,57,50,50,50,50,50,50,47,47,21,21,46,0],"gold":23,"neow_bonus":"TWENTY_PERCENT_HP_BONUS","is_prod":false,"is_daily":false,"chose_seed":false,"campfire_upgraded":3,"win_rate":0,"timestamp":1546784108,"path_taken":["M","M","?","$","?","R","$","M","T","R","M","R","E","?","R","BOSS"],"build_version":"2019-01-03v4","purchased_purges":1,"victory":false,"max_hp_per_floor":[84,84,84,84,84,84,84,84,84,84,84,84,84,84,84,84],"card_choices":[{"not_picked":["Poisoned Stab","Dagger Throw"],"picked":"Backflip","floor":1},{"not_picked":["Riddle With Holes","Flying Knee"],"picked":"Dodge and Roll","floor":2},{"not_picked":["Acrobatics","Setup"],"picked":"Quick Slash","floor":8},{"not_picked":["Setup","Flying Knee"],"picked":"Caltrops","floor":11},{"not_picked":["Finisher","Reflex","Accuracy"],"picked":"SKIP","floor":13}],"player_experience":390784,"relics_obtained":[{"floor":9,"key":"Ornamental Fan"},{"floor":13,"key":"Ancient Tea Set"}],"event_choices":[{"damage_healed":0,"gold_gain":0,"player_choice":"Success","damage_taken":7,"relics_obtained":["Kunai"],"max_hp_gain":0,"max_hp_loss":0,"event_name":"Scrap Ooze","floor":3,"gold_loss":0},{"cards_removed":["Strike_G"],"damage_healed":0,"gold_gain":0,"player_choice":"Card Removal","damage_taken":7,"max_hp_gain":0,"max_hp_loss":0,"event_name":"Golden Wing","floor":5,"gold_loss":0},{"damage_healed":0,"gold_gain":0,"player_choice":"Left Gold","damage_taken":0,"max_hp_gain":0,"max_hp_loss":0,"event_name":"World of Goop","floor":14,"gold_loss":40}],"is_beta":false,"boss_relics":[],"items_purged_floors":[4],"is_endless":false,"potions_floor_spawned":[8,11],"killed_by":"Slime Boss","ascension_level":4}