{"gold_per_floor":[117,117,117,133,152,188,188],"floor_reached":7,"playtime":227,"items_purged":[],"score":56,"play_id":"ce8f03d3-0fb0-4ab4-876d-f46e9073ddf9","local_time":"20181227221608","is_ascension_mode":true,"campfire_choices":[],"neow_cost":"NONE","seed_source_timestamp":11441303019318,"circlet_count":0,"master_deck":["Defend_G","Defend_G","Defend_G","Defend_G","Defend_G","Strike_G","Strike_G","Strike_G","Strike_G","Survivor","Neutralize","Sucker Punch","Quick Slash","Die Die Die"],"relics":["Ring of the Snake","NeowsBlessing","Golden Idol","Vajra"],"potions_floor_usage":[6],"damage_taken":[{"damage":0,"enemies":"2 Louse","floor":1,"turns":1},{"damage":0,"enemies":"Small Slimes","floor":4,"turns":1},{"damage":0,"enemies":"Jaw Worm","floor":5,"turns":1},{"damage":37,"enemies":"3 Sentries","floor":6,"turns":14},{"damage":11,"enemies":"Lots of Slimes","floor":7,"turns":1}],"seed_played":"-1041146395870694606","potions_obtained":[{"floor":5,"key":"GamblersBrew"},{"floor":6,"key":"Regen Potion"}],"is_trial":false,"path_per_floor":["M","?","?","M","M","E","M"],"character_chosen":"THE_SILENT","items_purchased":[],"campfire_rested":0,"item_purchase_floors":[],"current_hp_per_floor":[70,63,46,46,46,9,0],"gold":188,"neow_bonus":"THREE_ENEMY_KILL","is_prod":false,"is_daily":false,"chose_seed":false,"campfire_upgraded":0,"win_rate":0,"timestamp":1545938168,"path_taken":["M","?","?","M","?","E","?"],"build_version":"2018-12-20","purchased_purges":0,"victory":false,"max_hp_per_floor":[70,70,70,70,70,70,70],"card_choices":[{"not_picked":["Flying Knee","Quick Slash"],"picked":"Sucker Punch","floor":1},{"not_picked":["Dagger Spray","Sucker Punch","Dagger Throw"],"picked":"SKIP","floor":4},{"not_picked":["Bane","Acrobatics"],"picked":"Quick Slash","floor":5},{"not_picked":["Underhanded Strike","Dodge and Roll"],"picked":"Die Die Die","floor":6}],"player_experience":378877,"relics_obtained":[{"floor":6,"key":"Vajra"}],"event_choices":[{"cards_removed":["Strike_G"],"damage_healed":0,"gold_gain":0,"player_choice":"Card Removal","damage_taken":7,"max_hp_gain":0,"max_hp_loss":0,"event_name":"Golden Wing","floor":2,"gold_loss":0},{"damage_healed":0,"gold_gain":0,"player_choice":"Take Damage","damage_taken":17,"relics_obtained":["Golden Idol"],"max_hp_gain":0,"max_hp_loss":0,"event_name":"Golden Idol","floor":3,"gold_loss":0}],"is_beta":false,"boss_relics":[],"items_purged_floors":[],"is_endless":false,"potions_floor_spawned":[5,6],"killed_by":"Lots of Slimes","ascension_level":2}