{"gold_per_floor":[359,17,17,36,46,46,73,73,141,14,28,28,28,46,46,124,124,143,143,158,191,191,191],"floor_reached":23,"playtime":867,"items_purged":["Strike_G"],"score":340,"play_id":"a443c0b0-1223-400c-bc98-e7222f553dbd","local_time":"20190501205707","is_ascension_mode":true,"campfire_choices":[{"data":"Corpse Explosion","floor":6.0,"key":"SMITH"},{"floor":8.0,"key":"REST"},{"data":"Bouncing Flask","floor":12.0,"key":"SMITH"},{"data":"Reflex","floor":15.0,"key":"SMITH"}],"neow_cost":"TEN_PERCENT_HP_LOSS","seed_source_timestamp":1727867012024615,"circlet_count":0,"master_deck":["AscendersBane","Defend_G","Defend_G","Defend_G","Defend_G","Defend_G","Strike_G","Strike_G","Survivor","Neutralize","Acrobatics","Corpse Explosion+1","Bouncing Flask+1","Backflip","Bane","Reflex+1","Tools of the Trade+1","Calculated Gamble","Acrobatics","PiercingWail","Envenom+1","Underhanded Strike","Choke","Decay"],"special_seed":0,"relics":["Ring of the Snake","Frozen Egg 2","Bag of Preparation","Blue Candle","Orrery","Red Mask"],"potions_floor_usage":[23],"damage_taken":[{"damage":5.0,"enemies":"2 Louse","floor":1.0,"turns":3.0},{"damage":0.0,"enemies":"Cultist","floor":4.0,"turns":3.0},{"damage":0.0,"enemies":"Small Slimes","floor":5.0,"turns":3.0},{"damage":28.0,"enemies":"Lagavulin","floor":7.0,"turns":6.0},{"damage":0.0,"enemies":"Exordium Wildlife","floor":11.0,"turns":2.0},{"damage":1.0,"enemies":"3 Louse","floor":14.0,"turns":4.0},{"damage":25.0,"enemies":"Hexaghost","floor":16.0,"turns":9.0},{"damage":20.0,"enemies":"2 Thieves","floor":18.0,"turns":3.0},{"damage":6.0,"enemies":"Spheric Guardian","floor":20.0,"turns":3.0},{"damage":25.0,"enemies":"Masked Bandits","floor":21.0,"turns":3.0},{"damage":3,"enemies":"Snake Plant","floor":23,"turns":4}],"seed_played":"-6436352969243960811","potions_obtained":[{"floor":4.0,"key":"Ancient Potion"},{"floor":14.0,"key":"Energy Potion"}],"is_trial":false,"path_per_floor":["M","$","?","M","M","R","E","R","T","$","M","R","?","M","R","B",null,"M","?","M","?","?","M"],"character_chosen":"THE_SILENT","items_purchased":["Frozen Egg 2","Fire Potion","Bane"],"campfire_rested":1,"item_purchase_floors":[2,2,10],"current_hp_per_floor":[54,54,54,54,54,54,26,44,44,44,44,44,49,48,48,23,55,35,35,29,4,4,1],"gold":191,"neow_bonus":"TWO_FIFTY_GOLD","is_prod":false,"is_daily":false,"chose_seed":false,"campfire_upgraded":3,"win_rate":0,"timestamp":1556711827,"path_taken":["M","$","?","M","?","R","E","R","T","$","M","R","?","M","R","BOSS","M","?","M","?","?","M"],"build_version":"2019-01-23","purchased_purges":1,"victory":false,"max_hp_per_floor":[60,60,60,60,60,60,60,60,60,60,60,60,65,65,65,65,65,65,65,65,65,65,65],"card_choices":[{"not_picked":["Escape Plan","Flying Knee"],"picked":"Acrobatics","floor":1.0},{"not_picked":["Skewer","Distraction","Flechettes"],"picked":"SKIP","floor":4.0},{"not_picked":["Cloak And Dagger","Terror"],"picked":"Backflip","floor":5.0},{"not_picked":["Bouncing Flask","Dagger Throw","Deadly Poison"],"picked":"SKIP","floor":7.0},{"not_picked":["Deadly Poison","Masterful Stab","Quick Slash"],"picked":"SKIP","floor":11.0},{"not_picked":["Deflect","Accuracy+1"],"picked":"Reflex","floor":14.0},{"not_picked":["Corpse Explosion","Bullet Time"],"picked":"Tools of the Trade+1","floor":16.0},{"not_picked":["Caltrops+1","Dagger Spray"],"picked":"Calculated Gamble","floor":17.0},{"not_picked":["Accuracy+1","Underhanded Strike"],"picked":"Acrobatics","floor":17.0},{"not_picked":["Underhanded Strike","Poisoned Stab"],"picked":"PiercingWail","floor":17.0},{"not_picked":["Bane","Backstab"],"picked":"Envenom+1","floor":18.0},{"not_picked":["Deadly Poison","Slice","All Out Attack"],"picked":"SKIP","floor":20.0}],"player_experience":728170,"relics_obtained":[{"floor":7.0,"key":"Bag of Preparation"},{"floor":9.0,"key":"Blue Candle"},{"floor":21.0,"key":"Red Mask"}],"event_choices":[{"damage_healed":0.0,"max_hp_gain":0.0,"max_hp_loss":0.0,"gold_gain":0.0,"event_name":"Match and Keep!","player_choice":"2 cards matched","floor":3.0,"gold_loss":0.0,"damage_taken":0.0,"cards_obtained":["Corpse Explosion","Bouncing Flask"]},{"damage_healed":0.0,"max_hp_gain":5.0,"max_hp_loss":0.0,"gold_gain":0.0,"event_name":"Big Fish","player_choice":"Donut","floor":13.0,"gold_loss":0.0,"damage_taken":0.0},{"damage_healed":0.0,"max_hp_gain":0.0,"max_hp_loss":0.0,"gold_gain":0.0,"cards_transformed":["Strike_G","Strike_G"],"event_name":"Drug Dealer","player_choice":"Became Test Subject","floor":19.0,"gold_loss":0.0,"damage_taken":0.0,"cards_obtained":["Underhanded Strike","Choke"]},{"damage_healed":0.0,"max_hp_gain":0.0,"max_hp_loss":0.0,"gold_gain":0.0,"event_name":"Masked Bandits","player_choice":"Fought Bandits","floor":21.0,"gold_loss":0.0,"damage_taken":0.0},{"damage_healed":0,"gold_gain":0,"player_choice":"Cursed","damage_taken":0,"max_hp_gain":0,"max_hp_loss":0,"event_name":"Wheel of Change","floor":22,"gold_loss":0,"cards_obtained":["Decay"]}],"is_beta":false,"boss_relics":[{"not_picked":["WristBlade","HoveringKite"],"picked":"Orrery"}],"items_purged_floors":[10],"is_endless":false,"potions_floor_spawned":[4,7,11,14,20],"killed_by":"Snake Plant","ascension_level":16}