{"gold_per_floor":[119,119,137,155,105,105,139,139,139,149,162,162,162,186,186,305,305,318,233,253,274,274,310,310,65,112,126,147,181,205,97,97,223,223,238,253,267,267,285,285,308,308,354,388,388,412,54,387,387,387],"floor_reached":51,"playtime":3350,"items_purged":[],"score":796,"play_id":"853b467a-a996-47ab-af2b-6c4ac1d0b77f","local_time":"20190108010607","is_ascension_mode":false,"campfire_choices":[{"data":"Zap","floor":6,"key":"SMITH"},{"data":"White Noise","floor":8,"key":"SMITH"},{"data":"Dualcast","floor":13,"key":"SMITH"},{"data":"Static Discharge","floor":15,"key":"SMITH"},{"data":"Electrodynamics","floor":24,"key":"SMITH"},{"floor":32,"key":"REST"},{"data":"Fission","floor":40,"key":"SMITH"},{"data":"Chaos","floor":42,"key":"SMITH"},{"data":"Buffer","floor":45,"key":"SMITH"},{"data":"Defragment","floor":49,"key":"SMITH"}],"neow_cost":"TEN_PERCENT_HP_LOSS","seed_source_timestamp":358408402737107,"circlet_count":0,"master_deck":["Zap+1","Dualcast+1","Stack","Conserve Battery","White Noise+1","Static Discharge+1","Rebound","Coolheaded","Conserve Battery","Electrodynamics+1","Melter","Doom and Gloom","Beam Cell","Double Energy","Thunder Strike","Ball Lightning","Conserve Battery+1","Defragment+1","Cold Snap+1","Conserve Battery","Coolheaded","Steam","Coolheaded+1","Defragment","Auto Shields","Fission+1","Undo+1","Double Energy+1","Hologram","Trip","Parasite","Chaos+1","Chill","Buffer+1","Blizzard","Ball Lightning"],"relics":["Cracked Core","NlothsMask","FossilizedHelix","Pandora\u0027s Box","Strawberry","Incense Burner","Ice Cream","Bottled Lightning","Anchor","Dodecahedron","Eternal Feather","Oddly Smooth Stone","Darkstone Periapt","Thread and Needle"],"potions_floor_usage":[14,20,29,33,33,50],"damage_taken":[{"damage":6,"enemies":"Jaw Worm","floor":1,"turns":5},{"damage":0,"enemies":"Cultist","floor":3,"turns":4},{"damage":0,"enemies":"Small Slimes","floor":4,"turns":3},{"damage":14,"enemies":"Lagavulin","floor":7,"turns":7},{"damage":0,"enemies":"Blue Slaver","floor":10,"turns":5},{"damage":0,"enemies":"3 Louse","floor":11,"turns":3},{"damage":0,"enemies":"Gremlin Gang","floor":14,"turns":4},{"damage":5,"enemies":"The Guardian","floor":16,"turns":14},{"damage":16,"enemies":"2 Thieves","floor":18,"turns":3},{"damage":4,"enemies":"Shell Parasite","floor":20,"turns":3},{"damage":8,"enemies":"Centurion and Healer","floor":21,"turns":3},{"damage":22,"enemies":"Slavers","floor":23,"turns":3},{"damage":0,"enemies":"Snecko","floor":27,"turns":4},{"damage":7,"enemies":"Snake Plant","floor":28,"turns":3},{"damage":0,"enemies":"Book of Stabbing","floor":29,"turns":4},{"damage":0,"enemies":"3 Cultists","floor":30,"turns":2},{"damage":27,"enemies":"Automaton","floor":33,"turns":8},{"damage":0,"enemies":"Orb Walker","floor":35,"turns":4},{"damage":0,"enemies":"3 Darklings","floor":36,"turns":3},{"damage":0,"enemies":"Spire Growth","floor":37,"turns":5},{"damage":4,"enemies":"Writhing Mass","floor":39,"turns":5},{"damage":0,"enemies":"Sphere and 2 Shapes","floor":41,"turns":2},{"damage":22,"enemies":"Nemesis","floor":44,"turns":11},{"damage":0,"enemies":"Spire Growth","floor":46,"turns":4},{"damage":23,"enemies":"Time Eater","floor":50,"turns":9}],"seed_played":"7047251127804449354","potions_obtained":[{"floor":4,"key":"Weak Potion"},{"floor":10,"key":"Ancient Potion"},{"floor":11,"key":"Fire Potion"},{"floor":14,"key":"FocusPotion"},{"floor":23,"key":"SteroidPotion"},{"floor":28,"key":"LiquidBronze"},{"floor":30,"key":"Fire Potion"},{"floor":35,"key":"PowerPotion"},{"floor":39,"key":"GamblersBrew"}],"is_trial":false,"path_per_floor":["M","?","M","M","?","R","E","R","T","M","M","?","R","M","R","B",null,"M","?","M","M","?","E","R","$","T","M","M","E","M","$","R","B",null,"M","M","M","?","M","R","M","R","T","E","R","M","$","?","R","B",null],"character_chosen":"DEFECT","items_purchased":["Bottled Lightning","Defragment","Auto Shields","Thread and Needle","Ball Lightning"],"campfire_rested":1,"item_purchase_floors":[25,31,31,47,47],"current_hp_per_floor":[62,62,62,62,62,62,48,48,48,48,48,31,31,31,31,26,68,52,59,55,47,47,25,25,25,25,25,18,18,18,18,40,13,75,75,75,75,75,71,75,75,75,75,53,71,71,71,71,75,52],"gold":387,"neow_bonus":"REMOVE_TWO","is_prod":false,"is_daily":false,"chose_seed":false,"campfire_upgraded":9,"win_rate":0.0,"timestamp":1546880767,"path_taken":["M","?","?","M","?","R","E","R","T","M","M","?","R","M","R","BOSS","M","?","M","M","?","E","R","$","T","M","M","E","M","$","R","BOSS","M","?","M","?","M","R","M","R","T","E","R","M","$","?","R","BOSS"],"build_version":"2019-01-03v4","purchased_purges":0,"victory":true,"max_hp_per_floor":[68,68,68,68,68,68,68,68,68,68,68,68,68,68,68,68,68,68,75,75,75,75,75,75,75,75,75,75,75,75,75,75,75,75,75,75,75,75,75,75,75,75,75,75,75,75,75,75,75,75],"card_choices":[{"not_picked":["Turbo","Streamline"],"picked":"Stack","floor":1},{"not_picked":["Beam Cell","Recycle"],"picked":"Conserve Battery","floor":3},{"not_picked":["Steam","Tempest"],"picked":"White Noise","floor":4},{"not_picked":["Barrage","Streamline"],"picked":"Static Discharge","floor":7},{"not_picked":["Steam","Go for the Eyes"],"picked":"Rebound","floor":10},{"not_picked":["Sweeping Beam","Conserve Battery"],"picked":"Coolheaded","floor":11},{"not_picked":["Reinforced Body","Leap"],"picked":"Conserve Battery","floor":14},{"not_picked":["Thunder Strike","Multi-Cast"],"picked":"Electrodynamics","floor":16},{"not_picked":["Compile Driver","Sunder"],"picked":"Ball Lightning","floor":18},{"not_picked":["Blizzard","Hologram"],"picked":"Conserve Battery+1","floor":20},{"not_picked":["White Noise","Gash"],"picked":"Defragment","floor":21},{"not_picked":["Conserve Battery","Rainbow"],"picked":"Cold Snap+1","floor":23},{"not_picked":["Genetic Algorithm+1","Beam Cell+1"],"picked":"Conserve Battery","floor":27},{"not_picked":["Turbo","Rebound+1"],"picked":"Coolheaded","floor":28},{"not_picked":["Reinforced Body","Tempest"],"picked":"Steam","floor":29},{"not_picked":["Barrage","Genetic Algorithm+1"],"picked":"Coolheaded+1","floor":30},{"not_picked":["Rainbow","Creative AI"],"picked":"Fission","floor":33},{"not_picked":["Stack+1","Streamline"],"picked":"Undo+1","floor":35},{"not_picked":["Compile Driver","Sunder"],"picked":"Double Energy+1","floor":36},{"not_picked":["Stack","Go for the Eyes"],"picked":"Hologram","floor":37},{"not_picked":["Magnetism","Madness"],"picked":"Trip","floor":38},{"not_picked":["Static Discharge+1","Hologram"],"picked":"Chaos","floor":39},{"not_picked":["Ball Lightning","Stack"],"picked":"Chill","floor":41},{"not_picked":["Turbo","Barrage"],"picked":"Buffer","floor":44},{"not_picked":["Sweeping Beam","Redo+1"],"picked":"Blizzard","floor":46}],"player_experience":87962,"relics_obtained":[{"floor":7,"key":"FossilizedHelix"},{"floor":23,"key":"Ice Cream"},{"floor":26,"key":"Anchor"},{"floor":29,"key":"Dodecahedron"},{"floor":43,"key":"Oddly Smooth Stone"},{"floor":44,"key":"Darkstone Periapt"}],"event_choices":[{"damage_healed":0,"gold_gain":0,"player_choice":"Trade","damage_taken":0,"relics_obtained":["NlothsMask"],"max_hp_gain":0,"max_hp_loss":0,"event_name":"FaceTrader","floor":2,"gold_loss":0},{"cards_removed":["Strike_B"],"damage_healed":0,"gold_gain":0,"player_choice":"Card Removal","damage_taken":0,"max_hp_gain":0,"max_hp_loss":0,"event_name":"The Cleric","floor":5,"gold_loss":50},{"damage_healed":0,"gold_gain":0,"player_choice":"Take Damage","damage_taken":17,"relics_obtained":["Golden Idol"],"max_hp_gain":0,"max_hp_loss":0,"event_name":"Golden Idol","floor":12,"gold_loss":0},{"damage_healed":0,"gold_gain":0,"player_choice":"Obtained Relic","damage_taken":0,"relics_obtained":["Strawberry"],"max_hp_gain":0,"max_hp_loss":0,"event_name":"Addict","floor":19,"gold_loss":85},{"damage_healed":0,"gold_gain":0,"player_choice":"Gave Potion","damage_taken":0,"relics_obtained":["Incense Burner"],"max_hp_gain":0,"max_hp_loss":0,"event_name":"WeMeetAgain","floor":22,"gold_loss":0},{"damage_healed":0,"gold_gain":0,"player_choice":"Memory 1","damage_taken":0,"max_hp_gain":0,"max_hp_loss":0,"event_name":"SensoryStone","floor":38,"gold_loss":0},{"damage_healed":0,"gold_gain":333,"player_choice":"Gave Idol","damage_taken":0,"max_hp_gain":0,"max_hp_loss":0,"event_name":"The Moai Head","floor":48,"relics_lost":["Golden Idol"],"gold_loss":0}],"is_beta":false,"boss_relics":[{"not_picked":["Orrery","White Beast Statue"],"picked":"Pandora\u0027s Box"},{"not_picked":["Runic Dome","Runic Pyramid"],"picked":"Eternal Feather"}],"items_purged_floors":[],"is_endless":false,"potions_floor_spawned":[4,10,11,14,18,23,28,30,35,39],"ascension_level":0}