{"gold_per_floor":[111,111,134,309,334,367,367,410,410,423,373,373,389,433,433,556,556,572,590,613,613,626,626,665,665,665,681,719,644,644,658,658,789,789,813,813,834,834,1167,1167,1195,1215,1215,1215],"floor_reached":44,"playtime":2109,"items_purged":[],"score":698,"play_id":"6b123ad4-7c28-4b54-9bf3-0a5b623457d7","local_time":"20190426162958","is_ascension_mode":true,"campfire_choices":[{"data":"Neutralize","floor":7,"key":"SMITH"},{"floor":15,"key":"REST"},{"data":"After Image","floor":23,"key":"SMITH"},{"data":"Envenom","floor":25,"key":"SMITH"},{"floor":32,"key":"REST"},{"data":"Bullet Time","floor":40,"key":"SMITH"}],"neow_cost":"NONE","seed_source_timestamp":881513784591971,"circlet_count":0,"master_deck":["Defend_G","Defend_G","Defend_G","Defend_G","Strike_G","Strike_G","Strike_G","Strike_G","Strike_G","Survivor","Neutralize+1","Night Terror","Quick Slash","Slice","Sucker Punch","Poisoned Stab","Adrenaline","Cloak And Dagger","Acrobatics","Quick Slash","After Image+1","Blade Dance+1","Accuracy+1","Prepared","Cloak And Dagger","Envenom+1","Cloak And Dagger","Die Die Die","Sucker Punch","Bullet Time+1","Decay","Injury","Doubt","Infinite Blades+1","Cloak And Dagger","Madness","Madness","Slice+1","Burst"],"relics":["Ring of the Snake","Ancient Tea Set","The Specimen","Shuriken","Centennial Puzzle","WristBlade","Kunai","Strawberry","Letter Opener","Anchor","Calling Bell","Bronze Scales","Pear","Pocketwatch","Ninja Scroll"],"potions_floor_usage":[6,8,13,14,14,31,31,33,44],"damage_taken":[{"damage":8,"enemies":"2 Louse","floor":1,"turns":3},{"damage":4,"enemies":"Jaw Worm","floor":3,"turns":4},{"damage":2,"enemies":"Small Slimes","floor":5,"turns":4},{"damage":31,"enemies":"3 Sentries","floor":6,"turns":11},{"damage":19,"enemies":"Gremlin Nob","floor":8,"turns":4},{"damage":0,"enemies":"Red Slaver","floor":10,"turns":4},{"damage":0,"enemies":"Large Slime","floor":13,"turns":5},{"damage":5,"enemies":"Lagavulin","floor":14,"turns":4},{"damage":20,"enemies":"Slime Boss","floor":16,"turns":11},{"damage":0,"enemies":"Chosen","floor":18,"turns":4},{"damage":0,"enemies":"Spheric Guardian","floor":19,"turns":3},{"damage":15,"enemies":"Shelled Parasite and Fungi","floor":20,"turns":6},{"damage":11,"enemies":"3 Cultists","floor":22,"turns":6},{"damage":27,"enemies":"Gremlin Leader","floor":24,"turns":6},{"damage":8,"enemies":"Centurion and Healer","floor":27,"turns":4},{"damage":9,"enemies":"Book of Stabbing","floor":28,"turns":6},{"damage":0,"enemies":"Shelled Parasite and Fungi","floor":31,"turns":3},{"damage":29,"enemies":"Collector","floor":33,"turns":7},{"damage":6,"enemies":"3 Shapes","floor":35,"turns":3},{"damage":5,"enemies":"Orb Walker","floor":37,"turns":4},{"damage":29,"enemies":"Reptomancer","floor":41,"turns":5},{"damage":15,"enemies":"4 Shapes","floor":42,"turns":4},{"damage":24,"enemies":"Nemesis","floor":44,"turns":3}],"seed_played":"-9090102434589969453","potions_obtained":[{"floor":3,"key":"LiquidBronze"},{"floor":6,"key":"AttackPotion"},{"floor":12,"key":"AttackPotion"},{"floor":12,"key":"PowerPotion"},{"floor":12,"key":"SkillPotion"},{"floor":16,"key":"Swift Potion"},{"floor":20,"key":"PowerPotion"},{"floor":27,"key":"Fire Potion"},{"floor":28,"key":"Poison Potion"},{"floor":31,"key":"SpeedPotion"},{"floor":37,"key":"AttackPotion"},{"floor":42,"key":"Explosive Potion"}],"is_trial":false,"path_per_floor":["M","?","M","?","M","E","R","E","T","M","?","?","M","E","R","B",null,"M","M","M","T","M","R","E","R","T","M","E","?","?","M","R","B",null,"M","?","M","?","?","R","E","M","T","E"],"character_chosen":"THE_SILENT","items_purchased":[],"campfire_rested":2,"item_purchase_floors":[],"current_hp_per_floor":[62,62,58,58,56,25,25,6,6,6,6,6,6,1,22,2,70,70,70,55,55,44,44,24,24,24,16,7,7,7,7,30,1,87,81,81,76,65,65,65,36,21,21,0],"gold":1215,"neow_bonus":"ONE_RANDOM_RARE_CARD","is_prod":false,"is_daily":false,"chose_seed":false,"campfire_upgraded":4,"win_rate":0,"timestamp":1556267398,"path_taken":["M","?","M","?","M","E","R","E","T","M","?","?","M","E","R","BOSS","M","M","M","?","M","R","E","R","T","M","E","?","?","M","R","BOSS","M","?","M","?","?","R","E","M","T","E"],"build_version":"2019-01-23","purchased_purges":0,"victory":false,"max_hp_per_floor":[70,70,70,70,70,70,70,70,70,70,70,70,70,70,70,70,70,70,70,70,70,70,70,77,77,77,77,77,77,77,77,77,77,87,87,87,87,87,87,87,87,87,87,87],"card_choices":[{"not_picked":["Outmaneuver","Dagger Throw"],"picked":"Quick Slash","floor":1},{"not_picked":["Unload","Distraction"],"picked":"Slice","floor":3},{"not_picked":["Prepared","Deflect"],"picked":"Sucker Punch","floor":5},{"not_picked":["Crippling Poison","Cloak And Dagger"],"picked":"Poisoned Stab","floor":6},{"not_picked":["Blade Dance","Wraith Form v2"],"picked":"Adrenaline","floor":8},{"not_picked":["Dash","Accuracy"],"picked":"Cloak And Dagger","floor":10},{"not_picked":["Outmaneuver","Expertise"],"picked":"Acrobatics","floor":13},{"not_picked":["Eviscerate","Glass Knife"],"picked":"Quick Slash","floor":14},{"not_picked":["Unload","Die Die Die"],"picked":"After Image","floor":16},{"not_picked":["Dodge and Roll","Bane"],"picked":"Blade Dance+1","floor":18},{"not_picked":["Flying Knee","Deflect"],"picked":"Accuracy+1","floor":19},{"not_picked":["Slice","All Out Attack+1"],"picked":"Prepared","floor":20},{"not_picked":["Prepared","Deflect+1"],"picked":"Cloak And Dagger","floor":22},{"not_picked":["Well Laid Plans+1","Underhanded Strike"],"picked":"Envenom","floor":24},{"not_picked":["Backflip+1","Underhanded Strike"],"picked":"Cloak And Dagger","floor":27},{"not_picked":["Eviscerate","Acrobatics+1"],"picked":"Die Die Die","floor":28},{"not_picked":["Underhanded Strike","Poisoned Stab"],"picked":"Sucker Punch","floor":31},{"not_picked":["Wraith Form v2","Unload"],"picked":"Bullet Time","floor":33},{"not_picked":["Slice","Dagger Spray+1"],"picked":"Infinite Blades+1","floor":35},{"not_picked":["Predator","Bane+1"],"picked":"Cloak And Dagger","floor":37},{"not_picked":["Leg Sweep+1","Catalyst"],"picked":"Slice+1","floor":41},{"not_picked":["Well Laid Plans","Concentrate"],"picked":"Burst","floor":42}],"player_experience":249081,"relics_obtained":[{"floor":6,"key":"Ancient Tea Set"},{"floor":8,"key":"The Specimen"},{"floor":9,"key":"Shuriken"},{"floor":14,"key":"Centennial Puzzle"},{"floor":21,"key":"Kunai"},{"floor":24,"key":"Strawberry"},{"floor":26,"key":"Letter Opener"},{"floor":28,"key":"Anchor"},{"floor":34,"key":"Bronze Scales"},{"floor":34,"key":"Pear"},{"floor":34,"key":"Pocketwatch"},{"floor":41,"key":"Ninja Scroll"}],"event_choices":[{"damage_healed":0,"gold_gain":0,"player_choice":"Take Wound","damage_taken":0,"relics_obtained":["Golden Idol"],"max_hp_gain":0,"max_hp_loss":0,"event_name":"Golden Idol","floor":2,"gold_loss":0,"cards_obtained":["Injury"]},{"damage_healed":0,"gold_gain":175,"player_choice":"AGREE","damage_taken":0,"max_hp_gain":0,"max_hp_loss":0,"event_name":"Liars Game","floor":4,"gold_loss":0,"cards_obtained":["Doubt"]},{"cards_removed":["Doubt"],"damage_healed":0,"gold_gain":0,"player_choice":"Card Removal","damage_taken":0,"max_hp_gain":0,"max_hp_loss":0,"event_name":"The Cleric","floor":11,"gold_loss":50},{"damage_healed":0,"gold_gain":0,"player_choice":"Got Potions","damage_taken":0,"max_hp_gain":0,"max_hp_loss":0,"event_name":"Lab","floor":12,"gold_loss":0},{"cards_removed":["Injury"],"damage_healed":0,"gold_gain":0,"player_choice":"Gave Gold","damage_taken":0,"max_hp_gain":0,"max_hp_loss":0,"event_name":"Beggar","floor":29,"gold_loss":75},{"damage_healed":0,"gold_gain":0,"player_choice":"Ignored","damage_taken":0,"max_hp_gain":0,"max_hp_loss":0,"event_name":"Cursed Tome","floor":30,"gold_loss":0},{"cards_removed":["Defend_G"],"damage_healed":0,"gold_gain":0,"player_choice":"Removed Skill","damage_taken":0,"max_hp_gain":0,"max_hp_loss":0,"event_name":"Falling","floor":36,"gold_loss":0},{"damage_healed":0,"gold_gain":0,"player_choice":"Embrace Madness","damage_taken":11,"max_hp_gain":0,"max_hp_loss":0,"event_name":"Winding Halls","floor":38,"gold_loss":0,"cards_obtained":["Madness","Madness"]},{"damage_healed":0,"gold_gain":333,"player_choice":"Gave Idol","damage_taken":0,"max_hp_gain":0,"max_hp_loss":0,"event_name":"The Moai Head","floor":39,"relics_lost":["Golden Idol"],"gold_loss":0}],"is_beta":false,"boss_relics":[{"not_picked":["Busted Crown","Lizard Tail"],"picked":"WristBlade"},{"not_picked":["Velvet Choker","Ring of the Serpent"],"picked":"Calling Bell"}],"items_purged_floors":[],"is_endless":false,"potions_floor_spawned":[3,6,16,20,27,28,31,37,42],"killed_by":"Nemesis","ascension_level":4}