{"gold_per_floor":[112,39,39,59,69,69,69,85,85,98,114,114,125,137,137,238,238,249,264,314,314,57,57,57,71,71,86,86],"floor_reached":28,"playtime":1610,"items_purged":["Strike_R"],"score":214,"play_id":"1b52ee41-ccd5-41f4-828f-6b8b187f90c8","local_time":"20181007224715","is_ascension_mode":false,"campfire_choices":[{"data":"Rupture","floor":6,"key":"SMITH"},{"floor":12,"key":"REST"},{"data":"Rampage","floor":15,"key":"SMITH"},{"data":"Panache","floor":23,"key":"SMITH"}],"neow_cost":"NONE","seed_source_timestamp":41665931043245,"circlet_count":0,"master_deck":["Strike_R","Strike_R","Defend_R","Defend_R","Defend_R","Defend_R","Bash","Rupture+1","Bloodletting","Regret","True Grit+1","Rampage+1","Armaments+1","Flex+1","Fiend Fire","Offering+1","Shrug It Off+1","Dual Wield+1","Panache+1"],"relics":["Burning Blood","Dream Catcher","Toxic Egg 2","Mercury Hourglass","Empty Cage","Pen Nib"],"potions_floor_usage":[16,16],"damage_taken":[{"damage":13,"enemies":"2 Louse","floor":1,"turns":4},{"damage":24,"enemies":"Small Slimes","floor":4,"turns":4},{"damage":9,"enemies":"Jaw Worm","floor":5,"turns":7},{"damage":9,"enemies":"Large Slime","floor":8,"turns":7},{"damage":8,"enemies":"Blue Slaver","floor":10,"turns":4},{"damage":24,"enemies":"Gremlin Gang","floor":11,"turns":4},{"damage":18,"enemies":"Exordium Thugs","floor":13,"turns":3},{"damage":8,"enemies":"Blue Slaver","floor":14,"turns":3},{"damage":31,"enemies":"Hexaghost","floor":16,"turns":9},{"damage":26,"enemies":"Shell Parasite","floor":18,"turns":6},{"damage":24,"enemies":"3 Byrds","floor":19,"turns":5},{"damage":10,"enemies":"Snake Plant","floor":25,"turns":3},{"damage":21,"enemies":"3 Cultists","floor":27,"turns":5},{"damage":23,"enemies":"Centurion and Healer","floor":28,"turns":5}],"seed_played":"6490849969378866585","potions_obtained":[{"floor":4,"key":"SpeedPotion"},{"floor":8,"key":"SkillPotion"},{"floor":13,"key":"SpeedPotion"},{"floor":16,"key":"Explosive Potion"},{"floor":19,"key":"Ancient Potion"},{"floor":25,"key":"SpeedPotion"},{"floor":27,"key":"PowerPotion"}],"is_trial":false,"path_per_floor":["M","$","?","M","M","R","?","M","T","M","M","R","M","M","R","B",null,"M","M","?","?","$","R","?","M","T","M"],"character_chosen":"IRONCLAD","items_purchased":["Bloodletting","Panache"],"campfire_rested":1,"item_purchase_floors":[2,22],"current_hp_per_floor":[73,73,73,55,52,52,52,49,49,47,29,53,41,39,39,14,80,60,42,42,42,42,42,42,38,38,23,0],"gold":86,"neow_bonus":"RANDOM_COMMON_RELIC","is_prod":false,"is_daily":false,"chose_seed":false,"campfire_upgraded":3,"win_rate":0,"timestamp":1538941635,"path_taken":["M","$","?","M","M","R","?","M","T","M","M","R","M","?","R","BOSS","M","M","?","?","$","R","?","?","T","M","M"],"build_version":"2018-10-04v2","purchased_purges":1,"victory":false,"max_hp_per_floor":[80,80,80,80,80,80,80,80,80,80,80,80,80,80,80,80,80,80,80,80,80,80,80,80,80,80,80,80],"card_choices":[{"not_picked":["Warcry","Pommel Strike"],"picked":"Rupture","floor":1},{"not_picked":["Battle Trance+1","Perfected Strike"],"picked":"True Grit+1","floor":4},{"not_picked":["Thunderclap","Corruption"],"picked":"Rampage","floor":5},{"not_picked":["Clothesline","Searing Blow"],"picked":"Armaments+1","floor":8},{"not_picked":["Rupture","True Grit+1","Thunderclap"],"picked":"SKIP","floor":10},{"not_picked":["Ghostly Armor+1","Intimidate+1"],"picked":"Flex+1","floor":11},{"not_picked":["Evolve","Wild Strike"],"picked":"Fiend Fire","floor":13},{"not_picked":["Heavy Blade","Warcry+1","Pommel Strike"],"picked":"SKIP","floor":14},{"not_picked":["Berserk","Immolate"],"picked":"Offering+1","floor":16},{"not_picked":["Clash","Iron Wave"],"picked":"Shrug It Off+1","floor":18},{"not_picked":["Thunderclap","Rupture+1"],"picked":"Dual Wield+1","floor":19},{"not_picked":["Pummel","Thunderclap","Clothesline+1"],"picked":"SKIP","floor":25},{"not_picked":["Hemokinesis","Clothesline","Iron Wave"],"picked":"SKIP","floor":27}],"player_experience":58035,"relics_obtained":[{"floor":9,"key":"Mercury Hourglass"},{"floor":26,"key":"Pen Nib"}],"event_choices":[{"event_name":"Big Fish","player_choice":"Box","floor":3,"damage_taken":0},{"event_name":"Golden Idol","player_choice":"Ignored","floor":7,"damage_taken":0},{"event_name":"The Joust","player_choice":"Bet on Murderer","floor":20,"damage_taken":0},{"event_name":"Ghosts","player_choice":"Ignored","floor":21,"damage_taken":0},{"event_name":"Vampires","player_choice":"Ignored","floor":24,"damage_taken":0}],"is_beta":false,"boss_relics":[{"not_picked":["Mark of Pain","Runic Dome"],"picked":"Empty Cage"}],"items_purged_floors":[22],"is_endless":false,"potions_floor_spawned":[4,8,13,16,19,25,27],"killed_by":"Centurion and Healer","ascension_level":0}