{"gold_per_floor":[117,131,142,158,178,178,210,210,210,223,239,254,285,98,98,200,250,260,272,289,307,30,30,45,45,92,92,42,67,67,67,67,163,163,175,51,62,75,89,114,0,12,24,36,48],"floor_reached":45,"playtime":2717,"items_purged":["Strike_R","Strike_R","Strike_R","Strike_R"],"score":554,"play_id":"6f19b313-504e-4503-a0c9-b0073970bc56","local_time":"20190106031836","is_ascension_mode":false,"campfire_choices":[{"data":"Inflame","floor":6,"key":"SMITH"},{"data":"Bash","floor":8,"key":"SMITH"},{"data":"Pommel Strike","floor":15,"key":"SMITH"},{"data":"Feed","floor":23,"key":"SMITH"},{"data":"Iron Wave","floor":25,"key":"SMITH"},{"data":"Warcry","floor":27,"key":"SMITH"},{"data":"Double Tap","floor":30,"key":"SMITH"},{"data":"Offering","floor":32,"key":"SMITH"},{"data":"Flame Barrier","floor":42,"key":"SMITH"},{"data":"Offering","floor":44,"key":"SMITH"}],"neow_cost":"NONE","seed_source_timestamp":194197044206483,"circlet_count":0,"master_deck":["Defend_R","Defend_R","Defend_R","Defend_R","Bash+1","Twin Strike","Headbutt","Pommel Strike+1","Twin Strike","Inflame+1","Clash","Offering+1","Clash","Pommel Strike","Anger+1","Cleave","Finesse","Fiend Fire","Clash","Fire Breathing+1","Iron Wave+1","Intimidate+1","Armaments+1","Feed+1","Warcry+1","Double Tap+1","Offering+1","Cleave","Inflame","Heavy Blade+1","Iron Wave+1","Iron Wave+1","Flame Barrier+1"],"relics":["Burning Blood","Smiling Mask","WingedGreaves","Shuriken","Pantograph","Tiny House","Bag of Marbles","Orichalcum","Sundial","White Beast Statue","MawBank","Red Mask","Ornamental Fan"],"potions_floor_usage":[5,7,21,29,33,38,39,40,45,45],"damage_taken":[{"damage":7,"enemies":"Small Slimes","floor":1,"turns":5},{"damage":1,"enemies":"2 Louse","floor":2,"turns":3},{"damage":4,"enemies":"Cultist","floor":3,"turns":4},{"damage":18,"enemies":"Exordium Thugs","floor":4,"turns":4},{"damage":10,"enemies":"Large Slime","floor":5,"turns":6},{"damage":16,"enemies":"Lagavulin","floor":7,"turns":5},{"damage":11,"enemies":"Exordium Wildlife","floor":10,"turns":4},{"damage":13,"enemies":"Blue Slaver","floor":11,"turns":2},{"damage":7,"enemies":"3 Louse","floor":12,"turns":3},{"damage":17,"enemies":"3 Sentries","floor":13,"turns":4},{"damage":6,"enemies":"Slime Boss","floor":16,"turns":5},{"damage":6,"enemies":"Shell Parasite","floor":18,"turns":1},{"damage":16,"enemies":"2 Thieves","floor":19,"turns":2},{"damage":25,"enemies":"Shelled Parasite and Fungi","floor":20,"turns":3},{"damage":7,"enemies":"Snecko","floor":21,"turns":4},{"damage":15,"enemies":"Snake Plant","floor":24,"turns":3},{"damage":19,"enemies":"Book of Stabbing","floor":29,"turns":3},{"damage":20,"enemies":"Automaton","floor":33,"turns":6},{"damage":6,"enemies":"Orb Walker","floor":35,"turns":3},{"damage":14,"enemies":"3 Darklings","floor":37,"turns":5},{"damage":38,"enemies":"Spire Growth","floor":38,"turns":3},{"damage":15,"enemies":"Sphere and 2 Shapes","floor":39,"turns":4},{"damage":13,"enemies":"Giant Head","floor":40,"turns":4},{"damage":41,"enemies":"Transient","floor":45,"turns":5}],"seed_played":"-5036766838460505952","potions_obtained":[{"floor":1,"key":"Block Potion"},{"floor":2,"key":"FearPotion"},{"floor":4,"key":"AttackPotion"},{"floor":12,"key":"Strength Potion"},{"floor":13,"key":"Energy Potion"},{"floor":21,"key":"AttackPotion"},{"floor":33,"key":"EssenceOfSteel"},{"floor":35,"key":"FearPotion"},{"floor":37,"key":"Energy Potion"},{"floor":38,"key":"Block Potion"},{"floor":39,"key":"Dexterity Potion"},{"floor":40,"key":"Swift Potion"}],"is_trial":false,"path_per_floor":["M","M","M","M","M","R","E","R","T","M","M","M","E","$","R","B",null,"M","M","M","M","$","R","M","R","T","R","$","E","R","?","R","B",null,"M","$","M","M","M","E","?","R","T","R","M"],"character_chosen":"IRONCLAD","items_purchased":["Cleave","Finesse","Bag of Marbles","Feed","Inflame"],"campfire_rested":0,"item_purchase_floors":[14,14,22,22,36],"current_hp_per_floor":[79,80,80,68,64,64,54,54,54,49,42,41,30,30,30,55,85,85,75,56,55,55,55,50,50,50,50,50,37,37,37,37,48,89,93,93,85,57,48,41,41,41,41,41,0],"gold":48,"neow_bonus":"RANDOM_COMMON_RELIC","is_prod":false,"is_daily":false,"chose_seed":false,"campfire_upgraded":10,"win_rate":0,"timestamp":1546715916,"path_taken":["M","M","M","M","M","R","E","R","T","M","M","M","E","$","R","BOSS","M","M","M","M","$","R","M","R","T","R","$","E","R","?","R","BOSS","M","$","M","M","M","E","?","R","T","R","M"],"build_version":"2019-01-03v4","purchased_purges":4,"victory":false,"max_hp_per_floor":[80,80,80,80,80,80,80,80,80,80,80,80,80,80,80,80,85,85,85,85,85,85,85,89,89,89,89,89,89,89,89,89,89,89,93,93,93,97,97,97,97,97,97,97,97],"card_choices":[{"not_picked":["Entrench","Body Slam"],"picked":"Twin Strike","floor":1},{"not_picked":["Corruption","Ghostly Armor"],"picked":"Headbutt","floor":2},{"not_picked":["Rupture","Dual Wield"],"picked":"Pommel Strike","floor":3},{"not_picked":["True Grit","Barricade"],"picked":"Twin Strike","floor":4},{"not_picked":["Heavy Blade","Feel No Pain"],"picked":"Inflame","floor":5},{"not_picked":["Seeing Red","Body Slam"],"picked":"Clash","floor":7},{"not_picked":["Sever Soul","Pommel Strike"],"picked":"Offering","floor":10},{"not_picked":["Seeing Red","Sword Boomerang"],"picked":"Clash","floor":11},{"not_picked":["True Grit","Clothesline"],"picked":"Pommel Strike","floor":12},{"not_picked":["Clash","Warcry"],"picked":"Anger","floor":13},{"not_picked":["Juggernaut","Berserk"],"picked":"Fiend Fire","floor":16},{"not_picked":["Warcry","Shockwave"],"picked":"Clash","floor":17},{"not_picked":["Inflame","Heavy Blade"],"picked":"Fire Breathing+1","floor":18},{"not_picked":["Uppercut","Searing Blow"],"picked":"Iron Wave","floor":19},{"not_picked":["Perfected Strike","Entrench"],"picked":"Intimidate+1","floor":20},{"not_picked":["Searing Blow","Iron Wave"],"picked":"Armaments+1","floor":21},{"not_picked":["Clothesline","Demon Form"],"picked":"Warcry","floor":24},{"not_picked":["Blood for Blood","Metallicize"],"picked":"Double Tap","floor":29},{"not_picked":["Berserk","Dark Embrace"],"picked":"Offering","floor":33},{"not_picked":["Hemokinesis","Body Slam+1"],"picked":"Cleave","floor":35},{"not_picked":["Warcry","Armaments+1"],"picked":"Heavy Blade+1","floor":37},{"not_picked":["Body Slam+1","Sword Boomerang+1"],"picked":"Iron Wave+1","floor":38},{"not_picked":["Uppercut+1","Pommel Strike"],"picked":"Iron Wave+1","floor":39},{"not_picked":["Rupture+1","Blood for Blood"],"picked":"Flame Barrier","floor":40}],"player_experience":62679,"relics_obtained":[{"floor":7,"key":"WingedGreaves"},{"floor":9,"key":"Shuriken"},{"floor":13,"key":"Pantograph"},{"floor":26,"key":"Orichalcum"},{"floor":29,"key":"Sundial"},{"floor":40,"key":"MawBank"},{"floor":43,"key":"Ornamental Fan"}],"event_choices":[{"cards_removed":["Strike_R"],"damage_healed":0,"gold_gain":0,"player_choice":"Elegance","damage_taken":0,"max_hp_gain":0,"max_hp_loss":0,"event_name":"Back to Basics","floor":31,"gold_loss":0},{"damage_healed":0,"gold_gain":0,"player_choice":"Paid","damage_taken":0,"relics_obtained":["Red Mask"],"max_hp_gain":0,"max_hp_loss":0,"event_name":"Tomb of Lord Red Mask","floor":41,"gold_loss":126}],"is_beta":false,"boss_relics":[{"not_picked":["Calling Bell","Runic Dome"],"picked":"Tiny House"},{"not_picked":["Orrery","Runic Cube"],"picked":"White Beast Statue"}],"items_purged_floors":[14,22,28,36],"is_endless":false,"potions_floor_spawned":[1,2,4,12,13,16,21,24,33,35,37,38,39,40],"killed_by":"Transient","ascension_level":0}