{"gold_per_floor":[113,130,130,150,150,183,183,216,242,273,273,292,44,44],"floor_reached":14,"playtime":588,"items_purged":[],"score":119,"play_id":"e6efe3d4-387b-4bba-8402-fee715d14a70","local_time":"20190122002609","is_ascension_mode":true,"campfire_choices":[{"data":"Zap","floor":7,"key":"SMITH"}],"neow_cost":"NONE","seed_source_timestamp":651674755280009,"circlet_count":0,"master_deck":["Strike_B","Strike_B","Strike_B","Strike_B","Defend_B","Defend_B","Defend_B","Defend_B","Zap+1","Dualcast","Leap","Coolheaded","Hello World","Regret","Creative AI","Scrape","Loop","Static Discharge"],"special_seed":0,"relics":["Cracked Core","NeowsBlessing","Golden Idol","Regal Pillow","Juzu Bracelet","Blood Vial","Boot","Letter Opener","Mummified Hand"],"potions_floor_usage":[6,12,14,14],"damage_taken":[{"damage":0.0,"enemies":"Small Slimes","floor":1.0,"turns":1.0},{"damage":0.0,"enemies":"2 Louse","floor":2.0,"turns":1.0},{"damage":0,"enemies":"Cultist","floor":4,"turns":1},{"damage":31,"enemies":"3 Sentries","floor":6,"turns":8},{"damage":24,"enemies":"Gremlin Nob","floor":8,"turns":4},{"damage":13,"enemies":"Lagavulin","floor":10,"turns":7},{"damage":1,"enemies":"Exordium Wildlife","floor":12,"turns":2},{"damage":8,"enemies":"Red Slaver","floor":14,"turns":3}],"seed_played":"-6732165449492451850","potions_obtained":[{"floor":1.0,"key":"SpeedPotion"},{"floor":2,"key":"FocusPotion"},{"floor":11,"key":"EssenceOfSteel"},{"floor":11,"key":"AttackPotion"}],"is_trial":false,"path_per_floor":["M","M","?","M","?","E","R","E","T","E","?","M","$","M"],"character_chosen":"DEFECT","items_purchased":["Mummified Hand"],"campfire_rested":0,"item_purchase_floors":[13],"current_hp_per_floor":[75,75,69,69,69,38,38,14,14,3,3,4,4,0],"gold":44,"neow_bonus":"THREE_ENEMY_KILL","is_prod":false,"is_daily":false,"chose_seed":false,"campfire_upgraded":1,"win_rate":0,"timestamp":1548087969,"path_taken":["M","M","?","M","?","E","R","E","T","E","?","M","$","M"],"build_version":"2019-01-17v2","purchased_purges":0,"victory":false,"max_hp_per_floor":[75,75,69,69,69,69,69,69,69,69,69,69,69,69],"card_choices":[{"not_picked":["Fusion","Gash"],"picked":"Leap","floor":1.0},{"not_picked":["Sweeping Beam","Turbo"],"picked":"Coolheaded","floor":2},{"not_picked":["Turbo","Scrape"],"picked":"Hello World","floor":4},{"not_picked":["BootSequence","Sweeping Beam"],"picked":"Creative AI","floor":6},{"not_picked":["Barrage","Skim"],"picked":"Scrape","floor":8},{"not_picked":["Rip and Tear","Compile Driver"],"picked":"Loop","floor":10},{"not_picked":["Leap","FTL"],"picked":"Static Discharge","floor":12}],"player_experience":178564,"relics_obtained":[{"floor":6,"key":"Juzu Bracelet"},{"floor":8,"key":"Blood Vial"},{"floor":9,"key":"Boot"},{"floor":10,"key":"Letter Opener"}],"event_choices":[{"damage_healed":0,"gold_gain":0,"player_choice":"Lose Max HP","damage_taken":0,"relics_obtained":["Golden Idol"],"max_hp_gain":0,"max_hp_loss":6,"event_name":"Golden Idol","floor":3,"gold_loss":0},{"damage_healed":0,"gold_gain":0,"player_choice":"Box","damage_taken":0,"relics_obtained":["Regal Pillow"],"max_hp_gain":0,"max_hp_loss":0,"event_name":"Big Fish","floor":5,"gold_loss":0,"cards_obtained":["Regret"]},{"damage_healed":0,"gold_gain":0,"player_choice":"Got Potions","damage_taken":0,"max_hp_gain":0,"max_hp_loss":0,"event_name":"Lab","floor":11,"gold_loss":0}],"is_beta":false,"boss_relics":[],"items_purged_floors":[],"is_endless":false,"potions_floor_spawned":[1,2],"killed_by":"Red Slaver","ascension_level":2}