{"gold_per_floor":[141,157,168,182,200,231,245,245,245,277,18,51,65,77,77,172,172,183,123,142,153,170,202,217,247,247,247],"floor_reached":27,"playtime":1964,"items_purged":["Strike_G"],"score":309,"play_id":"074ee138-a5cb-4dc4-8dd7-a1cc90440e44","local_time":"20190109212445","is_ascension_mode":true,"campfire_choices":[{"data":"Backstab","floor":8,"key":"SMITH"},{"floor":15,"key":"REST"}],"neow_cost":"NONE","seed_source_timestamp":519338662167002,"circlet_count":0,"master_deck":["Defend_G","Defend_G","Defend_G","Defend_G","Defend_G","Strike_G","Strike_G","Survivor","Neutralize","Dagger Throw","Catalyst","Noxious Fumes","Poisoned Stab","Backstab+1","Deadly Poison","Sucker Punch","Endless Agony+1","Poisoned Stab+1","Cloak And Dagger","Quick Slash+1","Die Die Die+1","Cloak And Dagger","Quick Slash+1","Tools of the Trade","Quick Slash+1","Blade Dance+1","Dagger Throw+1","Dash+1","Dagger Spray+1","Flying Knee+1"],"relics":["Ring of the Snake","Tiny Chest","Strawberry","Molten Egg 2","Smiling Mask","Strange Spoon","The Courier","Eternal Feather","Matryoshka","Bottled Flame","Orichalcum","PreservedInsect"],"potions_floor_usage":[6,10,12,14,16,20,21,24,25,25],"damage_taken":[{"damage":0,"enemies":"Cultist","floor":1,"turns":6},{"damage":4,"enemies":"Small Slimes","floor":2,"turns":4},{"damage":0,"enemies":"2 Louse","floor":3,"turns":2},{"damage":20,"enemies":"Gremlin Gang","floor":4,"turns":6},{"damage":10,"enemies":"Blue Slaver","floor":5,"turns":4},{"damage":12,"enemies":"3 Sentries","floor":6,"turns":6},{"damage":6,"enemies":"Red Slaver","floor":7,"turns":2},{"damage":8,"enemies":"Lagavulin","floor":10,"turns":5},{"damage":7,"enemies":"Gremlin Nob","floor":12,"turns":3},{"damage":3,"enemies":"Looter","floor":13,"turns":2},{"damage":1,"enemies":"Large Slime","floor":14,"turns":4},{"damage":3,"enemies":"Hexaghost","floor":16,"turns":7},{"damage":16,"enemies":"Shell Parasite","floor":18,"turns":5},{"damage":1,"enemies":"Spheric Guardian","floor":20,"turns":4},{"damage":17,"enemies":"Snecko","floor":21,"turns":4},{"damage":6,"enemies":"Chosen and Byrds","floor":22,"turns":6},{"damage":26,"enemies":"Gremlin Leader","floor":23,"turns":5},{"damage":4,"enemies":"Cultist and Chosen","floor":24,"turns":5},{"damage":5,"enemies":"Book of Stabbing","floor":25,"turns":5},{"damage":7,"enemies":"Slavers","floor":27,"turns":1}],"seed_played":"6971253742175714362","potions_obtained":[{"floor":3,"key":"Strength Potion"},{"floor":4,"key":"GamblersBrew"},{"floor":6,"key":"Energy Potion"},{"floor":10,"key":"PowerPotion"},{"floor":13,"key":"LiquidBronze"},{"floor":14,"key":"GhostInAJar"},{"floor":16,"key":"Strength Potion"},{"floor":18,"key":"EssenceOfSteel"},{"floor":21,"key":"Weak Potion"},{"floor":22,"key":"GhostInAJar"}],"is_trial":false,"path_per_floor":["M","M","M","M","M","E","M","R","T","E","$","E","M","M","R","B",null,"M","?","M","M","M","E","M","E","T","E"],"character_chosen":"THE_SILENT","items_purchased":["Strange Spoon"],"campfire_rested":1,"item_purchase_floors":[11],"current_hp_per_floor":[70,66,66,46,36,31,25,25,25,17,17,10,7,6,29,26,77,61,61,60,43,37,11,7,2,2,0],"gold":247,"neow_bonus":"RANDOM_COMMON_RELIC","is_prod":false,"is_daily":false,"chose_seed":false,"campfire_upgraded":1,"win_rate":0,"timestamp":1547040285,"path_taken":["M","?","?","M","M","E","M","R","T","E","?","E","M","M","R","BOSS","M","?","M","?","M","E","M","E","T","E"],"build_version":"2019-01-03v4","purchased_purges":1,"victory":false,"max_hp_per_floor":[70,70,70,70,70,77,77,77,77,77,77,77,77,77,77,77,77,77,77,77,77,77,77,77,77,77,77],"card_choices":[{"not_picked":["Well Laid Plans","Outmaneuver"],"picked":"Dagger Throw","floor":1},{"not_picked":["Poisoned Stab","Endless Agony"],"picked":"Catalyst","floor":2},{"not_picked":["Choke","Predator"],"picked":"Noxious Fumes","floor":3},{"not_picked":["Cloak And Dagger","Underhanded Strike"],"picked":"Poisoned Stab","floor":4},{"not_picked":["Blur","PiercingWail"],"picked":"Backstab","floor":5},{"not_picked":["Footwork","Night Terror"],"picked":"Deadly Poison","floor":6},{"not_picked":["Dagger Throw","Acrobatics"],"picked":"Sucker Punch","floor":7},{"not_picked":["Wraith Form v2","Infinite Blades"],"picked":"Endless Agony+1","floor":10},{"not_picked":["Blade Dance","Tools of the Trade"],"picked":"Poisoned Stab+1","floor":12},{"not_picked":["Acrobatics","PiercingWail"],"picked":"Cloak And Dagger","floor":13},{"not_picked":["Cloak And Dagger","Reflex"],"picked":"Quick Slash+1","floor":14},{"not_picked":["Adrenaline","Glass Knife+1"],"picked":"Die Die Die+1","floor":16},{"not_picked":["Acrobatics","Dagger Spray+1"],"picked":"Cloak And Dagger","floor":18},{"not_picked":["Acrobatics+1","Reflex+1"],"picked":"Quick Slash+1","floor":20},{"not_picked":["Glass Knife+1","Dodge and Roll"],"picked":"Blade Dance+1","floor":21},{"not_picked":["Acrobatics","Backflip"],"picked":"Dagger Throw+1","floor":22},{"not_picked":["Reflex","Setup"],"picked":"Dash+1","floor":23},{"not_picked":["Calculated Gamble","Dodge and Roll"],"picked":"Dagger Spray+1","floor":24},{"not_picked":["A Thousand Cuts","Setup"],"picked":"Flying Knee+1","floor":25}],"player_experience":110515,"relics_obtained":[{"floor":6,"key":"Strawberry"},{"floor":9,"key":"Molten Egg 2"},{"floor":10,"key":"Smiling Mask"},{"floor":12,"key":"The Courier"},{"floor":23,"key":"Matryoshka"},{"floor":25,"key":"Bottled Flame"},{"floor":26,"key":"Orichalcum"},{"floor":26,"key":"PreservedInsect"}],"event_choices":[{"damage_healed":0,"gold_gain":0,"cards_transformed":["Strike_G","Strike_G"],"player_choice":"Transformed Cards","damage_taken":0,"max_hp_gain":0,"max_hp_loss":0,"event_name":"Designer","floor":19,"gold_loss":60,"cards_obtained":["Quick Slash","Tools of the Trade"]}],"is_beta":false,"boss_relics":[{"not_picked":["Cursed Key","HoveringKite"],"picked":"Eternal Feather"}],"items_purged_floors":[11],"is_endless":false,"potions_floor_spawned":[3,4,6,10,13,14,16,18,21,22],"killed_by":"Slavers","ascension_level":2}