{"gold_per_floor":[214,139,139,155,155,155,171,214,214,41,41,74,99,99,99,222,222,246,246,264,264,66,66,66,80,137,137],"floor_reached":27,"playtime":1175,"items_purged":["Strike_B","Strike_B","Strike_B"],"score":219,"play_id":"ea710798-1aa3-4e2a-b067-d7eaf10a140b","local_time":"20181125223912","is_ascension_mode":false,"campfire_choices":[{"floor":6,"key":"REST"},{"floor":15,"key":"REST"},{"data":"Gash","floor":23,"key":"SMITH"},{"data":"Defragment","floor":24,"key":"SMITH"}],"neow_cost":"NONE","seed_source_timestamp":34990143623351,"circlet_count":0,"master_deck":["Strike_B","Defend_B","Defend_B","Defend_B","Defend_B","Zap","Dualcast+1","Gash+1","Consume","Defragment+1","Leap","Machine Learning","White Noise","Multi-Cast","Gash+1","Redo+1","Shame"],"relics":["Cracked Core","Golden Idol","Pantograph","Matryoshka","GremlinMask","WingedGreaves","Happy Flower","Potion Belt","Cursed Key","Tiny Chest","Art of War"],"potions_floor_usage":[8,13,20,25,27],"damage_taken":[{"damage":5,"enemies":"Small Slimes","floor":1,"turns":3},{"damage":9,"enemies":"2 Louse","floor":4,"turns":3},{"damage":11,"enemies":"Jaw Worm","floor":7,"turns":3},{"damage":8,"enemies":"3 Sentries","floor":8,"turns":3},{"damage":13,"enemies":"Lagavulin","floor":12,"turns":8},{"damage":5,"enemies":"Looter","floor":13,"turns":4},{"damage":35,"enemies":"Slime Boss","floor":16,"turns":9},{"damage":24,"enemies":"Spheric Guardian","floor":18,"turns":4},{"damage":8,"enemies":"3 Byrds","floor":20,"turns":3},{"damage":43,"enemies":"Sentry and Sphere","floor":25,"turns":6},{"damage":50,"enemies":"Chosen and Byrds","floor":27,"turns":6}],"seed_played":"-3804006404876451401","potions_obtained":[{"floor":1,"key":"PowerPotion"},{"floor":4,"key":"SpeedPotion"},{"floor":12,"key":"PowerPotion"},{"floor":18,"key":"LiquidBronze"},{"floor":25,"key":"EssenceOfSteel"}],"is_trial":false,"path_per_floor":["M","$","?","M","?","R","M","E","T","$","?","E","M","T","R","B",null,"M","?","M","?","$","R","R","M","T","M"],"character_chosen":"DEFECT","items_purchased":["Machine Learning","Regen Potion"],"campfire_rested":2,"item_purchase_floors":[10,22],"current_hp_per_floor":[70,70,52,43,28,50,39,31,31,31,31,18,13,13,35,25,75,51,75,67,67,67,67,67,36,36,0],"gold":137,"neow_bonus":"HUNDRED_GOLD","is_prod":false,"is_daily":false,"chose_seed":false,"campfire_upgraded":2,"win_rate":0,"timestamp":1543174752,"path_taken":["M","$","?","M","?","R","M","E","T","?","?","E","?","?","R","BOSS","M","?","M","?","$","R","R","M","T","?"],"build_version":"2018-11-15","purchased_purges":3,"victory":false,"max_hp_per_floor":[75,75,75,75,75,75,75,75,75,75,75,75,75,75,75,75,75,75,75,75,75,75,75,75,75,75,75],"card_choices":[{"not_picked":["Redo","Undo"],"picked":"Gash","floor":1},{"not_picked":["Storm","Conserve Battery"],"picked":"Consume","floor":4},{"not_picked":["Leap","Sweeping Beam"],"picked":"Defragment","floor":7},{"not_picked":["Consume","Beam Cell"],"picked":"Leap","floor":8},{"not_picked":["Melter","Doom and Gloom","Compile Driver"],"picked":"SKIP","floor":12},{"not_picked":["Capacitor","Lockon"],"picked":"White Noise","floor":13},{"not_picked":["Meteor Strike","Amplify"],"picked":"Multi-Cast","floor":16},{"not_picked":["Steam+1","Streamline"],"picked":"Gash","floor":18},{"not_picked":["Rebound","Streamline","Go for the Eyes"],"picked":"SKIP","floor":20},{"not_picked":["Sweeping Beam","Hologram"],"picked":"Redo+1","floor":25}],"player_experience":229727,"relics_obtained":[{"floor":8,"key":"Pantograph"},{"floor":9,"key":"Matryoshka"},{"floor":12,"key":"WingedGreaves"},{"floor":14,"key":"Happy Flower"},{"floor":14,"key":"Potion Belt"},{"floor":26,"key":"Tiny Chest"},{"floor":26,"key":"Art of War"}],"event_choices":[{"damage_healed":0,"gold_gain":0,"player_choice":"Take Damage","damage_taken":18,"relics_obtained":["Golden Idol"],"max_hp_gain":0,"max_hp_loss":0,"event_name":"Golden Idol","floor":3,"gold_loss":0},{"damage_healed":0,"gold_gain":0,"player_choice":"Entered Light","damage_taken":15,"max_hp_gain":0,"max_hp_loss":0,"event_name":"Shining Light","floor":5,"gold_loss":0,"cards_upgraded":["Dualcast","Gash"]},{"damage_healed":0,"gold_gain":0,"player_choice":"Trade","damage_taken":0,"relics_obtained":["GremlinMask"],"max_hp_gain":0,"max_hp_loss":0,"event_name":"FaceTrader","floor":11,"gold_loss":0},{"damage_healed":25,"gold_gain":0,"player_choice":"Heal","damage_taken":0,"max_hp_gain":0,"max_hp_loss":0,"event_name":"The Library","floor":19,"gold_loss":0},{"damage_healed":0,"gold_gain":0,"player_choice":"Ignored","damage_taken":0,"max_hp_gain":0,"max_hp_loss":0,"event_name":"NoteForYourself","floor":21,"gold_loss":0}],"is_beta":false,"boss_relics":[{"not_picked":["Calling Bell","Orrery"],"picked":"Cursed Key"}],"items_purged_floors":[2,10,22],"is_endless":false,"potions_floor_spawned":[1,4,12,18,25],"killed_by":"Chosen and Byrds","ascension_level":0}