{"gold_per_floor":[118,118,118,130,148,148,179,159,159,159,191,203,18,29,29,128,128,139,139,156,156,22,22,91,91,138,138,211,226,62,123,123,227,227,241,291,341,353,413,413,463,474,474,490,540,62,62,81,81,81],"floor_reached":51,"playtime":4140,"items_purged":["Strike_G","Writhe"],"score":939,"play_id":"14e26fd9-7f27-4d24-bbd1-688c4448866b","local_time":"20190111212600","is_ascension_mode":true,"campfire_choices":[{"data":"Neutralize","floor":6.0,"key":"SMITH"},{"floor":10.0,"key":"REST"},{"floor":15.0,"key":"REST"},{"data":"Bandage Up","floor":23.0,"key":"SMITH"},{"floor":25.0,"key":"REST"},{"data":"Well Laid Plans","floor":27.0,"key":"SMITH"},{"floor":32.0,"key":"REST"},{"data":"Bullet Time","floor":40.0,"key":"SMITH"},{"data":"Footwork","floor":47,"key":"SMITH"},{"data":"Malaise","floor":49,"key":"SMITH"}],"neow_cost":"NONE","seed_source_timestamp":6064655846189,"circlet_count":0,"master_deck":["AscendersBane","Defend_G","Defend_G","Defend_G","Defend_G","Defend_G","Strike_G","Strike_G","Strike_G+1","Survivor","Neutralize+1","Quick Slash+1","Deflect","Well Laid Plans+1","Caltrops","Leg Sweep","Heel Hook","Terror","Blur","Noxious Fumes","Choke","Bullet Time+1","Prepared","Escape Plan+1","Blur","Bandage Up+1","Unload","Backflip","Malaise+1","Backstab","Outmaneuver+1","Parasite","Footwork+1"],"special_seed":0,"relics":["Ring of the Snake","Mercury Hourglass","Ice Cream","Whetstone","Busted Crown","SsserpentHead","Potion Belt","Bag of Preparation","Sozu","Sundial","Dodecahedron","Ancient Tea Set","Happy Flower"],"potions_floor_usage":[],"damage_taken":[{"damage":7.0,"enemies":"Jaw Worm","floor":1.0,"turns":6.0},{"damage":0.0,"enemies":"Small Slimes","floor":4.0,"turns":3.0},{"damage":0.0,"enemies":"Cultist","floor":5.0,"turns":4.0},{"damage":18.0,"enemies":"3 Sentries","floor":7.0,"turns":8.0},{"damage":13.0,"enemies":"Exordium Thugs","floor":8.0,"turns":4.0},{"damage":20.0,"enemies":"Gremlin Nob","floor":11.0,"turns":5.0},{"damage":7.0,"enemies":"Gremlin Gang","floor":12.0,"turns":4.0},{"damage":0.0,"enemies":"Looter","floor":14.0,"turns":3.0},{"damage":20.0,"enemies":"The Guardian","floor":16.0,"turns":10.0},{"damage":0.0,"enemies":"3 Byrds","floor":18.0,"turns":3.0},{"damage":18.0,"enemies":"Spheric Guardian","floor":20.0,"turns":5.0},{"damage":10.0,"enemies":"Shelled Parasite and Fungi","floor":24.0,"turns":8.0},{"damage":31.0,"enemies":"Chosen and Byrds","floor":29.0,"turns":6.0},{"damage":5.0,"enemies":"3 Cultists","floor":31.0,"turns":5.0},{"damage":53.0,"enemies":"Automaton","floor":33.0,"turns":13.0},{"damage":19.0,"enemies":"Orb Walker","floor":35.0,"turns":6.0},{"damage":0.0,"enemies":"3 Shapes","floor":38.0,"turns":5.0},{"damage":14.0,"enemies":"Maw","floor":39.0,"turns":9.0},{"damage":38.0,"enemies":"Transient","floor":42.0,"turns":5.0},{"damage":7,"enemies":"Writhing Mass","floor":44,"turns":9},{"damage":4,"enemies":"Maw","floor":48,"turns":10},{"damage":47,"enemies":"Time Eater","floor":50,"turns":16}],"seed_played":"7830243110033664587","potions_obtained":[{"floor":1.0,"key":"Regen Potion"},{"floor":12.0,"key":"Strength Potion"},{"floor":14.0,"key":"Energy Potion"},{"floor":20.0,"key":"GamblersBrew"},{"floor":29.0,"key":"Fire Potion"}],"is_trial":false,"path_per_floor":["M","?","?","M","M","R","E","M","T","R","E","M","$","M","R","B",null,"M","?","M","?","$","R","M","R","T","R","T","M","$","M","R","B",null,"M","?","T","M","M","R","?","M","T","M","?","$","R","M","R","B",null],"character_chosen":"THE_SILENT","items_purchased":["Blur","Noxious Fumes","Blur","Bandage Up","GhostInAJar","Unload","Ancient Tea Set","Footwork","Happy Flower"],"campfire_rested":4,"item_purchase_floors":[13,13,22,22,30,30,46,46,46],"current_hp_per_floor":[56,38,38,38,38,38,35,22,22,43,23,16,16,16,37,17,57,57,57,39,39,39,39,35,56,56,56,56,31,31,32,53,6,54,41,59,59,59,51,51,51,19,19,18,61,61,61,61,61,20],"gold":81,"neow_bonus":"REMOVE_CARD","is_prod":false,"is_daily":false,"chose_seed":false,"campfire_upgraded":6,"win_rate":0,"timestamp":1547231160,"path_taken":["M","?","?","M","M","R","E","M","T","R","E","M","$","M","R","BOSS","M","?","M","?","$","R","?","R","T","R","?","M","?","?","R","BOSS","M","?","?","M","?","R","?","M","T","M","?","$","R","M","R","BOSS"],"build_version":"2019-01-10","purchased_purges":2,"victory":true,"max_hp_per_floor":[70,70,70,70,70,70,70,70,70,70,70,70,70,70,70,70,70,70,70,70,70,70,70,70,70,70,70,70,70,70,70,70,70,70,70,70,70,70,70,70,70,70,70,70,61,61,61,61,61,61],"card_choices":[{"not_picked":["Catalyst","Accuracy"],"picked":"Quick Slash","floor":1.0},{"not_picked":["Dagger Spray","Prepared"],"picked":"Deflect","floor":4.0},{"not_picked":["Masterful Stab","Dodge and Roll"],"picked":"Well Laid Plans","floor":5.0},{"not_picked":["Outmaneuver","Poisoned Stab"],"picked":"Caltrops","floor":7.0},{"not_picked":["Flying Knee","Outmaneuver"],"picked":"Leg Sweep","floor":8.0},{"not_picked":["Calculated Gamble","Flying Knee"],"picked":"Heel Hook","floor":11.0},{"not_picked":["Dagger Spray","Glass Knife"],"picked":"Terror","floor":12.0},{"not_picked":["Leg Sweep","Sucker Punch"],"picked":"Choke","floor":14.0},{"not_picked":["Storm of Steel","Burst"],"picked":"Bullet Time","floor":16.0},{"not_picked":[],"picked":"Prepared","floor":18.0},{"not_picked":[],"picked":"Escape Plan+1","floor":20.0},{"not_picked":["Underhanded Strike"],"picked":"SKIP","floor":24.0},{"not_picked":["Dagger Spray"],"picked":"SKIP","floor":29.0},{"not_picked":[],"picked":"Backflip","floor":31.0},{"not_picked":[],"picked":"Malaise","floor":33.0},{"not_picked":[],"picked":"Backstab","floor":35.0},{"not_picked":["Deadly Poison"],"picked":"SKIP","floor":38.0},{"not_picked":[],"picked":"Outmaneuver+1","floor":39.0},{"not_picked":["PiercingWail"],"picked":"SKIP","floor":42.0},{"not_picked":["Dagger Throw+1"],"picked":"SKIP","floor":44},{"not_picked":["Dagger Spray+1"],"picked":"SKIP","floor":48}],"player_experience":421187,"relics_obtained":[{"floor":9.0,"key":"Ice Cream"},{"floor":11.0,"key":"Whetstone"},{"floor":26.0,"key":"Potion Belt"},{"floor":28.0,"key":"Bag of Preparation"},{"floor":37.0,"key":"Sundial"},{"floor":43.0,"key":"Dodecahedron"}],"event_choices":[{"damage_healed":0.0,"max_hp_gain":0.0,"max_hp_loss":0.0,"gold_gain":0.0,"event_name":"Scrap Ooze","player_choice":"Success","floor":2.0,"gold_loss":0.0,"damage_taken":18.0,"relics_obtained":["Mercury Hourglass"]},{"damage_healed":0.0,"max_hp_gain":0.0,"max_hp_loss":0.0,"gold_gain":0.0,"event_name":"Liars Game","player_choice":"Ignored","floor":3.0,"gold_loss":0.0,"damage_taken":0.0},{"damage_healed":0.0,"max_hp_gain":0.0,"max_hp_loss":0.0,"gold_gain":0.0,"event_name":"Ghosts","player_choice":"Ignored","floor":19.0,"gold_loss":0.0,"damage_taken":0.0},{"damage_healed":0.0,"max_hp_gain":0.0,"max_hp_loss":0.0,"gold_gain":0.0,"event_name":"FaceTrader","player_choice":"Trade","floor":21.0,"gold_loss":0.0,"damage_taken":0.0,"relics_obtained":["SsserpentHead"]},{"damage_healed":18.0,"max_hp_gain":0.0,"max_hp_loss":0.0,"gold_gain":0.0,"event_name":"Winding Halls","player_choice":"Writhe","floor":36.0,"gold_loss":0.0,"damage_taken":0.0,"cards_obtained":["Writhe"]},{"damage_healed":0.0,"max_hp_gain":0.0,"max_hp_loss":0.0,"gold_gain":0.0,"event_name":"Tomb of Lord Red Mask","player_choice":"Ignored","floor":41.0,"gold_loss":0.0,"damage_taken":0.0},{"damage_healed":61,"gold_gain":0,"player_choice":"Heal","damage_taken":0,"max_hp_gain":0,"max_hp_loss":9,"event_name":"The Moai Head","floor":45,"gold_loss":0}],"is_beta":false,"boss_relics":[{"not_picked":["Calling Bell","Philosopher\u0027s Stone"],"picked":"Busted Crown"},{"not_picked":["Astrolabe","WristBlade"],"picked":"Sozu"}],"items_purged_floors":[13,46],"is_endless":false,"potions_floor_spawned":[1,12,14,20,29,35,39,44],"ascension_level":10}