{"gold_per_floor":[13,32,43,62,79,108,108,135,135,150,100,25,25,100,100,201,201,216,228,9,26,42,70,70,104,186,206,233,249,249,249,249,344,394,405,405,305,305,405,405,424,226,296,296,315,315],"floor_reached":46,"playtime":4089,"items_purged":["Strike_B","Heatsinks"],"score":525,"play_id":"a7916c49-9db9-4245-bfad-3a3be74b6d96","local_time":"20190107215539","is_ascension_mode":false,"campfire_choices":[{"data":"Chaos","floor":7.0,"key":"SMITH"},{"data":"Chaos","floor":13.0,"key":"SMITH"},{"floor":15.0,"key":"REST"},{"data":"Chaos","floor":24.0,"key":"SMITH"},{"floor":30.0,"key":"REST"},{"data":"Redo","floor":32.0,"key":"SMITH"},{"data":"Aggregate","floor":44,"key":"SMITH"}],"neow_cost":"NO_GOLD","seed_source_timestamp":0,"circlet_count":0,"master_deck":["Zap","Dualcast","Undo","Coolheaded","Chaos+1","FTL","Chill","Rebound","Chaos+1","Redo+1","Chill","Seek","Blizzard","Tempest","Doom and Gloom","Turbo","Ball Lightning","Cold Snap","Rebound","FTL","Chaos+1","Sweeping Beam","Aggregate+1","Cold Snap","Buffer","Thunder Strike+1","Sunder+1","Coolheaded+1","FTL+1","Ball Lightning","Ball Lightning"],"special_seed":0,"relics":["Cracked Core","Shuriken","Question Card","Ornamental Fan","Pandora\u0027s Box","ClockworkSouvenir","Pear","Kunai","Matryoshka","Red Mask","Tiny House","Bird Faced Urn","Lee\u0027s Waffle","Meat on the Bone","Bag of Marbles"],"potions_floor_usage":[40,46],"damage_taken":[{"damage":0.0,"enemies":"Cultist","floor":1.0,"turns":5.0},{"damage":0.0,"enemies":"2 Louse","floor":2.0,"turns":3.0},{"damage":9.0,"enemies":"Jaw Worm","floor":3.0,"turns":4.0},{"damage":8.0,"enemies":"Looter","floor":4.0,"turns":3.0},{"damage":6.0,"enemies":"Exordium Thugs","floor":5.0,"turns":7.0},{"damage":16.0,"enemies":"3 Sentries","floor":6.0,"turns":10.0},{"damage":19.0,"enemies":"Lagavulin","floor":8.0,"turns":8.0},{"damage":0.0,"enemies":"2 Fungi Beasts","floor":10.0,"turns":4.0},{"damage":15.0,"enemies":"Hexaghost","floor":16.0,"turns":12.0},{"damage":5.0,"enemies":"Shell Parasite","floor":18.0,"turns":4.0},{"damage":0.0,"enemies":"Spheric Guardian","floor":19.0,"turns":3.0},{"damage":8.0,"enemies":"Shelled Parasite and Fungi","floor":21.0,"turns":5.0},{"damage":4.0,"enemies":"Snecko","floor":22.0,"turns":4.0},{"damage":13.0,"enemies":"Gremlin Leader","floor":23.0,"turns":7.0},{"damage":35.0,"enemies":"Slavers","floor":25.0,"turns":4.0},{"damage":13.0,"enemies":"Chosen and Byrds","floor":27.0,"turns":3.0},{"damage":4.0,"enemies":"Masked Bandits","floor":28.0,"turns":4.0},{"damage":0.0,"enemies":"Sentry and Sphere","floor":29.0,"turns":3.0},{"damage":37.0,"enemies":"Champ","floor":33.0,"turns":10.0},{"damage":29,"enemies":"3 Darklings","floor":35,"turns":4},{"damage":0,"enemies":"Mind Bloom Boss Battle","floor":39,"turns":5},{"damage":43,"enemies":"Giant Head","floor":40,"turns":7},{"damage":0,"enemies":"3 Shapes","floor":41,"turns":3},{"damage":20,"enemies":"Sphere and 2 Shapes","floor":45,"turns":5},{"damage":76,"enemies":"Nemesis","floor":46,"turns":4}],"seed_played":"-6155655403660728147","potions_obtained":[{"floor":1.0,"key":"LiquidBronze"},{"floor":6.0,"key":"Swift Potion"},{"floor":8.0,"key":"Weak Potion"},{"floor":16.0,"key":"Ancient Potion"},{"floor":19.0,"key":"Fire Potion"},{"floor":22.0,"key":"Swift Potion"},{"floor":28.0,"key":"FocusPotion"},{"floor":29.0,"key":"FocusPotion"},{"floor":34,"key":"SmokeBomb"},{"floor":39,"key":"Dexterity Potion"},{"floor":45,"key":"SkillPotion"}],"is_trial":false,"path_per_floor":["M","M","M","M","M","E","R","E","T","M","?","$","R","?","R","B",null,"M","M","$","M","M","E","R","E","T","M","?","M","R","?","R","B",null,"M","?","$","?","?","E","M","$","T","R","M","E"],"character_chosen":"DEFECT","items_purchased":["ClockworkSouvenir","Rebound","Lee\u0027s Waffle"],"campfire_rested":2,"item_purchase_floors":[20,20,42],"current_hp_per_floor":[75,75,66,58,52,36,36,17,17,17,17,17,17,6,28,13,75,70,70,70,62,58,55,55,20,20,7,3,3,28,56,56,19,90,61,61,61,61,61,20,20,92,92,92,74,0],"gold":315,"neow_bonus":"TRANSFORM_TWO_CARDS","is_prod":false,"is_daily":false,"chose_seed":false,"campfire_upgraded":5,"win_rate":0.0,"timestamp":1546869339,"path_taken":["M","M","M","M","M","E","R","E","T","M","?","$","R","?","R","BOSS","M","M","$","M","M","E","R","E","T","M","?","M","R","?","R","BOSS","M","?","$","?","?","E","M","?","T","R","M","E"],"build_version":"2019-01-03v4","purchased_purges":2,"victory":false,"max_hp_per_floor":[75,75,75,75,75,75,75,75,75,75,75,75,75,75,75,75,75,75,75,75,75,75,85,85,85,85,85,85,85,85,85,85,85,90,90,85,85,85,85,85,85,92,92,92,92,92],"card_choices":[{"not_picked":["Glacier","Chill"],"picked":"Coolheaded","floor":1.0},{"not_picked":["Reinforced Body","Defragment"],"picked":"Chaos","floor":2.0},{"not_picked":["Go for the Eyes","Compile Driver"],"picked":"FTL","floor":3.0},{"not_picked":["Turbo","Heatsinks"],"picked":"Chill","floor":4.0},{"not_picked":["Go for the Eyes","Sweeping Beam"],"picked":"Rebound","floor":5.0},{"not_picked":["Coolheaded","Sweeping Beam"],"picked":"Chaos","floor":6.0},{"not_picked":["Meteor Strike","Gash"],"picked":"Redo","floor":8.0},{"not_picked":["Go for the Eyes","Beam Cell","Gash"],"picked":"Chill","floor":10.0},{"not_picked":["Meteor Strike","Rainbow","Multi-Cast"],"picked":"Seek","floor":16.0},{"not_picked":["Leap","Glacier","Reinforced Body"],"picked":"Ball Lightning","floor":18.0},{"not_picked":["Hologram","Sweeping Beam","Conserve Battery"],"picked":"Cold Snap","floor":19.0},{"not_picked":["Beam Cell","Conserve Battery+1","Hello World"],"picked":"FTL","floor":21.0},{"not_picked":["Turbo","Meteor Strike","Go for the Eyes"],"picked":"Chaos","floor":22.0},{"not_picked":["Leap","Beam Cell","Steam"],"picked":"Sweeping Beam","floor":23.0},{"not_picked":["Streamline","Stack","Biased Cognition"],"picked":"Aggregate","floor":25.0},{"not_picked":["Streamline","Reinforced Body+1","Leap"],"picked":"Ball Lightning","floor":27.0},{"not_picked":["White Noise","BootSequence","Rebound"],"picked":"Cold Snap","floor":28.0},{"not_picked":["Barrage","Gash+1","Compile Driver"],"picked":"Buffer","floor":29.0},{"not_picked":["Biased Cognition","Buffer","Creative AI"],"picked":"Thunder Strike","floor":33.0},{"not_picked":["Coolheaded","Go for the Eyes","Redo"],"picked":"Sunder+1","floor":34},{"not_picked":["Leap","Barrage","Stack+1"],"picked":"Coolheaded+1","floor":35},{"not_picked":["Go for the Eyes","Capacitor+1","Barrage"],"picked":"FTL+1","floor":39},{"not_picked":["Coolheaded","Barrage","Rebound+1"],"picked":"Ball Lightning","floor":41},{"not_picked":["FTL","Barrage","Biased Cognition"],"picked":"Ball Lightning","floor":45}],"player_experience":78621,"relics_obtained":[{"floor":6.0,"key":"Shuriken"},{"floor":8.0,"key":"Question Card"},{"floor":9.0,"key":"Ornamental Fan"},{"floor":23.0,"key":"Pear"},{"floor":25.0,"key":"Kunai"},{"floor":26.0,"key":"Matryoshka"},{"floor":28.0,"key":"Red Mask"},{"floor":39,"key":"Bird Faced Urn"},{"floor":43,"key":"Meat on the Bone"},{"floor":43,"key":"Bag of Marbles"}],"event_choices":[{"cards_removed":["Strike_B"],"damage_healed":0.0,"max_hp_gain":0.0,"max_hp_loss":0.0,"gold_gain":0.0,"event_name":"The Cleric","player_choice":"Card Removal","floor":11.0,"gold_loss":50.0,"damage_taken":0.0},{"damage_healed":0.0,"max_hp_gain":0.0,"max_hp_loss":0.0,"gold_gain":75.0,"event_name":"World of Goop","player_choice":"Gather Gold","floor":14.0,"gold_loss":0.0,"damage_taken":11.0},{"damage_healed":0.0,"max_hp_gain":0.0,"max_hp_loss":0.0,"gold_gain":0.0,"event_name":"Masked Bandits","player_choice":"Fought Bandits","floor":28.0,"gold_loss":0.0,"damage_taken":0.0},{"damage_healed":28.0,"max_hp_gain":0.0,"max_hp_loss":0.0,"gold_gain":0.0,"event_name":"The Library","player_choice":"Heal","floor":31.0,"gold_loss":0.0,"damage_taken":0.0},{"damage_healed":0,"gold_gain":0,"player_choice":"Max HP","damage_taken":0,"max_hp_gain":0,"max_hp_loss":5,"event_name":"Winding Halls","floor":36,"gold_loss":0},{"cards_removed":["Ball Lightning"],"damage_healed":0,"gold_gain":0,"player_choice":"Removed Attack","damage_taken":0,"max_hp_gain":0,"max_hp_loss":0,"event_name":"Falling","floor":38,"gold_loss":0},{"damage_healed":0,"gold_gain":0,"player_choice":"Fight","damage_taken":0,"max_hp_gain":0,"max_hp_loss":0,"event_name":"MindBloom","floor":39,"gold_loss":0}],"is_beta":false,"boss_relics":[{"not_picked":["Cursed Key","Eternal Feather"],"picked":"Pandora\u0027s Box"},{"not_picked":["Philosopher\u0027s Stone","FrozenCore"],"picked":"Tiny House"}],"items_purged_floors":[12,37],"is_endless":false,"potions_floor_spawned":[1,6,8,16,19,22,28,29,39,45],"killed_by":"Nemesis","ascension_level":0}