{"gold_per_floor":[118,134,147,159,159,50,50,76,154,171,198,198,226,244,244,339,339,351,331,350,363,379,379],"floor_reached":23,"playtime":1827,"items_purged":["Strike_R"],"score":267,"play_id":"0ff54b4e-2f18-4130-9543-cef9c08996a3","local_time":"20190110133913","is_ascension_mode":true,"campfire_choices":[{"data":"Armaments","floor":7,"key":"SMITH"},{"data":"Seeing Red","floor":12,"key":"SMITH"},{"data":"Bash","floor":15,"key":"SMITH"}],"neow_cost":"TEN_PERCENT_HP_LOSS","seed_source_timestamp":577946356818186,"circlet_count":0,"master_deck":["Strike_R","Strike_R","Defend_R","Defend_R","Defend_R","Defend_R","Bash+1","Clash","Clash","Metallicize","Armaments+1","Seeing Red+1","Heavy Blade","Warcry+1","Bloodletting+1","Shrug It Off+1","Thunderclap","Feed","Dropkick+1","Sentinel+1","Headbutt","Anger"],"relics":["Burning Blood","Du-Vu Doll","Juzu Bracelet","Toxic Egg 2","The Courier","Odd Mushroom","Busted Crown"],"potions_floor_usage":[11,16,16],"damage_taken":[{"damage":5,"enemies":"2 Louse","floor":1,"turns":4},{"damage":7,"enemies":"Jaw Worm","floor":2,"turns":2},{"damage":0,"enemies":"Cultist","floor":3,"turns":3},{"damage":10,"enemies":"Exordium Wildlife","floor":4,"turns":3},{"damage":4,"enemies":"Lagavulin","floor":8,"turns":6},{"damage":5,"enemies":"Lots of Slimes","floor":10,"turns":5},{"damage":0,"enemies":"3 Sentries","floor":11,"turns":10},{"damage":22,"enemies":"The Mushroom Lair","floor":13,"turns":4},{"damage":9,"enemies":"Exordium Thugs","floor":14,"turns":3},{"damage":65,"enemies":"Hexaghost","floor":16,"turns":16},{"damage":20,"enemies":"Chosen","floor":18,"turns":5},{"damage":20,"enemies":"2 Thieves","floor":19,"turns":4},{"damage":10,"enemies":"Cultist and Chosen","floor":20,"turns":6},{"damage":12,"enemies":"3 Cultists","floor":21,"turns":5},{"damage":23,"enemies":"Snake Plant","floor":22,"turns":5},{"damage":37,"enemies":"Gremlin Leader","floor":23,"turns":5}],"seed_played":"2671780658681326627","potions_obtained":[{"floor":1,"key":"Regen Potion"},{"floor":4,"key":"SpeedPotion"},{"floor":8,"key":"Dexterity Potion"},{"floor":16,"key":"Dexterity Potion"},{"floor":18,"key":"FearPotion"}],"is_trial":false,"path_per_floor":["M","M","M","M","?","$","R","E","T","M","E","R","?","M","R","B",null,"M","M","M","M","M","E"],"character_chosen":"IRONCLAD","items_purchased":["Seeing Red"],"campfire_rested":0,"item_purchase_floors":[6],"current_hp_per_floor":[72,71,72,68,61,61,61,63,63,64,70,70,54,51,51,7,72,61,47,46,43,26,0],"gold":379,"neow_bonus":"REMOVE_TWO","is_prod":false,"is_daily":false,"chose_seed":false,"campfire_upgraded":3,"win_rate":0,"timestamp":1547098753,"path_taken":["M","M","M","M","?","$","R","E","T","M","E","R","?","M","R","BOSS","M","M","M","M","M","E"],"build_version":"2019-01-03v4","purchased_purges":1,"victory":false,"max_hp_per_floor":[72,72,72,72,72,72,72,72,72,72,72,72,72,72,72,72,72,75,75,78,81,81,81],"card_choices":[{"not_picked":["Bloodletting","Flex"],"picked":"Clash","floor":1},{"not_picked":["Anger","Warcry"],"picked":"Clash","floor":2},{"not_picked":["Wild Strike","Sword Boomerang"],"picked":"Metallicize","floor":3},{"not_picked":["Perfected Strike","True Grit"],"picked":"Armaments","floor":4},{"not_picked":["Juggernaut","Armaments"],"picked":"Heavy Blade","floor":8},{"not_picked":["Heavy Blade","Berserk"],"picked":"Warcry+1","floor":10},{"not_picked":["Twin Strike","Spot Weakness+1"],"picked":"Bloodletting+1","floor":11},{"not_picked":["Flex+1","Flame Barrier+1"],"picked":"Shrug It Off+1","floor":13},{"not_picked":["Shockwave+1","Clash"],"picked":"Thunderclap","floor":14},{"not_picked":["Offering+1","Demon Form"],"picked":"Feed","floor":16},{"not_picked":[],"picked":"Dropkick+1","floor":18},{"not_picked":["Carnage"],"picked":"SKIP","floor":19},{"not_picked":[],"picked":"Sentinel+1","floor":20},{"not_picked":[],"picked":"Headbutt","floor":21},{"not_picked":[],"picked":"Anger","floor":22}],"player_experience":122411,"relics_obtained":[{"floor":8,"key":"Juzu Bracelet"},{"floor":9,"key":"Toxic Egg 2"},{"floor":11,"key":"The Courier"},{"floor":13,"key":"Odd Mushroom"}],"event_choices":[{"damage_healed":0,"gold_gain":0,"player_choice":"Success","damage_taken":7,"relics_obtained":["Du-Vu Doll"],"max_hp_gain":0,"max_hp_loss":0,"event_name":"Scrap Ooze","floor":5,"gold_loss":0},{"damage_healed":0,"gold_gain":0,"player_choice":"Fought Mushrooms","damage_taken":0,"max_hp_gain":0,"max_hp_loss":0,"event_name":"Mushrooms","floor":13,"gold_loss":0}],"is_beta":false,"boss_relics":[{"not_picked":["Mark of Pain","Cursed Key"],"picked":"Busted Crown"}],"items_purged_floors":[6],"is_endless":false,"potions_floor_spawned":[1,4,8,16,18],"killed_by":"Gremlin Leader","ascension_level":3}