{"gold_per_floor":[364,379,399,50,63,63,74,74,99,132,146,37,37,54,54,125,125,137,62,162,181,197,229,248,275,275,18,18,31,31,63,63,63],"floor_reached":33,"playtime":2744,"items_purged":["Writhe","Writhe"],"score":568,"play_id":"04f8b11a-f848-407a-95e0-e4f20721d9ab","local_time":"20190501011759","is_ascension_mode":true,"campfire_choices":[{"data":"Corruption","floor":6,"key":"SMITH"},{"data":"Bash","floor":8,"key":"SMITH"},{"data":"Feel No Pain","floor":13,"key":"SMITH"},{"data":"True Grit","floor":15,"key":"SMITH"},{"floor":28,"key":"REST"},{"floor":30,"key":"REST"},{"data":"Body Slam","floor":32,"key":"SMITH"}],"neow_cost":"CURSE","seed_source_timestamp":1733347503004706,"circlet_count":0,"master_deck":["AscendersBane","Strike_R","Strike_R","Strike_R","Strike_R","Defend_R","Defend_R","Defend_R","Defend_R","Bash+1","Dropkick","Thunderclap","Corruption+1","True Grit+1","Shrug It Off","Sentinel","Shrug It Off","Sword Boomerang","Feel No Pain+1","Rampage","Shockwave","Feed","Metallicize+1","Body Slam+1","Exhume","Carnage","Double Tap"],"relics":["Burning Blood","Bag of Preparation","Blood Vial","Bronze Scales","Cursed Key","Lantern","Smiling Mask","Vajra","Toxic Egg 2"],"potions_floor_usage":[10,16,16,23,23,25,29,31],"damage_taken":[{"damage":10,"enemies":"Cultist","floor":1,"turns":5},{"damage":8,"enemies":"Jaw Worm","floor":2,"turns":4},{"damage":9,"enemies":"2 Louse","floor":3,"turns":4},{"damage":13,"enemies":"Red Slaver","floor":5,"turns":4},{"damage":6,"enemies":"Blue Slaver","floor":7,"turns":4},{"damage":19,"enemies":"Gremlin Nob","floor":10,"turns":4},{"damage":0,"enemies":"Exordium Wildlife","floor":11,"turns":2},{"damage":15,"enemies":"Large Slime","floor":14,"turns":7},{"damage":26,"enemies":"The Guardian","floor":16,"turns":12},{"damage":0,"enemies":"Shell Parasite","floor":18,"turns":6},{"damage":7,"enemies":"Spheric Guardian","floor":21,"turns":5},{"damage":11,"enemies":"Shelled Parasite and Fungi","floor":22,"turns":6},{"damage":23,"enemies":"Gremlin Leader","floor":23,"turns":9},{"damage":10,"enemies":"Sentry and Sphere","floor":24,"turns":7},{"damage":35,"enemies":"Book of Stabbing","floor":25,"turns":8},{"damage":16,"enemies":"Centurion and Healer","floor":29,"turns":5},{"damage":0,"enemies":"Gremlin Leader","floor":31,"turns":8},{"damage":93,"enemies":"Champ","floor":33,"turns":13}],"seed_played":"-164520369662888516","potions_obtained":[{"floor":2,"key":"LiquidBronze"},{"floor":3,"key":"Swift Potion"},{"floor":10,"key":"Weak Potion"},{"floor":21,"key":"Dexterity Potion"},{"floor":22,"key":"SkillPotion"},{"floor":24,"key":"Weak Potion"},{"floor":25,"key":"SteroidPotion"}],"is_trial":false,"path_per_floor":["M","M","M","$","M","R","M","R","T","E","M","$","R","M","R","B",null,"M","?","?","M","M","E","M","E","T","$","R","M","R","E","R","B"],"character_chosen":"IRONCLAD","items_purchased":["Corruption","True Grit","Bag of Preparation","Feel No Pain","Rampage","SkillPotion","Double Tap"],"campfire_rested":2,"item_purchase_floors":[4,4,4,12,12,27,27],"current_hp_per_floor":[64,62,59,59,52,52,52,52,52,41,49,49,49,42,42,24,62,70,70,70,71,68,53,51,24,24,24,46,38,60,68,68,0],"gold":63,"neow_bonus":"TWO_FIFTY_GOLD","is_prod":false,"is_daily":false,"chose_seed":false,"campfire_upgraded":5,"win_rate":0,"timestamp":1556698679,"path_taken":["M","M","M","$","M","R","M","R","T","E","M","?","R","M","R","BOSS","M","?","?","M","M","E","M","E","T","$","R","M","R","E","R","BOSS"],"build_version":"2019-01-23","purchased_purges":2,"victory":false,"max_hp_per_floor":[75,75,75,75,75,75,75,75,75,75,75,75,75,75,75,75,75,75,75,75,75,75,75,75,75,75,75,75,75,75,75,75,75],"card_choices":[{"not_picked":["Havoc","Warcry"],"picked":"Dropkick","floor":1},{"not_picked":["Sword Boomerang","Cleave"],"picked":"Thunderclap","floor":2},{"not_picked":["Body Slam","Evolve","Limit Break"],"picked":"SKIP","floor":3},{"not_picked":["True Grit","Second Wind"],"picked":"Shrug It Off","floor":5},{"not_picked":["Pommel Strike","Spot Weakness"],"picked":"Sentinel","floor":7},{"not_picked":["Bloodletting","Entrench"],"picked":"Shrug It Off","floor":10},{"not_picked":["Searing Blow","Armaments"],"picked":"Sword Boomerang","floor":11},{"not_picked":["Cleave","Combust"],"picked":"Shockwave","floor":14},{"not_picked":["Immolate","Exhume"],"picked":"Feed","floor":16},{"not_picked":["Body Slam+1","Wild Strike"],"picked":"Metallicize+1","floor":18},{"not_picked":["Thunderclap","Armaments","Clash"],"picked":"SKIP","floor":21},{"not_picked":["Warcry","Iron Wave+1","Armaments"],"picked":"SKIP","floor":22},{"not_picked":["Heavy Blade","Body Slam","Thunderclap"],"picked":"SKIP","floor":23},{"not_picked":["Heavy Blade","Thunderclap"],"picked":"Body Slam","floor":23},{"not_picked":["Twin Strike","Cleave"],"picked":"Exhume","floor":24},{"not_picked":["Iron Wave","Armaments"],"picked":"Carnage","floor":25},{"not_picked":["Thunderclap","Clothesline","Pommel Strike"],"picked":"SKIP","floor":29},{"not_picked":["Corruption","Clash+1","Body Slam"],"picked":"SKIP","floor":31}],"player_experience":437924,"relics_obtained":[{"floor":9,"key":"Blood Vial"},{"floor":10,"key":"Bronze Scales"},{"floor":23,"key":"Lantern"},{"floor":25,"key":"Smiling Mask"},{"floor":26,"key":"Vajra"},{"floor":31,"key":"Toxic Egg 2"}],"event_choices":[{"cards_removed":["Strike_R"],"damage_healed":0,"gold_gain":0,"player_choice":"Gave Gold","damage_taken":0,"max_hp_gain":0,"max_hp_loss":0,"event_name":"Beggar","floor":19,"gold_loss":75},{"damage_healed":0,"gold_gain":100,"player_choice":"Pray","damage_taken":0,"max_hp_gain":0,"max_hp_loss":0,"event_name":"Golden Shrine","floor":20,"gold_loss":0}],"is_beta":false,"boss_relics":[{"not_picked":["Tiny House","Philosopher\u0027s Stone"],"picked":"Cursed Key"}],"items_purged_floors":[4,27],"is_endless":false,"potions_floor_spawned":[2,3,10,14,21,22,24,25],"killed_by":"Champ","ascension_level":14}