{"gold_per_floor":[118,118,136,156,14,14,45,61,61,61,81,81,97,109,109,210,210,226,226,242,142,153,153,171,171,171,371,389,389,399,274,274,377,377,393,407,109,109,128,156,156,176,176,176,51,51,51,51,51,51],"floor_reached":50,"playtime":2056,"items_purged":["Strike_G","Strike_G","Strike_G","Defend_G"],"score":474,"play_id":"f0f43d78-d366-44c1-ab46-1adabedfb6d8","local_time":"20190221132805","is_ascension_mode":false,"campfire_choices":[{"data":"Neutralize","floor":6,"key":"SMITH"},{"data":"Terror","floor":10,"key":"SMITH"},{"data":"Survivor","floor":15,"key":"SMITH"},{"floor":23,"key":"REST"},{"floor":25,"key":"REST"},{"data":"Glass Knife","floor":29,"key":"SMITH"},{"floor":32,"key":"REST"},{"floor":41,"key":"REST"},{"floor":46,"key":"REST"},{"data":"Adrenaline","floor":49,"key":"SMITH"}],"neow_cost":"NONE","seed_source_timestamp":53306926091077,"circlet_count":0,"master_deck":["Defend_G","Defend_G","Defend_G","Survivor+1","Neutralize+1","Predator+1","Deflect+1","All Out Attack+1","Terror+1","Glass Knife+1","Prepared+1","Outmaneuver+1","Flying Knee","Poisoned Stab+1","Die Die Die","Adrenaline+1","Acrobatics","Writhe"],"relics":["Astrolabe"],"potions_floor_usage":[16,33,33,33,39,40,50,50,50],"damage_taken":[{"damage":0,"enemies":"Jaw Worm","floor":1,"turns":3},{"damage":0,"enemies":"Small Slimes","floor":3,"turns":2},{"damage":0,"enemies":"Cultist","floor":4,"turns":3},{"damage":15,"enemies":"3 Sentries","floor":7,"turns":5},{"damage":8,"enemies":"Lots of Slimes","floor":8,"turns":3},{"damage":0,"enemies":"Red Slaver","floor":11,"turns":2},{"damage":0,"enemies":"2 Fungi Beasts","floor":13,"turns":2},{"damage":6,"enemies":"Gremlin Gang","floor":14,"turns":5},{"damage":16,"enemies":"Hexaghost","floor":16,"turns":8},{"damage":24,"enemies":"Spheric Guardian","floor":18,"turns":6},{"damage":3,"enemies":"Shell Parasite","floor":20,"turns":7},{"damage":11,"enemies":"3 Cultists","floor":22,"turns":5},{"damage":21,"enemies":"Chosen and Byrds","floor":24,"turns":8},{"damage":0,"enemies":"Centurion and Healer","floor":28,"turns":5},{"damage":32,"enemies":"Sentry and Sphere","floor":30,"turns":6},{"damage":22,"enemies":"Champ","floor":33,"turns":14},{"damage":10,"enemies":"Orb Walker","floor":35,"turns":4},{"damage":0,"enemies":"3 Shapes","floor":36,"turns":4},{"damage":23,"enemies":"Spire Growth","floor":39,"turns":4},{"damage":22,"enemies":"Reptomancer","floor":40,"turns":5},{"damage":0,"enemies":"Transient","floor":42,"turns":5},{"damage":72,"enemies":"Donu and Deca","floor":50,"turns":8}],"seed_played":"-7183917977303576507","potions_obtained":[{"floor":4,"key":"Ancient Potion"},{"floor":7,"key":"PowerPotion"},{"floor":8,"key":"PowerPotion"},{"floor":11,"key":"SpeedPotion"},{"floor":20,"key":"SkillPotion"},{"floor":22,"key":"GamblersBrew"},{"floor":28,"key":"Strength Potion"},{"floor":36,"key":"Ancient Potion"},{"floor":39,"key":"GamblersBrew"}],"is_trial":false,"path_per_floor":["M","?","M","M","$","R","E","M","T","R","M","?","M","M","R","B",null,"M","?","M","$","M","R","M","R","T","?","M","R","M","$","R","B",null,"M","M","$","?","M","E","R","M","T","?","$","R","?","$","R","B"],"character_chosen":"THE_SILENT","items_purchased":["Terror","Ancient Potion","Adrenaline","SpeedPotion","GhostInAJar"],"campfire_rested":5,"item_purchase_floors":[5,37,37,45,45],"current_hp_per_floor":[70,70,70,70,70,70,55,47,47,47,47,47,47,41,41,25,70,46,46,43,43,32,53,32,53,53,53,53,53,21,21,42,20,70,60,60,60,60,37,15,36,36,36,36,36,57,70,70,70,0],"gold":51,"neow_bonus":"BOSS_RELIC","is_prod":false,"is_daily":false,"chose_seed":false,"campfire_upgraded":5,"win_rate":0,"timestamp":1550744885,"path_taken":["M","?","M","M","$","R","E","M","T","R","M","?","?","?","R","BOSS","M","?","M","$","M","R","M","R","T","?","M","R","?","$","R","BOSS","M","M","$","?","M","E","R","M","T","?","$","R","?","$","R","BOSS"],"build_version":"2019-01-23","purchased_purges":4,"victory":false,"max_hp_per_floor":[70,70,70,70,70,70,70,70,70,70,70,70,70,70,70,70,70,70,70,70,70,70,70,70,70,70,70,70,70,70,70,70,70,70,70,70,70,70,70,70,70,70,70,70,70,70,70,70,70,70],"card_choices":[{"not_picked":["Underhanded Strike","Caltrops","Crippling Poison"],"picked":"SKIP","floor":1},{"not_picked":["Flying Knee","Infinite Blades","Prepared"],"picked":"SKIP","floor":3},{"not_picked":["Tactician","Poisoned Stab","Quick Slash"],"picked":"SKIP","floor":4},{"not_picked":["Underhanded Strike","Accuracy","Prepared"],"picked":"SKIP","floor":7},{"not_picked":["Prepared","Heel Hook","Deadly Poison"],"picked":"SKIP","floor":8},{"not_picked":["Bane","Slice","PiercingWail"],"picked":"SKIP","floor":11},{"not_picked":["Backflip","Slice","Crippling Poison"],"picked":"SKIP","floor":13},{"not_picked":["Poisoned Stab","Backstab","Predator"],"picked":"SKIP","floor":14},{"not_picked":["A Thousand Cuts","Envenom"],"picked":"Glass Knife","floor":16},{"not_picked":["Slice+1","Flechettes+1"],"picked":"Prepared+1","floor":18},{"not_picked":["Backstab","Well Laid Plans"],"picked":"Outmaneuver+1","floor":20},{"not_picked":["Underhanded Strike+1","Deadly Poison"],"picked":"Flying Knee","floor":22},{"not_picked":["Slice+1","Distraction","Reflex"],"picked":"SKIP","floor":24},{"not_picked":["Dagger Throw+1","Reflex+1","Acrobatics+1"],"picked":"SKIP","floor":28},{"not_picked":["Deadly Poison","Blade Dance"],"picked":"Poisoned Stab+1","floor":30},{"not_picked":["A Thousand Cuts","Night Terror"],"picked":"Die Die Die","floor":33},{"not_picked":["Quick Slash","Distraction","Tactician+1"],"picked":"SKIP","floor":35},{"not_picked":["Underhanded Strike+1","Masterful Stab+1","Terror+1"],"picked":"SKIP","floor":36},{"not_picked":["Blade Dance","Poisoned Stab","Bane+1"],"picked":"SKIP","floor":39},{"not_picked":["Dagger Throw+1","Predator+1"],"picked":"Acrobatics","floor":40},{"not_picked":["Outmaneuver+1","Quick Slash"],"picked":"Well Laid Plans+1","floor":42}],"player_experience":861594,"relics_obtained":[],"event_choices":[{"damage_healed":0,"gold_gain":0,"player_choice":"Fled","damage_taken":0,"max_hp_gain":0,"max_hp_loss":0,"event_name":"Scrap Ooze","floor":2,"gold_loss":0},{"damage_healed":0,"gold_gain":0,"player_choice":"Bought 0 Potions","damage_taken":0,"max_hp_gain":0,"max_hp_loss":0,"event_name":"The Woman in Blue","floor":12,"gold_loss":0},{"damage_healed":0,"gold_gain":0,"player_choice":"Ignored","damage_taken":0,"max_hp_gain":0,"max_hp_loss":0,"event_name":"Vampires","floor":19,"gold_loss":0},{"damage_healed":0,"gold_gain":200,"player_choice":"Gold","damage_taken":0,"max_hp_gain":0,"max_hp_loss":0,"event_name":"Wheel of Change","floor":27,"gold_loss":0},{"damage_healed":0,"gold_gain":0,"player_choice":"Ignored","damage_taken":0,"max_hp_gain":0,"max_hp_loss":0,"event_name":"Mysterious Sphere","floor":38,"gold_loss":0},{"cards_removed":["Well Laid Plans"],"damage_healed":0,"gold_gain":0,"player_choice":"Removed Power","damage_taken":0,"max_hp_gain":0,"max_hp_loss":0,"event_name":"Falling","floor":44,"gold_loss":0},{"damage_healed":18,"gold_gain":0,"player_choice":"Writhe","damage_taken":0,"max_hp_gain":0,"max_hp_loss":0,"event_name":"Winding Halls","floor":47,"gold_loss":0,"cards_obtained":["Writhe"]}],"is_beta":false,"boss_relics":[{"not_picked":[]},{"not_picked":[]}],"items_purged_floors":[5,21,31,37],"is_endless":false,"potions_floor_spawned":[4,7,8,11,13,20,22,24,28,36,39],"killed_by":"Donu and Deca","ascension_level":0}