{"gold_per_floor":[113,113,113,113,113,113,139,156,156,189,189,209,270,270,270,270],"floor_reached":16,"playtime":367,"items_purged":[],"score":169,"play_id":"e5b44392-fc3f-4097-8b3b-f9e49bc1a6fd","local_time":"20190404201714","is_ascension_mode":true,"campfire_choices":[{"data":"Limit Break","floor":6,"key":"SMITH"},{"data":"Infernal Blade","floor":11,"key":"SMITH"},{"data":"Bloodletting","floor":15,"key":"SMITH"}],"neow_cost":"NONE","seed_source_timestamp":293346720096892,"circlet_count":0,"master_deck":["Strike_R","Strike_R","Strike_R","Strike_R","Strike_R","Defend_R","Defend_R","Defend_R","Bash+1","Pommel Strike","Limit Break+1","Infernal Blade+1","Shrug It Off","Headbutt","Bloodletting+1","Shrug It Off","Regret"],"relics":["Burning Blood","NeowsBlessing","Charon\u0027s Ashes","Happy Flower","Regal Pillow","Tiny Chest","Anchor"],"potions_floor_usage":[16,16],"damage_taken":[{"damage":0,"enemies":"Small Slimes","floor":1,"turns":1},{"damage":0,"enemies":"3 Sentries","floor":7,"turns":1},{"damage":0,"enemies":"Cultist","floor":8,"turns":1},{"damage":32,"enemies":"Lagavulin","floor":10,"turns":4},{"damage":0,"enemies":"2 Louse","floor":12,"turns":2},{"damage":2,"enemies":"3 Sentries","floor":13,"turns":3},{"damage":78,"enemies":"Slime Boss","floor":16,"turns":11}],"seed_played":"-8780546623535866777","potions_obtained":[{"floor":10,"key":"GamblersBrew"},{"floor":12,"key":"BloodPotion"}],"is_trial":false,"path_per_floor":["M","?","$","$","?","R","E","M","T","E","R","M","E","?","R","B"],"character_chosen":"IRONCLAD","items_purchased":[],"campfire_rested":0,"item_purchase_floors":[],"current_hp_per_floor":[80,80,80,80,80,80,80,80,80,54,54,60,64,64,64,0],"gold":270,"neow_bonus":"THREE_ENEMY_KILL","is_prod":false,"is_daily":false,"chose_seed":false,"campfire_upgraded":3,"win_rate":0,"timestamp":1554380234,"path_taken":["M","?","?","$","?","R","E","M","T","E","R","M","E","?","R","BOSS"],"build_version":"2019-01-23","purchased_purges":0,"victory":false,"max_hp_per_floor":[80,80,80,80,80,80,80,80,80,80,80,80,80,80,80,80],"card_choices":[{"not_picked":["Body Slam","Warcry"],"picked":"Pommel Strike","floor":1},{"not_picked":["Sword Boomerang","Thunderclap"],"picked":"Infernal Blade","floor":7},{"not_picked":["Perfected Strike","Searing Blow"],"picked":"Shrug It Off","floor":8},{"not_picked":["Disarm","Dual Wield"],"picked":"Headbutt","floor":10},{"not_picked":["Burning Pact","Feel No Pain"],"picked":"Bloodletting","floor":12},{"not_picked":["Havoc","Second Wind"],"picked":"Shrug It Off","floor":13}],"player_experience":231878,"relics_obtained":[{"floor":7,"key":"Charon\u0027s Ashes"},{"floor":9,"key":"Happy Flower"},{"floor":10,"key":"Regal Pillow"},{"floor":13,"key":"Tiny Chest"}],"event_choices":[{"damage_healed":0,"gold_gain":0,"cards_transformed":["Defend_R"],"player_choice":"Transformed","damage_taken":0,"max_hp_gain":0,"max_hp_loss":0,"event_name":"Transmorgrifier","floor":2,"gold_loss":0,"cards_obtained":["Limit Break"]},{"damage_healed":0,"gold_gain":0,"player_choice":"Grow","damage_taken":0,"max_hp_gain":0,"max_hp_loss":0,"event_name":"Living Wall","floor":5,"gold_loss":0,"cards_upgraded":["Bash"]},{"damage_healed":0,"gold_gain":0,"player_choice":"Box","damage_taken":0,"relics_obtained":["Anchor"],"max_hp_gain":0,"max_hp_loss":0,"event_name":"Big Fish","floor":14,"gold_loss":0,"cards_obtained":["Regret"]}],"is_beta":false,"boss_relics":[],"items_purged_floors":[],"is_endless":false,"potions_floor_spawned":[10,12],"killed_by":"Slime Boss","ascension_level":4}