{"gold_per_floor":[111,0,17,31,51,84,103,103,103,103,118,118,118,134,134,231,231,246,246,246],"floor_reached":20,"playtime":1128,"items_purged":["Strike_B"],"score":176,"play_id":"d8430267-61cb-4a0a-94f3-c3fead06c598","local_time":"20190225135729","is_ascension_mode":false,"campfire_choices":[{"data":"Machine Learning","floor":8,"key":"SMITH"},{"data":"Genetic Algorithm","floor":10,"key":"SMITH"},{"data":"Conserve Battery","floor":13,"key":"SMITH"},{"floor":15,"key":"REST"}],"neow_cost":"PERCENT_DAMAGE","seed_source_timestamp":41305517437991,"circlet_count":0,"master_deck":["Strike_B+1","Strike_B+1","Strike_B+1","Defend_B+1","Defend_B+1","Defend_B+1","Defend_B+1","Zap","Dualcast","Consume","Defragment","Machine Learning+1","Defragment","Genetic Algorithm+1","Redo","Conserve Battery+1","Parasite","Leap","Buffer","Lockon+1"],"relics":["Cracked Core","Mercury Hourglass","Shuriken","Runic Dome"],"potions_floor_usage":[6,6,11,20],"damage_taken":[{"damage":0,"enemies":"Cultist","floor":1,"turns":4},{"damage":2,"enemies":"2 Louse","floor":3,"turns":3},{"damage":6,"enemies":"Jaw Worm","floor":4,"turns":4},{"damage":13,"enemies":"Exordium Wildlife","floor":5,"turns":5},{"damage":17,"enemies":"3 Sentries","floor":6,"turns":6},{"damage":0,"enemies":"Looter","floor":7,"turns":4},{"damage":24,"enemies":"Exordium Thugs","floor":11,"turns":5},{"damage":5,"enemies":"2 Fungi Beasts","floor":14,"turns":4},{"damage":45,"enemies":"The Guardian","floor":16,"turns":11},{"damage":2,"enemies":"Shell Parasite","floor":18,"turns":8},{"damage":11,"enemies":"Colosseum Slavers","floor":20,"turns":5},{"damage":84,"enemies":"Colosseum Nobs","floor":20,"turns":4}],"seed_played":"9214394233015053358","potions_obtained":[{"floor":1,"key":"Block Potion"},{"floor":3,"key":"FocusPotion"},{"floor":7,"key":"SkillPotion"},{"floor":16,"key":"Block Potion"}],"is_trial":false,"path_per_floor":["M","$","M","M","M","E","M","R","T","R","M","?","R","M","R","B",null,"M","?","?"],"character_chosen":"DEFECT","items_purchased":["Defragment"],"campfire_rested":1,"item_purchase_floors":[2],"current_hp_per_floor":[68,68,66,60,47,30,30,30,30,30,6,28,28,23,49,4,89,87,87,0],"gold":246,"neow_bonus":"TWENTY_PERCENT_HP_BONUS","is_prod":false,"is_daily":false,"chose_seed":false,"campfire_upgraded":3,"win_rate":0,"timestamp":1551092249,"path_taken":["M","?","M","M","?","E","M","R","T","R","M","?","R","M","R","BOSS","M","?","?"],"build_version":"2019-01-23","purchased_purges":1,"victory":false,"max_hp_per_floor":[89,89,89,89,89,89,89,89,89,89,89,89,89,89,89,89,89,89,89,89],"card_choices":[{"not_picked":["Sweeping Beam","Coolheaded"],"picked":"Consume","floor":1},{"not_picked":["Gash","Chill","Compile Driver"],"picked":"SKIP","floor":3},{"not_picked":["Auto Shields","Stack"],"picked":"Machine Learning","floor":4},{"not_picked":["Force Field","Darkness"],"picked":"Defragment","floor":5},{"not_picked":["Go for the Eyes","Steam"],"picked":"Genetic Algorithm","floor":6},{"not_picked":["FTL","Beam Cell"],"picked":"Redo","floor":7},{"not_picked":["Turbo","Rebound"],"picked":"Conserve Battery","floor":11},{"not_picked":["Hologram","Sweeping Beam"],"picked":"Leap","floor":14},{"not_picked":["Multi-Cast","Amplify"],"picked":"Buffer","floor":16},{"not_picked":["Hologram","Streamline"],"picked":"Lockon+1","floor":18}],"player_experience":885612,"relics_obtained":[{"floor":6,"key":"Mercury Hourglass"},{"floor":9,"key":"Shuriken"}],"event_choices":[{"damage_healed":22,"gold_gain":0,"player_choice":"Healed and dodged fight","damage_taken":0,"max_hp_gain":0,"max_hp_loss":0,"event_name":"Mushrooms","floor":12,"gold_loss":0,"cards_obtained":["Parasite"]},{"damage_healed":0,"gold_gain":0,"player_choice":"Simplicity","damage_taken":0,"max_hp_gain":0,"max_hp_loss":0,"event_name":"Back to Basics","floor":19,"gold_loss":0,"cards_upgraded":["Strike_B","Strike_B","Strike_B","Defend_B","Defend_B","Defend_B","Defend_B"]},{"damage_healed":0,"gold_gain":0,"player_choice":"Fight","damage_taken":0,"max_hp_gain":0,"max_hp_loss":0,"event_name":"Colosseum","floor":20,"gold_loss":0},{"damage_healed":0,"gold_gain":0,"player_choice":"Fought Nobs","damage_taken":0,"max_hp_gain":0,"max_hp_loss":0,"event_name":"Colosseum","floor":20,"gold_loss":0}],"is_beta":false,"boss_relics":[{"not_picked":["FrozenCore","White Beast Statue"],"picked":"Runic Dome"}],"items_purged_floors":[2],"is_endless":false,"potions_floor_spawned":[1,3,7,16,20],"killed_by":"Colosseum Nobs","ascension_level":0}