{"gold_per_floor":[111,111,128,128,143,175,175,175,175,203,203,128,16,33,33,105,105,116,116,16,16,31,65,65,92,92,102,117,136,136,170,170,248,248,267,277,71,71,86,86,115,135,162,172,182,182,182,195,195,195,195,195,195,116,145,145],"floor_reached":56,"playtime":4367,"items_purged":["Strike_G","Underhanded Strike","Poisoned Stab"],"score":1919,"play_id":"1349e77b-e86e-467b-85d1-fb1dc563fa50","local_time":"20190305164511","is_ascension_mode":true,"campfire_choices":[{"data":"Catalyst","floor":7.0,"key":"SMITH"},{"floor":15.0,"key":"REST"},{"data":"Footwork","floor":24.0,"key":"SMITH"},{"data":"Neutralize","floor":30.0,"key":"SMITH"},{"data":"Deadly Poison","floor":32.0,"key":"SMITH"},{"data":"Malaise","floor":40.0,"key":"SMITH"},{"floor":46.0,"key":"RECALL"},{"data":"Bouncing Flask","floor":49.0,"key":"SMITH"},{"floor":53.0,"key":"REST"}],"neow_cost":"TEN_PERCENT_HP_LOSS","seed_source_timestamp":0,"circlet_count":0,"master_deck":["AscendersBane","Defend_G","Defend_G","Defend_G","Defend_G","Survivor","Neutralize+1","Catalyst+1","Catalyst","Neutralize","Deadly Poison+1","Footwork+1","Dash","Dash","Backflip","Malaise+1","Bite","Bite","Bite","Bite","Deadly Poison+1","Dodge and Roll+1","Escape Plan","Blur","Malaise+1","Blur","Backflip","Well Laid Plans","Bouncing Flask+1"],"special_seed":0,"relics":["Ring of the Serpent","Tingsha","Mercury Hourglass","Art of War","Velvet Choker","Dream Catcher","Vajra","Oddly Smooth Stone","Letter Opener","Bird Faced Urn","Bag of Preparation"],"potions_floor_usage":[56],"damage_taken":[{"damage":4.0,"enemies":"Jaw Worm","floor":1.0,"turns":6.0},{"damage":6.0,"enemies":"Cultist","floor":3.0,"turns":5.0},{"damage":7.0,"enemies":"Small Slimes","floor":5.0,"turns":5.0},{"damage":4.0,"enemies":"3 Sentries","floor":6.0,"turns":9.0},{"damage":45.0,"enemies":"Gremlin Nob","floor":10.0,"turns":5.0},{"damage":1.0,"enemies":"2 Fungi Beasts","floor":14.0,"turns":3.0},{"damage":4.0,"enemies":"Hexaghost","floor":16.0,"turns":8.0},{"damage":1.0,"enemies":"3 Byrds","floor":18.0,"turns":5.0},{"damage":15.0,"enemies":"Spheric Guardian","floor":22.0,"turns":7.0},{"damage":3.0,"enemies":"Book of Stabbing","floor":23.0,"turns":6.0},{"damage":19.0,"enemies":"Slavers","floor":25.0,"turns":8.0},{"damage":0.0,"enemies":"Centurion and Healer","floor":27.0,"turns":7.0},{"damage":10.0,"enemies":"Shelled Parasite and Fungi","floor":28.0,"turns":4.0},{"damage":3.0,"enemies":"Snecko","floor":29.0,"turns":4.0},{"damage":7.0,"enemies":"Book of Stabbing","floor":31.0,"turns":6.0},{"damage":32.0,"enemies":"Collector","floor":33.0,"turns":6.0},{"damage":4.0,"enemies":"Orb Walker","floor":35.0,"turns":5.0},{"damage":0.0,"enemies":"3 Darklings","floor":36.0,"turns":7.0},{"damage":0.0,"enemies":"Writhing Mass","floor":39.0,"turns":7.0},{"damage":1.0,"enemies":"Reptomancer","floor":41.0,"turns":6.0},{"damage":0.0,"enemies":"Spire Growth","floor":42.0,"turns":6.0},{"damage":0.0,"enemies":"Transient","floor":44.0,"turns":6.0},{"damage":10.0,"enemies":"Sphere and 2 Shapes","floor":45.0,"turns":6.0},{"damage":0.0,"enemies":"Writhing Mass","floor":48.0,"turns":6.0},{"damage":59.0,"enemies":"Awakened One","floor":50.0,"turns":22.0},{"damage":43.0,"enemies":"Donu and Deca","floor":51.0,"turns":16.0},{"damage":49.0,"enemies":"Shield and Spear","floor":55.0,"turns":12.0},{"damage":45,"enemies":"The Heart","floor":56,"turns":5}],"seed_played":"6115799305337009347","potions_obtained":[{"floor":3.0,"key":"Regen Potion"},{"floor":5.0,"key":"AttackPotion"},{"floor":10.0,"key":"GhostInAJar"},{"floor":23.0,"key":"Poison Potion"},{"floor":25.0,"key":"Explosive Potion"},{"floor":31.0,"key":"Regen Potion"},{"floor":42.0,"key":"Strength Potion"}],"is_trial":false,"path_per_floor":["M","?","M","?","M","E","R","?","T","E","?","?","$","M","R","B",null,"M","?","$","?","M","E","R","E","T","M","M","M","R","E","R","B",null,"M","M","$","?","M","R","E","M","T","M","M","R","?","M","R","B","B",null,"R","$","E","B"],"character_chosen":"THE_SILENT","items_purchased":["Dash","GhostInAJar","LiquidBronze"],"campfire_rested":2,"item_purchase_floors":[13,37,54],"current_hp_per_floor":[55,55,49,54,47,58,58,47,47,4,4,4,4,5,24,22,54,55,55,55,55,58,63,63,54,54,65,59,62,62,65,65,35,58,64,65,65,65,65,65,65,65,65,65,61,61,61,65,65,46,27,56,65,65,34,0],"gold":145,"neow_bonus":"TRANSFORM_TWO_CARDS","is_prod":false,"is_daily":false,"chose_seed":false,"campfire_upgraded":6,"win_rate":0,"timestamp":1551793511,"path_taken":["M","?","?","?","M","E","R","?","T","E","?","?","$","M","R","BOSS","M","?","?","?","M","E","R","E","T","M","?","M","R","E","R","BOSS","M","M","$","?","M","R","E","M","T","M","M","R","?","M","R","BOSS","BOSS","R","$","E","BOSS"],"build_version":"2019-01-23","purchased_purges":3,"victory":false,"max_hp_per_floor":[60,60,60,65,65,65,65,65,65,65,65,65,65,65,65,65,65,65,65,65,65,65,65,65,65,65,65,65,65,65,65,65,65,65,65,65,65,65,65,65,65,65,65,65,65,65,65,65,65,65,65,65,65,65,65,65],"card_choices":[{"not_picked":["Cloak And Dagger","Dagger Spray"],"picked":"Catalyst","floor":1.0},{"not_picked":["Flying Knee","Skewer"],"picked":"Poisoned Stab","floor":3.0},{"not_picked":["Infinite Blades","Deflect"],"picked":"Deadly Poison","floor":5.0},{"not_picked":["Prepared","Endless Agony"],"picked":"Footwork","floor":6.0},{"not_picked":["Underhanded Strike","Venomology"],"picked":"Dash","floor":10.0},{"not_picked":["Cloak And Dagger","Bane"],"picked":"Backflip","floor":14.0},{"not_picked":["After Image","Envenom"],"picked":"Malaise","floor":16.0},{"not_picked":["Quick Slash","Prepared","Caltrops"],"picked":"SKIP","floor":18.0},{"not_picked":["Flying Knee","Acrobatics"],"picked":"Deadly Poison+1","floor":22.0},{"not_picked":["Grand Finale","Bane"],"picked":"Dodge and Roll+1","floor":23.0},{"not_picked":["Deadly Poison","Bouncing Flask","Backflip"],"picked":"SKIP","floor":25.0},{"not_picked":["Masterful Stab+1","Tactician","Underhanded Strike"],"picked":"SKIP","floor":27.0},{"not_picked":["Cloak And Dagger","Sucker Punch"],"picked":"Escape Plan","floor":28.0},{"not_picked":["Calculated Gamble","Underhanded Strike+1","Flying Knee"],"picked":"SKIP","floor":29.0},{"not_picked":["Riddle With Holes","Eviscerate"],"picked":"Blur","floor":31.0},{"not_picked":["Bullet Time","Die Die Die"],"picked":"Malaise","floor":33.0},{"not_picked":["Slice","Tactician"],"picked":"Blur","floor":35.0},{"not_picked":["Tactician+1","Flying Knee","Heel Hook"],"picked":"SKIP","floor":36.0},{"not_picked":["Deflect","Heel Hook+1"],"picked":"Backflip","floor":39.0},{"not_picked":["Bane","Caltrops"],"picked":"Well Laid Plans","floor":41.0},{"not_picked":["Riddle With Holes","Reflex","Blur"],"picked":"SKIP","floor":42.0},{"not_picked":["Masterful Stab","Skewer","Dagger Spray+1"],"picked":"SKIP","floor":44.0},{"not_picked":["Blade Dance+1","Infinite Blades","Backflip"],"picked":"SKIP","floor":45.0},{"not_picked":["Dagger Spray","Blade Dance+1"],"picked":"Bouncing Flask","floor":48.0},{"not_picked":["Crippling Poison","Poisoned Stab+1","Sucker Punch+1"],"picked":"SKIP","floor":55.0}],"player_experience":958358,"relics_obtained":[{"floor":6.0,"key":"Tingsha"},{"floor":9.0,"key":"Mercury Hourglass"},{"floor":10.0,"key":"Art of War"},{"floor":23.0,"key":"Dream Catcher"},{"floor":25.0,"key":"Vajra"},{"floor":26.0,"key":"Oddly Smooth Stone"},{"floor":31.0,"key":"Letter Opener"},{"floor":41.0,"key":"Bird Faced Urn"},{"floor":55.0,"key":"Bag of Preparation"}],"event_choices":[{"damage_healed":0.0,"max_hp_gain":0.0,"max_hp_loss":0.0,"gold_gain":0.0,"event_name":"Match and Keep!","player_choice":"1 cards matched","floor":2.0,"gold_loss":0.0,"damage_taken":0.0,"cards_obtained":["Neutralize"]},{"damage_healed":0.0,"max_hp_gain":5.0,"max_hp_loss":0.0,"gold_gain":0.0,"event_name":"Big Fish","player_choice":"Donut","floor":4.0,"gold_loss":0.0,"damage_taken":0.0},{"damage_healed":0.0,"max_hp_gain":0.0,"max_hp_loss":0.0,"gold_gain":0.0,"event_name":"Scrap Ooze","player_choice":"Success","floor":8.0,"gold_loss":0.0,"damage_taken":11.0,"relics_obtained":["Blood Vial"]},{"cards_removed":["Strike_G"],"damage_healed":0.0,"max_hp_gain":0.0,"max_hp_loss":0.0,"gold_gain":0.0,"event_name":"Living Wall","player_choice":"Forget","floor":11.0,"gold_loss":0.0,"damage_taken":0.0},{"cards_removed":["Strike_G"],"damage_healed":0.0,"max_hp_gain":0.0,"max_hp_loss":0.0,"gold_gain":0.0,"event_name":"The Cleric","player_choice":"Card Removal","floor":12.0,"gold_loss":75.0,"damage_taken":0.0},{"damage_healed":0.0,"max_hp_gain":0.0,"max_hp_loss":0.0,"gold_gain":0.0,"event_name":"Upgrade Shrine","player_choice":"Upgraded","floor":19.0,"gold_loss":0.0,"damage_taken":0.0,"cards_upgraded":["Malaise"]},{"damage_healed":0.0,"max_hp_gain":0.0,"max_hp_loss":0.0,"gold_gain":0.0,"event_name":"Vampires","player_choice":"Became a vampire (Vial)","floor":21.0,"relics_lost":["Blood Vial"],"gold_loss":0.0,"damage_taken":0.0,"cards_obtained":["Bite","Bite","Bite","Bite","Bite"]},{"cards_removed":["Bite"],"damage_healed":0.0,"max_hp_gain":0.0,"max_hp_loss":0.0,"gold_gain":0.0,"event_name":"Falling","player_choice":"Removed Attack","floor":38.0,"gold_loss":0.0,"damage_taken":0.0},{"damage_healed":0.0,"max_hp_gain":0.0,"max_hp_loss":0.0,"gold_gain":0.0,"event_name":"Mysterious Sphere","player_choice":"Ignored","floor":47.0,"gold_loss":0.0,"damage_taken":0.0}],"is_beta":false,"boss_relics":[{"not_picked":["Black Star","Coffee Dripper"],"picked":"Velvet Choker"},{"not_picked":["Cursed Key","Orrery"],"picked":"Ring of the Serpent"}],"items_purged_floors":[13,20,37],"is_endless":false,"potions_floor_spawned":[3,5,10,23,25,27,31,33,35,39,42,48],"killed_by":"The Heart","ascension_level":20}