{"gold_per_floor":[110,110,110,124,138,163,163,191,214,226,236,296,296,313,313,414,414,424,434,451,451,451,451,115,131,131,131,6,19,47,66,66,162,162,174,174,25,25,44,44,56,87,87,100,100,100,100,100,100,100],"floor_reached":51,"playtime":3180,"items_purged":["Strike_R","Bash","Strike_R"],"score":767,"play_id":"7bf87dce-9ff8-412f-8590-979604d69360","local_time":"20190225074424","is_ascension_mode":false,"campfire_choices":[{"data":"Rampage","floor":7.0,"key":"SMITH"},{"data":"Defend_R","floor":15.0,"key":"SMITH"},{"floor":23.0,"key":"REST"},{"data":"Barricade","floor":32.0,"key":"SMITH"},{"data":"Blind","floor":40.0,"key":"SMITH"},{"data":"Ghostly Armor","floor":46,"key":"SMITH"},{"data":"Metallicize","floor":49,"key":"SMITH"}],"neow_cost":"NONE","seed_source_timestamp":16783007632443,"circlet_count":0,"master_deck":["Defend_R+1","Defend_R+1","Defend_R","Defend_R","Rampage+1","True Grit+1","Immolate","Barricade+1","Ghostly Armor+1","Metallicize+1","Disarm+1","Shrug It Off","Feed+1","Blind+1","Panache+1","Finesse","Shrug It Off","Body Slam+1","Armaments+1","Body Slam+1","Doubt"],"special_seed":0,"relics":["Burning Blood","NeowsBlessing","Blood Vial","War Paint","Molten Egg 2","Regal Pillow","Empty Cage","Sundial","Pantograph","Nloth\u0027s Gift","Frozen Egg 2","Mark of Pain","Dream Catcher","Anchor"],"potions_floor_usage":[50,50,50,50,50,50],"damage_taken":[{"damage":0.0,"enemies":"Jaw Worm","floor":1.0,"turns":1.0},{"damage":0.0,"enemies":"2 Louse","floor":4.0,"turns":1.0},{"damage":0.0,"enemies":"Small Slimes","floor":5.0,"turns":1.0},{"damage":32.0,"enemies":"3 Sentries","floor":6.0,"turns":6.0},{"damage":14.0,"enemies":"Gremlin Nob","floor":8.0,"turns":3.0},{"damage":0.0,"enemies":"Blue Slaver","floor":10.0,"turns":3.0},{"damage":5.0,"enemies":"2 Fungi Beasts","floor":11.0,"turns":3.0},{"damage":28.0,"enemies":"Lagavulin","floor":12.0,"turns":7.0},{"damage":6.0,"enemies":"3 Louse","floor":14.0,"turns":2.0},{"damage":32.0,"enemies":"The Guardian","floor":16.0,"turns":16.0},{"damage":12.0,"enemies":"2 Thieves","floor":18.0,"turns":4.0},{"damage":0.0,"enemies":"Chosen","floor":19.0,"turns":9.0},{"damage":31.0,"enemies":"Snake Plant","floor":20.0,"turns":8.0},{"damage":5.0,"enemies":"Shelled Parasite and Fungi","floor":25.0,"turns":11.0},{"damage":3.0,"enemies":"Chosen and Byrds","floor":29.0,"turns":11.0},{"damage":39.0,"enemies":"Slavers","floor":30.0,"turns":9.0},{"damage":21.0,"enemies":"Sentry and Sphere","floor":31.0,"turns":14.0},{"damage":34.0,"enemies":"Collector","floor":33.0,"turns":18.0},{"damage":8.0,"enemies":"3 Darklings","floor":35.0,"turns":7.0},{"damage":0.0,"enemies":"3 Shapes","floor":39.0,"turns":8.0},{"damage":51,"enemies":"Transient","floor":41,"turns":5},{"damage":36,"enemies":"Reptomancer","floor":42,"turns":14},{"damage":21,"enemies":"4 Shapes","floor":44,"turns":7},{"damage":0,"enemies":"Donu and Deca","floor":50,"turns":19}],"seed_played":"6442808560136157392","potions_obtained":[{"floor":1.0,"key":"Strength Potion"},{"floor":4.0,"key":"SpeedPotion"},{"floor":8.0,"key":"Block Potion"},{"floor":11.0,"key":"Fire Potion"},{"floor":14.0,"key":"BloodPotion"},{"floor":16.0,"key":"Fire Potion"},{"floor":19.0,"key":"SpeedPotion"},{"floor":30.0,"key":"EssenceOfSteel"},{"floor":31.0,"key":"Ancient Potion"},{"floor":44,"key":"Dexterity Potion"},{"floor":48,"key":"EntropicBrew"}],"is_trial":false,"path_per_floor":["M","?","?","M","M","E","R","E","T","M","M","E","?","M","R","B",null,"M","M","M","?","?","R","$","M","T","?","$","M","E","M","R","B",null,"M","?","$","?","M","R","M","E","T","M","?","R","$","?","R","B",null],"character_chosen":"IRONCLAD","items_purchased":["Sundial","Shrug It Off","Shrug It Off"],"campfire_rested":1,"item_purchase_floors":[24,28,37],"current_hp_per_floor":[80,85,67,75,83,59,59,53,53,61,64,44,44,46,46,22,85,79,85,60,60,44,86,86,89,89,89,89,90,61,57,57,56,94,92,82,82,82,93,93,48,20,20,11,97,97,97,97,97,101],"gold":100,"neow_bonus":"THREE_ENEMY_KILL","is_prod":false,"is_daily":false,"chose_seed":false,"campfire_upgraded":6,"win_rate":0,"timestamp":1551069864,"path_taken":["M","?","?","?","M","E","R","E","T","M","M","E","?","M","R","BOSS","M","M","M","?","?","R","$","M","T","?","$","?","E","M","R","BOSS","M","?","$","?","M","R","M","E","T","M","?","R","$","?","R","BOSS"],"build_version":"2019-01-23","purchased_purges":3,"victory":true,"max_hp_per_floor":[80,85,85,85,85,85,85,85,85,85,85,85,85,85,85,85,85,85,85,85,85,90,90,90,90,90,90,90,90,94,94,94,94,94,94,94,94,89,93,93,93,93,93,97,97,97,97,97,97,101],"card_choices":[{"not_picked":["Dropkick","Shrug It Off"],"picked":"Rampage","floor":1.0},{"not_picked":["Heavy Blade","Reckless Charge"],"picked":"True Grit","floor":4.0},{"not_picked":["Rampage","Flex"],"picked":"Immolate","floor":5.0},{"not_picked":["Clash","Flex","Twin Strike"],"picked":"SKIP","floor":6.0},{"not_picked":["Armaments","Clothesline","Berserk"],"picked":"SKIP","floor":8.0},{"not_picked":["Warcry","Body Slam+1","Thunderclap+1"],"picked":"SKIP","floor":10.0},{"not_picked":["Armaments","Power Through","Combust"],"picked":"SKIP","floor":11.0},{"not_picked":["Warcry","Uppercut+1","Heavy Blade+1"],"picked":"SKIP","floor":12.0},{"not_picked":["Clash+1","Havoc","Sword Boomerang+1"],"picked":"SKIP","floor":14.0},{"not_picked":["Exhume","Double Tap"],"picked":"Barricade","floor":16.0},{"not_picked":["Warcry+1","Rage"],"picked":"Ghostly Armor","floor":18.0},{"not_picked":["Flex+1","Carnage+1","Thunderclap+1"],"picked":"SKIP","floor":19.0},{"not_picked":["Perfected Strike+1","Evolve"],"picked":"Metallicize","floor":20.0},{"not_picked":["Cleave+1","Disarm+1","True Grit"],"picked":"SKIP","floor":25.0},{"not_picked":["Cleave+1","True Grit"],"picked":"Disarm+1","floor":25.0},{"not_picked":["Shrug It Off","Havoc+1"],"picked":"Feed+1","floor":29.0},{"not_picked":["Body Slam+1","True Grit","Twin Strike+1"],"picked":"SKIP","floor":30.0},{"not_picked":["Iron Wave+1","Twin Strike+1","Rage"],"picked":"SKIP","floor":31.0},{"not_picked":["Heavy Blade+1","Sword Boomerang+1","Iron Wave+1"],"picked":"SKIP","floor":35.0},{"not_picked":["Deep Breath","Purity"],"picked":"Blind","floor":36.0},{"not_picked":["Thinking Ahead","Chrysalis"],"picked":"Panache+1","floor":36.0},{"not_picked":["Bandage Up","Sadistic Nature+1"],"picked":"Finesse","floor":36.0},{"not_picked":["Sword Boomerang+1","Clothesline+1"],"picked":"Body Slam+1","floor":39.0},{"not_picked":["True Grit","Armaments+1","Shrug It Off"],"picked":"SKIP","floor":41},{"not_picked":["True Grit","Shrug It Off"],"picked":"Armaments+1","floor":41},{"not_picked":["Fiend Fire+1","Clash+1","Flex"],"picked":"SKIP","floor":42},{"not_picked":["Pummel+1","Spot Weakness"],"picked":"Body Slam+1","floor":44}],"player_experience":873796,"relics_obtained":[{"floor":6.0,"key":"War Paint"},{"floor":8.0,"key":"Molten Egg 2"},{"floor":9.0,"key":"Regal Pillow"},{"floor":12.0,"key":"Tiny Chest"},{"floor":26.0,"key":"Pantograph"},{"floor":30.0,"key":"Frozen Egg 2"},{"floor":42,"key":"Dream Catcher"},{"floor":43,"key":"Anchor"}],"event_choices":[{"damage_healed":0.0,"max_hp_gain":5.0,"max_hp_loss":0.0,"gold_gain":0.0,"event_name":"Big Fish","player_choice":"Donut","floor":2.0,"gold_loss":0.0,"damage_taken":0.0},{"damage_healed":0.0,"max_hp_gain":0.0,"max_hp_loss":0.0,"gold_gain":0.0,"event_name":"Scrap Ooze","player_choice":"Success","floor":3.0,"gold_loss":0.0,"damage_taken":18.0,"relics_obtained":["Blood Vial"]},{"cards_removed":["Strike_R"],"damage_healed":0.0,"max_hp_gain":0.0,"max_hp_loss":0.0,"gold_gain":0.0,"event_name":"Living Wall","player_choice":"Forget","floor":13.0,"gold_loss":0.0,"damage_taken":0.0},{"damage_healed":0.0,"max_hp_gain":0.0,"max_hp_loss":0.0,"gold_gain":0.0,"event_name":"Vampires","player_choice":"Ignored","floor":21.0,"gold_loss":0.0,"damage_taken":0.0},{"damage_healed":0.0,"max_hp_gain":5.0,"max_hp_loss":0.0,"gold_gain":0.0,"event_name":"Forgotten Altar","player_choice":"Shed Blood","floor":22.0,"gold_loss":0.0,"damage_taken":21.0},{"damage_healed":0.0,"max_hp_gain":0.0,"max_hp_loss":0.0,"gold_gain":0.0,"event_name":"N\u0027loth","player_choice":"Traded Relic","floor":27.0,"relics_lost":["Tiny Chest"],"gold_loss":0.0,"damage_taken":0.0,"relics_obtained":["Nloth\u0027s Gift"]},{"damage_healed":0.0,"max_hp_gain":0.0,"max_hp_loss":0.0,"gold_gain":0.0,"event_name":"SensoryStone","player_choice":"Memory 3","floor":36.0,"gold_loss":0.0,"damage_taken":10.0},{"damage_healed":0.0,"max_hp_gain":0.0,"max_hp_loss":5.0,"gold_gain":0.0,"event_name":"Winding Halls","player_choice":"Max HP","floor":38.0,"gold_loss":0.0,"damage_taken":0.0},{"damage_healed":86,"gold_gain":0,"player_choice":"Heal","damage_taken":0,"max_hp_gain":0,"max_hp_loss":0,"event_name":"MindBloom","floor":45,"gold_loss":0,"cards_obtained":["Doubt"]},{"damage_healed":0,"gold_gain":0,"player_choice":"Got Potions","damage_taken":0,"max_hp_gain":0,"max_hp_loss":0,"event_name":"Lab","floor":48,"gold_loss":0}],"is_beta":false,"boss_relics":[{"not_picked":["Tiny House","Fusion Hammer"],"picked":"Empty Cage"},{"not_picked":["Orrery","Astrolabe"],"picked":"Mark of Pain"}],"items_purged_floors":[24,28,37],"is_endless":false,"potions_floor_spawned":[1,4,8,11,14,16,19,25,30,31,44],"ascension_level":0}