{"gold_per_floor":[19,19,35,45,45,45,60,60,60,77,95,112,112,129,129,225,225,239,239,259,274,66,66,77,94,171,171,27,27,46,56,56,156,156,172,172,82,95,95],"floor_reached":39,"playtime":3452,"items_purged":[],"score":404,"play_id":"3048260d-799c-4294-864b-f63e07d775b4","local_time":"20181201131511","is_ascension_mode":false,"campfire_choices":[{"data":"Dualcast","floor":6,"key":"SMITH"},{"data":"Lockon","floor":8,"key":"SMITH"},{"data":"Conserve Battery","floor":13,"key":"SMITH"},{"floor":15,"key":"REST"},{"data":"White Noise","floor":23,"key":"SMITH"},{"data":"Static Discharge","floor":27,"key":"SMITH"},{"floor":32,"key":"REST"}],"neow_cost":"NO_GOLD","seed_source_timestamp":10050079817828,"circlet_count":0,"master_deck":["Defend_B","Defend_B+1","Defend_B+1","Defend_B+1","Zap","Dualcast+1","Lockon+1","Leap","Ball Lightning","Conserve Battery+1","Reprogram","Electrodynamics","Undo+1","Leap+1","White Noise+1","Static Discharge+1","White Noise+1"],"relics":["FrozenCore","Dead Branch","Bottled Flame","GremlinMask","Runic Capacitor","Singing Bowl","War Paint","Empty Cage"],"potions_floor_usage":[10,16,16],"damage_taken":[{"damage":5,"enemies":"2 Louse","floor":1,"turns":2},{"damage":11,"enemies":"Jaw Worm","floor":3,"turns":2},{"damage":1,"enemies":"Cultist","floor":4,"turns":3},{"damage":1,"enemies":"Looter","floor":7,"turns":3},{"damage":0,"enemies":"Lots of Slimes","floor":10,"turns":1},{"damage":5,"enemies":"3 Louse","floor":11,"turns":3},{"damage":1,"enemies":"Looter","floor":12,"turns":2},{"damage":3,"enemies":"Lots of Slimes","floor":14,"turns":4},{"damage":13,"enemies":"The Guardian","floor":16,"turns":12},{"damage":10,"enemies":"Shell Parasite","floor":18,"turns":8},{"damage":4,"enemies":"Chosen","floor":20,"turns":6},{"damage":8,"enemies":"Shelled Parasite and Fungi","floor":21,"turns":10},{"damage":13,"enemies":"Snecko","floor":24,"turns":8},{"damage":2,"enemies":"Centurion and Healer","floor":25,"turns":6},{"damage":6,"enemies":"Snake Plant","floor":30,"turns":5},{"damage":0,"enemies":"Shelled Parasite and Fungi","floor":31,"turns":9},{"damage":14,"enemies":"Champ","floor":33,"turns":8},{"damage":14,"enemies":"3 Darklings","floor":35,"turns":6},{"damage":18,"enemies":"3 Shapes","floor":38,"turns":7},{"damage":80,"enemies":"Transient","floor":39,"turns":5}],"seed_played":"-4141816113211771195","potions_obtained":[{"floor":1,"key":"AttackPotion"},{"floor":7,"key":"FearPotion"},{"floor":10,"key":"EssenceOfSteel"},{"floor":11,"key":"EssenceOfSteel"},{"floor":18,"key":"Dexterity Potion"},{"floor":21,"key":"Dexterity Potion"},{"floor":25,"key":"Dexterity Potion"}],"is_trial":false,"path_per_floor":["M","?","M","M","?","R","M","R","T","M","M","M","R","M","R","B",null,"M","?","M","M","$","R","M","M","T","R","$","?","M","M","R","B",null,"M","?","?","M","M"],"character_chosen":"DEFECT","items_purchased":["Runic Capacitor","War Paint"],"campfire_rested":2,"item_purchase_floors":[22,28],"current_hp_per_floor":[84,72,61,60,53,53,52,52,52,52,47,46,46,43,69,56,89,79,79,75,67,67,67,54,52,52,52,52,52,48,48,75,63,93,81,81,81,65,0],"gold":95,"neow_bonus":"TWENTY_PERCENT_HP_BONUS","is_prod":false,"is_daily":false,"chose_seed":false,"campfire_upgraded":5,"win_rate":0,"timestamp":1543659311,"path_taken":["M","?","M","M","?","R","M","R","T","M","?","M","R","M","R","BOSS","M","?","?","M","$","R","M","M","T","R","$","?","?","M","R","BOSS","M","?","?","?","M"],"build_version":"2018-11-15","purchased_purges":0,"victory":false,"max_hp_per_floor":[89,89,89,89,89,89,89,89,89,89,89,89,89,89,89,89,89,89,89,89,89,89,89,89,89,89,89,89,89,91,91,91,93,93,95,95,95,97,97],"card_choices":[{"not_picked":["Stack","Sweeping Beam"],"picked":"Lockon","floor":1},{"not_picked":["Rip and Tear","Sunder","Aggregate"],"picked":"SKIP","floor":3},{"not_picked":["Undo","Coolheaded"],"picked":"Leap","floor":4},{"not_picked":["Leap","Rip and Tear"],"picked":"Ball Lightning","floor":7},{"not_picked":["Loop","Beam Cell"],"picked":"Conserve Battery","floor":10},{"not_picked":["All For One","Beam Cell"],"picked":"Reprogram","floor":11},{"not_picked":["BootSequence","Lockon","Gash"],"picked":"SKIP","floor":12},{"not_picked":["Ball Lightning","Leap","Go for the Eyes"],"picked":"SKIP","floor":14},{"not_picked":["All For One","Meteor Strike"],"picked":"Electrodynamics","floor":16},{"not_picked":["Streamline","Gash"],"picked":"Undo+1","floor":18},{"not_picked":["Loop","Chaos"],"picked":"Leap+1","floor":20},{"not_picked":["Rip and Tear","Beam Cell+1"],"picked":"White Noise","floor":21},{"not_picked":["Hologram","Compile Driver+1"],"picked":"Static Discharge","floor":24},{"not_picked":["Core Surge","Glacier","Turbo+1"],"picked":"SKIP","floor":25},{"not_picked":["Sweeping Beam","Beam Cell+1","Chill"],"picked":"Singing Bowl","floor":30},{"not_picked":["Gash+1","Compile Driver"],"picked":"White Noise+1","floor":31},{"not_picked":["All For One","Fission","Meteor Strike"],"picked":"Singing Bowl","floor":33},{"not_picked":["Leap","Reinforced Body","BootSequence"],"picked":"Singing Bowl","floor":35},{"not_picked":["Conserve Battery","Beam Cell+1","Ball Lightning"],"picked":"Singing Bowl","floor":38}],"player_experience":237210,"relics_obtained":[{"floor":9,"key":"Bottled Flame"},{"floor":26,"key":"Singing Bowl"}],"event_choices":[{"damage_healed":0,"gold_gain":0,"player_choice":"Success","damage_taken":12,"relics_obtained":["Dead Branch"],"max_hp_gain":0,"max_hp_loss":0,"event_name":"Scrap Ooze","floor":2,"gold_loss":0},{"cards_removed":["Strike_B"],"damage_healed":0,"gold_gain":0,"player_choice":"Card Removal","damage_taken":7,"max_hp_gain":0,"max_hp_loss":0,"event_name":"Golden Wing","floor":5,"gold_loss":0},{"damage_healed":0,"gold_gain":0,"player_choice":"Trade","damage_taken":0,"relics_obtained":["GremlinMask"],"max_hp_gain":0,"max_hp_loss":0,"event_name":"FaceTrader","floor":19,"gold_loss":0},{"damage_healed":0,"gold_gain":0,"player_choice":"Ignored","damage_taken":0,"max_hp_gain":0,"max_hp_loss":0,"event_name":"NoteForYourself","floor":29,"gold_loss":0},{"damage_healed":0,"gold_gain":0,"player_choice":"Ignored","damage_taken":0,"max_hp_gain":0,"max_hp_loss":0,"event_name":"Mysterious Sphere","floor":36,"gold_loss":0},{"cards_removed":["Strike_B"],"damage_healed":0,"gold_gain":0,"player_choice":"Upgrade and Remove","damage_taken":0,"max_hp_gain":0,"max_hp_loss":0,"event_name":"Designer","floor":37,"gold_loss":90,"cards_upgraded":["Defend_B"]}],"is_beta":false,"boss_relics":[{"not_picked":["Ectoplasm","Black Star"],"picked":"FrozenCore"},{"not_picked":["White Beast Statue","Philosopher\u0027s Stone"],"picked":"Empty Cage"}],"items_purged_floors":[],"is_endless":false,"potions_floor_spawned":[1,7,10,11,18,21,25,30,38],"killed_by":"Transient","ascension_level":0}