{"gold_per_floor":[216,229,242,260,275,307,319,23,23,23,36,70,70,85,85,85],"floor_reached":16,"playtime":1319,"items_purged":[],"score":114,"play_id":"24ac76cc-57c7-4e01-948e-bc1ace9c21b9","local_time":"20190105193544","is_ascension_mode":false,"campfire_choices":[{"data":"Genetic Algorithm","floor":7,"key":"SMITH"},{"data":"Genetic Algorithm","floor":13,"key":"SMITH"},{"data":"Dualcast","floor":15,"key":"SMITH"}],"neow_cost":"NONE","seed_source_timestamp":167823833709736,"circlet_count":0,"master_deck":["Strike_B","Strike_B","Strike_B","Strike_B","Defend_B","Defend_B","Defend_B","Defend_B","Zap","Dualcast+1","Stack","Genetic Algorithm+1","Conserve Battery","Go for the Eyes","Cold Snap","Genetic Algorithm+1","Double Energy+1","Gash","Double Energy+1","Glacier+1"],"relics":["Cracked Core","MawBank","Toxic Egg 2","Omamori","Golden Idol","Centennial Puzzle"],"potions_floor_usage":[6,12],"damage_taken":[{"damage":0,"enemies":"2 Louse","floor":1,"turns":2},{"damage":0,"enemies":"Small Slimes","floor":2,"turns":4},{"damage":9,"enemies":"Cultist","floor":3,"turns":4},{"damage":6,"enemies":"Exordium Wildlife","floor":4,"turns":6},{"damage":0,"enemies":"Large Slime","floor":5,"turns":6},{"damage":11,"enemies":"3 Sentries","floor":6,"turns":8},{"damage":0,"enemies":"Blue Slaver","floor":11,"turns":4},{"damage":7,"enemies":"Lagavulin","floor":12,"turns":10},{"damage":0,"enemies":"Looter","floor":14,"turns":4},{"damage":61,"enemies":"Hexaghost","floor":16,"turns":18}],"seed_played":"3264968710100342210","potions_obtained":[{"floor":3,"key":"Ancient Potion"},{"floor":4,"key":"AttackPotion"},{"floor":11,"key":"Regen Potion"}],"is_trial":false,"path_per_floor":["M","M","M","M","M","E","R","$","T","?","M","E","R","M","R","B"],"character_chosen":"DEFECT","items_purchased":["Toxic Egg 2","Double Energy+1"],"campfire_rested":0,"item_purchase_floors":[8,8],"current_hp_per_floor":[75,75,66,60,60,49,49,49,49,49,49,57,57,57,57,0],"gold":85,"neow_bonus":"HUNDRED_GOLD","is_prod":false,"is_daily":false,"chose_seed":false,"campfire_upgraded":3,"win_rate":0.0,"timestamp":1546688144,"path_taken":["M","M","M","M","M","E","R","$","T","?","M","E","R","M","R","BOSS"],"build_version":"2019-01-03v4","purchased_purges":0,"victory":false,"max_hp_per_floor":[75,75,75,75,75,75,75,75,75,75,75,75,75,75,75,75],"card_choices":[{"not_picked":["Leap","Darkness"],"picked":"Stack","floor":1},{"not_picked":["Barrage","Steam"],"picked":"Genetic Algorithm","floor":2},{"not_picked":["Steam Power","Static Discharge"],"picked":"Conserve Battery","floor":3},{"not_picked":["Rebound","Leap"],"picked":"Go for the Eyes","floor":4},{"not_picked":["Leap","Ball Lightning"],"picked":"Cold Snap","floor":5},{"not_picked":["Aggregate","Sweeping Beam"],"picked":"Genetic Algorithm","floor":6},{"not_picked":["BootSequence+1","Doom and Gloom"],"picked":"Gash","floor":11},{"not_picked":["Force Field+1","Amplify+1"],"picked":"Double Energy+1","floor":12},{"not_picked":["Force Field+1","Rebound"],"picked":"Glacier+1","floor":14}],"player_experience":50503,"relics_obtained":[{"floor":6,"key":"MawBank"},{"floor":9,"key":"Omamori"},{"floor":12,"key":"Centennial Puzzle"}],"event_choices":[{"damage_healed":0,"gold_gain":0,"player_choice":"Take Wound","damage_taken":0,"relics_obtained":["Golden Idol"],"max_hp_gain":0,"max_hp_loss":0,"event_name":"Golden Idol","floor":10,"gold_loss":0,"cards_obtained":["Injury"]}],"is_beta":false,"boss_relics":[],"items_purged_floors":[],"is_endless":false,"potions_floor_spawned":[3,4,11],"killed_by":"Hexaghost","ascension_level":0}