{"gold_per_floor":[116,134,146,146,3,3,33,33,33,48,80,80,97,111,111,210,210,228,247,247,247,49,49,49],"floor_reached":24,"playtime":1768,"items_purged":["Strike_R","Strike_R"],"score":206,"play_id":"1c4fd898-9b13-49f6-8628-f5ecd6f8ec7e","local_time":"20181007215017","is_ascension_mode":false,"campfire_choices":[{"data":"Metallicize","floor":6,"key":"SMITH"},{"data":"Bloodletting","floor":15,"key":"SMITH"},{"data":"Dual Wield","floor":23,"key":"SMITH"}],"neow_cost":"NONE","seed_source_timestamp":38089212197556,"circlet_count":0,"master_deck":["Defend_R","Defend_R","Defend_R","Defend_R","Bash","Body Slam","Rampage","Anger","Metallicize+1","Bloodletting+1","Dual Wield+1","Rampage","Armaments","Barricade+1","Seeing Red","Impatience"],"relics":["Burning Blood","Incense Burner","Ice Cream","Calipers","Bottled Lightning","Empty Cage"],"potions_floor_usage":[16,16],"damage_taken":[{"damage":1,"enemies":"Cultist","floor":1,"turns":4},{"damage":2,"enemies":"2 Louse","floor":2,"turns":3},{"damage":5,"enemies":"Small Slimes","floor":3,"turns":3},{"damage":14,"enemies":"Lagavulin","floor":7,"turns":7},{"damage":4,"enemies":"Blue Slaver","floor":10,"turns":3},{"damage":18,"enemies":"Gremlin Nob","floor":11,"turns":5},{"damage":6,"enemies":"Gremlin Gang","floor":13,"turns":6},{"damage":19,"enemies":"Large Slime","floor":14,"turns":5},{"damage":43,"enemies":"The Guardian","floor":16,"turns":11},{"damage":13,"enemies":"Shell Parasite","floor":18,"turns":8},{"damage":33,"enemies":"Spheric Guardian","floor":19,"turns":8},{"damage":48,"enemies":"Cultist and Chosen","floor":24,"turns":7}],"seed_played":"1812117122568395777","potions_obtained":[{"floor":1,"key":"Block Potion"},{"floor":7,"key":"Energy Potion"},{"floor":13,"key":"SkillPotion"},{"floor":14,"key":"PowerPotion"}],"is_trial":false,"path_per_floor":["M","M","M","?","$","R","E","$","T","M","E","T","M","M","R","B",null,"M","M","?","?","$","R"],"character_chosen":"IRONCLAD","items_purchased":["Bloodletting","Impatience"],"campfire_rested":0,"item_purchase_floors":[5,22],"current_hp_per_floor":[80,80,80,80,80,80,72,72,72,74,62,62,62,49,49,12,80,73,46,46,46,46,46,0],"gold":49,"neow_bonus":"THREE_CARDS","is_prod":false,"is_daily":false,"chose_seed":false,"campfire_upgraded":3,"win_rate":0,"timestamp":1538938217,"path_taken":["M","?","M","?","$","R","E","$","T","M","E","?","M","M","R","BOSS","M","?","?","?","$","R","M"],"build_version":"2018-10-04v2","purchased_purges":2,"victory":false,"max_hp_per_floor":[80,80,80,80,80,80,80,80,80,80,80,80,80,80,80,80,80,80,80,80,80,80,80,80],"card_choices":[{"not_picked":["Feel No Pain","Twin Strike"],"picked":"Body Slam","floor":0},{"not_picked":["Flame Barrier","Thunderclap"],"picked":"Rampage","floor":1},{"not_picked":["Body Slam","Thunderclap"],"picked":"Anger","floor":2},{"not_picked":["Entrench","Iron Wave"],"picked":"Metallicize","floor":3},{"not_picked":["Flex","Cleave"],"picked":"Dual Wield","floor":7},{"not_picked":["Burning Pact","Hemokinesis","Blood for Blood"],"picked":"SKIP","floor":10},{"not_picked":["Burning Pact","Hemokinesis","Blood for Blood"],"picked":"SKIP","floor":10},{"not_picked":["Burning Pact","Hemokinesis","Blood for Blood"],"picked":"SKIP","floor":10},{"not_picked":["Burning Pact","Bludgeon"],"picked":"Rampage","floor":11},{"not_picked":["Cleave","Evolve"],"picked":"Armaments","floor":13},{"not_picked":["Cleave","Anger","True Grit"],"picked":"SKIP","floor":14},{"not_picked":["Limit Break","Immolate"],"picked":"Barricade","floor":16},{"not_picked":["Iron Wave","Headbutt+1","Disarm"],"picked":"SKIP","floor":18},{"not_picked":["Thunderclap","Headbutt"],"picked":"Seeing Red","floor":19}],"player_experience":54623,"relics_obtained":[{"floor":7,"key":"Incense Burner"},{"floor":9,"key":"Ice Cream"},{"floor":11,"key":"Calipers"},{"floor":12,"key":"Bottled Lightning"}],"event_choices":[{"event_name":"Purifier","player_choice":"One Purge","floor":4,"damage_taken":0},{"event_name":"Ghosts","player_choice":"Ignored","floor":20,"damage_taken":0},{"event_name":"Upgrade Shrine","player_choice":"Upgraded","floor":21,"damage_taken":0}],"is_beta":false,"boss_relics":[{"not_picked":["Runic Pyramid","Fusion Hammer"],"picked":"Empty Cage"}],"items_purged_floors":[5,22],"is_endless":false,"potions_floor_spawned":[1,7,13,14],"killed_by":"Cultist and Chosen","ascension_level":0}