{"gold_per_floor":[114,125,125,125,142,142,168,168,193,203,203,219,235,235,235,339,339,358,101,117,132,143,143,143,143,196,196,0,0,19,37,37,132,132,152,252,5,5,24,51,69,80,80,80,127,46,62,78,78,78],"floor_reached":50,"playtime":5337,"items_purged":["Strike_B"],"score":501,"play_id":"1f415239-d643-4fe7-8ffc-e8117fcc61d7","local_time":"20181118222413","is_ascension_mode":false,"campfire_choices":[{"data":"Genetic Algorithm","floor":6,"key":"SMITH"},{"floor":8,"key":"REST"},{"data":"Double Energy","floor":11,"key":"SMITH"},{"data":"Chaos","floor":15,"key":"SMITH"},{"floor":23,"key":"REST"},{"floor":25,"key":"REST"},{"data":"Metamorphosis","floor":29,"key":"SMITH"},{"floor":32,"key":"REST"},{"floor":44,"key":"REST"},{"data":"Chrysalis","floor":49,"key":"SMITH"}],"neow_cost":"NONE","seed_source_timestamp":35590609140100,"circlet_count":0,"master_deck":["Dualcast","Coolheaded","Genetic Algorithm+1","Chaos+1","Double Energy+1","FTL","All For One","Stack+1","Metamorphosis+1","Static Discharge","Hello World","BootSequence+1","Hologram+1","Machine Learning","Leap+1","Redo+1","White Noise+1","Hologram+1","Steam+1","Chrysalis+1","Good Instincts","Creative AI","Glacier+1","Self Repair","Chill+1"],"relics":["Cracked Core","NeowsBlessing","Blood Vial","Bronze Scales","Empty Cage","Art of War","Astrolabe","Dead Branch","Mango","Matryoshka","Centennial Puzzle","Bottled Tornado"],"potions_floor_usage":[7,13,13,16,21,22,33,33,40,50,50],"damage_taken":[{"damage":0,"enemies":"Cultist","floor":1,"turns":1},{"damage":0,"enemies":"2 Louse","floor":2,"turns":1},{"damage":0,"enemies":"Small Slimes","floor":5,"turns":1},{"damage":39,"enemies":"Gremlin Nob","floor":7,"turns":4},{"damage":3,"enemies":"Looter","floor":10,"turns":4},{"damage":0,"enemies":"2 Fungi Beasts","floor":12,"turns":4},{"damage":5,"enemies":"Large Slime","floor":13,"turns":6},{"damage":54,"enemies":"Hexaghost","floor":16,"turns":10},{"damage":7,"enemies":"Chosen","floor":18,"turns":7},{"damage":9,"enemies":"3 Byrds","floor":20,"turns":3},{"damage":11,"enemies":"Centurion and Healer","floor":21,"turns":5},{"damage":37,"enemies":"Shelled Parasite and Fungi","floor":22,"turns":6},{"damage":14,"enemies":"Snake Plant","floor":30,"turns":3},{"damage":20,"enemies":"Cultist and Chosen","floor":31,"turns":5},{"damage":36,"enemies":"Champ","floor":33,"turns":10},{"damage":0,"enemies":"Orb Walker","floor":35,"turns":3},{"damage":14,"enemies":"Mind Bloom Boss Battle","floor":36,"turns":5},{"damage":0,"enemies":"3 Darklings","floor":39,"turns":6},{"damage":39,"enemies":"Giant Head","floor":40,"turns":8},{"damage":7,"enemies":"Transient","floor":41,"turns":5},{"damage":1,"enemies":"Maw","floor":42,"turns":7},{"damage":15,"enemies":"Spire Growth","floor":47,"turns":5},{"damage":0,"enemies":"3 Darklings","floor":48,"turns":5},{"damage":82,"enemies":"Donu and Deca","floor":50,"turns":10}],"seed_played":"-4142190717068856108","potions_obtained":[{"floor":2,"key":"LiquidBronze"},{"floor":4,"key":"FocusPotion"},{"floor":4,"key":"Swift Potion"},{"floor":12,"key":"GamblersBrew"},{"floor":16,"key":"Poison Potion"},{"floor":20,"key":"EssenceOfSteel"},{"floor":21,"key":"AttackPotion"},{"floor":30,"key":"Energy Potion"},{"floor":35,"key":"SpeedPotion"},{"floor":36,"key":"SpeedPotion"},{"floor":41,"key":"FocusPotion"}],"is_trial":false,"path_per_floor":["M","M","?","?","M","R","E","R","T","M","R","M","M","?","R","B",null,"M","$","M","M","M","R","?","R","T","?","?","R","M","M","R","B",null,"M","?","$","?","M","E","M","M","T","R","T","$","M","M","R","B"],"character_chosen":"DEFECT","items_purchased":["Metamorphosis","Chrysalis","EssenceOfSteel","Self Repair"],"campfire_rested":5,"item_purchase_floors":[19,37,37,46],"current_hp_per_floor":[75,75,75,75,75,75,36,58,58,57,57,59,56,75,75,21,75,68,68,61,52,17,39,25,49,49,49,49,49,37,19,43,9,80,80,66,66,66,68,45,40,41,41,69,69,69,63,72,72,0],"gold":78,"neow_bonus":"THREE_ENEMY_KILL","is_prod":false,"is_daily":false,"chose_seed":false,"campfire_upgraded":5,"win_rate":0.0,"timestamp":1542569053,"path_taken":["M","?","?","?","?","R","E","R","T","M","R","M","M","?","R","BOSS","M","$","M","M","M","R","?","R","T","?","?","R","M","M","R","BOSS","M","?","?","?","?","E","M","M","T","R","?","?","M","M","R","BOSS"],"build_version":"2018-11-15","purchased_purges":1,"victory":false,"max_hp_per_floor":[75,75,75,75,75,75,75,75,75,75,75,75,75,75,75,75,75,75,75,75,75,75,75,80,80,80,80,80,80,80,80,80,80,80,80,80,80,80,80,94,94,94,94,94,94,94,94,94,94,94],"card_choices":[{"not_picked":["Redo","Cold Snap"],"picked":"Coolheaded","floor":1},{"not_picked":["Streamline","Cold Snap"],"picked":"Genetic Algorithm","floor":2},{"not_picked":["Ball Lightning","Gash","Hologram"],"picked":"SKIP","floor":5},{"not_picked":["Streamline","Heatsinks"],"picked":"Chaos","floor":7},{"not_picked":["Fusion","Skim"],"picked":"Double Energy","floor":10},{"not_picked":["Gash","Consume","Leap"],"picked":"SKIP","floor":12},{"not_picked":["Consume","Hologram"],"picked":"FTL","floor":13},{"not_picked":["Amplify","Thunder Strike"],"picked":"All For One","floor":16},{"not_picked":["Auto Shields","Ball Lightning"],"picked":"Stack+1","floor":18},{"not_picked":["Redo","Leap","Compile Driver"],"picked":"SKIP","floor":20},{"not_picked":["Beam Cell","Sweeping Beam","Melter"],"picked":"SKIP","floor":21},{"not_picked":["Redo","Gash","Amplify"],"picked":"SKIP","floor":22},{"not_picked":["Ball Lightning","Barrage"],"picked":"BootSequence+1","floor":30},{"not_picked":["Streamline","Steam"],"picked":"Hologram+1","floor":31},{"not_picked":["Rainbow","Fission"],"picked":"Machine Learning","floor":33},{"not_picked":["Beam Cell","Stack+1"],"picked":"Hologram+1","floor":35},{"not_picked":["Go for the Eyes+1","Streamline+1"],"picked":"Steam+1","floor":36},{"not_picked":["PanicButton","Impatience"],"picked":"Good Instincts","floor":38},{"not_picked":["Coolheaded","Ball Lightning"],"picked":"Creative AI","floor":39},{"not_picked":["Hologram","Static Discharge","Redo"],"picked":"SKIP","floor":40},{"not_picked":["Go for the Eyes","Sweeping Beam+1"],"picked":"Glacier+1","floor":41},{"not_picked":["Redo+1","Melter","Coolheaded"],"picked":"SKIP","floor":42},{"not_picked":["Static Discharge","Redo"],"picked":"Chill+1","floor":47},{"not_picked":["Barrage+1","Gash","Conserve Battery+1"],"picked":"SKIP","floor":48}],"player_experience":185539,"relics_obtained":[{"floor":7,"key":"Blood Vial"},{"floor":9,"key":"Bronze Scales"},{"floor":26,"key":"Art of War"},{"floor":36,"key":"Dead Branch"},{"floor":40,"key":"Mango"},{"floor":43,"key":"Matryoshka"},{"floor":45,"key":"Centennial Puzzle"},{"floor":45,"key":"Bottled Tornado"}],"event_choices":[{"cards_removed":["Strike_B"],"damage_healed":0,"gold_gain":0,"player_choice":"Forget","damage_taken":0,"max_hp_gain":0,"max_hp_loss":0,"event_name":"Living Wall","floor":3,"gold_loss":0},{"damage_healed":0,"gold_gain":0,"player_choice":"Got Potions","damage_taken":0,"max_hp_gain":0,"max_hp_loss":0,"event_name":"Lab","floor":4,"gold_loss":0},{"damage_healed":25,"gold_gain":0,"player_choice":"Banana","damage_taken":0,"max_hp_gain":0,"max_hp_loss":0,"event_name":"Big Fish","floor":14,"gold_loss":0},{"damage_healed":0,"gold_gain":0,"player_choice":"Shed Blood","damage_taken":19,"max_hp_gain":5,"max_hp_loss":0,"event_name":"Forgotten Altar","floor":24,"gold_loss":0},{"damage_healed":0,"gold_gain":0,"cards_transformed":["Defend_B","Defend_B"],"player_choice":"Became Test Subject","damage_taken":0,"max_hp_gain":0,"max_hp_loss":0,"event_name":"Drug Dealer","floor":27,"gold_loss":0,"cards_obtained":["Static Discharge","Hello World"]},{"damage_healed":0,"gold_gain":0,"player_choice":"Paid Fearfully","damage_taken":0,"max_hp_gain":0,"max_hp_loss":0,"event_name":"Masked Bandits","floor":28,"gold_loss":196},{"damage_healed":0,"gold_gain":0,"player_choice":"Fight","damage_taken":0,"max_hp_gain":0,"max_hp_loss":0,"event_name":"MindBloom","floor":36,"gold_loss":0},{"damage_healed":0,"gold_gain":0,"player_choice":"Memory 1","damage_taken":0,"max_hp_gain":0,"max_hp_loss":0,"event_name":"SensoryStone","floor":38,"gold_loss":0}],"is_beta":false,"boss_relics":[{"not_picked":["Lizard Tail","Orrery"],"picked":"Empty Cage"},{"not_picked":["Snecko Eye","Philosopher\u0027s Stone"],"picked":"Astrolabe"}],"items_purged_floors":[19],"is_endless":false,"potions_floor_spawned":[2,12,16,20,21,30,35,36,39,41],"killed_by":"Donu and Deca","ascension_level":0}