{"gold_per_floor":[113,9,9,9,24,24,41,41,95,107,122,132,163,183,183,282,282,302,17,17,32,44,44,44,75,155,171,271,271,297,0,0,0],"floor_reached":33,"playtime":4836,"items_purged":[],"score":267,"play_id":"6825dd01-07e2-4813-a604-bbd0f4a32296","local_time":"20180709201208","is_ascension_mode":false,"campfire_choices":[{"data":"Armaments","floor":6,"key":"SMITH"},{"data":"Iron Wave","floor":8,"key":"SMITH"},{"data":"Double Tap","floor":15,"key":"SMITH"},{"floor":23,"key":"REST"},{"floor":29,"key":"REST"},{"floor":32,"key":"REST"}],"neow_cost":"","seed_source_timestamp":43748636767138,"circlet_count":0,"master_deck":["Strike_R","Strike_R","Strike_R","Strike_R","Strike_R+1","Defend_R","Defend_R","Defend_R","Defend_R","Bash","Armaments+1","Dark Shackles+1","Iron Wave+1","Clash","Body Slam","Double Tap+1","Uppercut","Flex","Second Wind","Impervious","Perfected Strike","Trip","Dual Wield","Pommel Strike+1","Iron Wave","Pommel Strike"],"relics":["Burning Blood","Boot","Blood Vial","Mark of Pain","Medical Kit","Bronze Scales","Toxic Egg 2","Happy Flower"],"potions_floor_usage":[16,16,16,25,33],"damage_taken":[{"damage":15,"enemies":"Jaw Worm","floor":1,"turns":4},{"damage":1,"enemies":"2 Louse","floor":5,"turns":4},{"damage":0,"enemies":"Cultist","floor":7,"turns":4},{"damage":1,"enemies":"Gremlin Gang","floor":10,"turns":5},{"damage":2,"enemies":"3 Louse","floor":11,"turns":2},{"damage":7,"enemies":"Blue Slaver","floor":12,"turns":3},{"damage":17,"enemies":"Gremlin Nob","floor":13,"turns":4},{"damage":7,"enemies":"Large Slime","floor":14,"turns":5},{"damage":30,"enemies":"The Guardian","floor":16,"turns":8},{"damage":0,"enemies":"Chosen","floor":18,"turns":5},{"damage":16,"enemies":"2 Thieves","floor":21,"turns":5},{"damage":37,"enemies":"Centurion and Healer","floor":22,"turns":8},{"damage":41,"enemies":"Slavers","floor":25,"turns":6},{"damage":20,"enemies":"Cultist and Chosen","floor":27,"turns":5},{"damage":77,"enemies":"Champ","floor":33,"turns":8}],"seed_played":"-5289539469303930770","potions_obtained":[{"floor":5,"key":"Energy Potion"},{"floor":7,"key":"BloodPotion"},{"floor":13,"key":"Ancient Potion"},{"floor":21,"key":"Ancient Potion"},{"floor":27,"key":"SkillPotion"}],"is_trial":false,"path_per_floor":["M","$","?","$","M","R","M","R","T","M","M","M","E","M","R","B",null,"M","$","?","M","M","R","$","E","T","M","?","R","T","?","R"],"character_chosen":"IRONCLAD","items_purchased":["Dark Shackles","Medical Kit","Trip"],"campfire_rested":3,"item_purchase_floors":[2,19,19],"current_hp_per_floor":[71,71,55,55,60,60,66,66,66,71,75,74,63,64,64,50,80,80,80,80,70,41,65,65,32,32,20,20,44,44,44,68,0],"gold":0,"neow_bonus":"","is_prod":false,"is_daily":false,"chose_seed":false,"campfire_upgraded":3,"win_rate":0.0,"timestamp":1531156328,"path_taken":["M","$","?","?","M","R","M","R","T","M","M","M","E","?","R","BOSS","M","$","?","M","M","R","$","E","T","M","?","R","?","?","R","BOSS"],"build_version":"2018-07-05","purchased_purges":0,"victory":false,"max_hp_per_floor":[80,80,80,80,80,80,80,80,80,80,80,80,80,80,80,80,80,80,80,80,80,80,80,80,80,80,80,80,80,80,80,80,80],"card_choices":[{"not_picked":["Cleave","Rupture"],"picked":"Armaments","floor":1},{"not_picked":["Clash","Clothesline"],"picked":"Iron Wave","floor":5},{"not_picked":["Body Slam","Shrug It Off"],"picked":"Clash","floor":7},{"not_picked":["Sword Boomerang","Sever Soul"],"picked":"Body Slam","floor":10},{"not_picked":["Twin Strike","Corruption"],"picked":"Double Tap","floor":11},{"not_picked":["Clothesline","Warcry"],"picked":"Uppercut","floor":12},{"not_picked":["Armaments","Demon Form"],"picked":"Flex","floor":13},{"not_picked":["Headbutt","Anger"],"picked":"Second Wind","floor":14},{"not_picked":["Juggernaut","Reaper"],"picked":"Impervious","floor":16},{"not_picked":["Sword Boomerang","Shrug It Off"],"picked":"Perfected Strike","floor":18},{"not_picked":["Anger","Thunderclap"],"picked":"Dual Wield","floor":21},{"not_picked":["Armaments","True Grit"],"picked":"Pommel Strike+1","floor":22},{"not_picked":["Thunderclap","Searing Blow"],"picked":"Iron Wave","floor":25},{"not_picked":["Berserk","Sword Boomerang"],"picked":"Pommel Strike","floor":27}],"player_experience":0,"relics_obtained":[{"floor":9,"key":"Boot"},{"floor":13,"key":"Blood Vial"},{"floor":25,"key":"Bronze Scales"},{"floor":26,"key":"Toxic Egg 2"},{"floor":30,"key":"Happy Flower"}],"event_choices":[{"event_name":"Shining Light","player_choice":"Entered Light","floor":3,"damage_taken":0},{"event_name":"Beggar","player_choice":"Ignored","floor":20,"damage_taken":0},{"event_name":"Golden Shrine","player_choice":"Pray","floor":28,"damage_taken":0},{"event_name":"Masked Bandits","player_choice":"Paid Bandits 297 gold","floor":31,"damage_taken":0}],"boss_relics":[{"not_picked":["Coffee Dripper","Runic Dome"],"picked":"Mark of Pain"}],"items_purged_floors":[],"is_endless":false,"potions_floor_spawned":[5,7,13,14,21,27],"killed_by":"Champ","ascension_level":0}