{"gold_per_floor":[118,137,137,157,30,30,30,69,94,114,114,137,175,75,75,199,199,218,93,109,122,137,137,110,110,110,126,139,163,163,163,163,294,294,310,233,233,65,398,398,105,123,123,142,142,173,17,32,32,32],"floor_reached":51,"playtime":2685,"items_purged":["Strike_B","Strike_B","Strike_B"],"score":710,"play_id":"188d76b3-0ef4-44aa-be5b-54903c02dcc8","local_time":"20190226081455","is_ascension_mode":false,"campfire_choices":[{"data":"White Noise","floor":6.0,"key":"SMITH"},{"data":"Tempest","floor":11.0,"key":"SMITH"},{"data":"Loop","floor":15.0,"key":"SMITH"},{"floor":23.0,"key":"REST"},{"data":"Leap","floor":25.0,"key":"SMITH"},{"floor":30.0,"key":"REST"},{"floor":32.0,"key":"REST"},{"floor":40.0,"key":"REST"},{"floor":49.0,"key":"REST"}],"neow_cost":"NONE","seed_source_timestamp":14694230290314,"circlet_count":0,"master_deck":["Strike_B","Defend_B","Defend_B","Defend_B","Defend_B","Zap","Dualcast","White Noise+1","Auto Shields","Gash","Core Surge","Tempest+1","Loop+1","Echo Form","Conserve Battery","Skim+1","Barrage+1","Leap+1","Fission+1","Biased Cognition","Leap+1","Panacea+1","Master of Strategy+1","Conserve Battery+1","Ball Lightning","Biased Cognition","White Noise+1","Steam+1"],"special_seed":0,"relics":["White Beast Statue","Orichalcum","Anchor","DataDisk","Bottled Flame","Inserter","Toxic Egg 2","Potion Belt","Philosopher\u0027s Stone","Calipers","Gremlin Horn","Blood Vial","PreservedInsect"],"potions_floor_usage":[50,50,50,50,50],"damage_taken":[{"damage":1.0,"enemies":"Jaw Worm","floor":1.0,"turns":4.0},{"damage":2.0,"enemies":"2 Louse","floor":2.0,"turns":4.0},{"damage":0.0,"enemies":"Cultist","floor":4.0,"turns":4.0},{"damage":6.0,"enemies":"3 Sentries","floor":8.0,"turns":5.0},{"damage":0.0,"enemies":"Gremlin Gang","floor":10.0,"turns":5.0},{"damage":11.0,"enemies":"Exordium Thugs","floor":12.0,"turns":5.0},{"damage":12.0,"enemies":"Lagavulin","floor":13.0,"turns":4.0},{"damage":15.0,"enemies":"The Guardian","floor":16.0,"turns":9.0},{"damage":15.0,"enemies":"3 Byrds","floor":18.0,"turns":3.0},{"damage":12.0,"enemies":"Spheric Guardian","floor":20.0,"turns":4.0},{"damage":15.0,"enemies":"Snake Plant","floor":21.0,"turns":4.0},{"damage":10.0,"enemies":"Centurion and Healer","floor":22.0,"turns":4.0},{"damage":8.0,"enemies":"Shelled Parasite and Fungi","floor":27.0,"turns":8.0},{"damage":13.0,"enemies":"Snake Plant","floor":28.0,"turns":4.0},{"damage":57.0,"enemies":"Champ","floor":33.0,"turns":10.0},{"damage":36.0,"enemies":"3 Darklings","floor":35.0,"turns":4.0},{"damage":3.0,"enemies":"Orb Walker","floor":42.0,"turns":3.0},{"damage":4.0,"enemies":"Sphere and 2 Shapes","floor":44.0,"turns":4.0},{"damage":14.0,"enemies":"Giant Head","floor":46.0,"turns":9.0},{"damage":10.0,"enemies":"Transient","floor":48.0,"turns":5.0},{"damage":56,"enemies":"Time Eater","floor":50,"turns":9}],"seed_played":"3576229705838750012","potions_obtained":[{"floor":1.0,"key":"FearPotion"},{"floor":2.0,"key":"SteroidPotion"},{"floor":4.0,"key":"Block Potion"},{"floor":8.0,"key":"PowerPotion"},{"floor":10.0,"key":"Fruit Juice"},{"floor":12.0,"key":"LiquidBronze"},{"floor":18.0,"key":"Dexterity Potion"},{"floor":21.0,"key":"SteroidPotion"},{"floor":22.0,"key":"Block Potion"},{"floor":27.0,"key":"Fruit Juice"},{"floor":28.0,"key":"EssenceOfSteel"},{"floor":33.0,"key":"Fire Potion"},{"floor":35.0,"key":"Explosive Potion"},{"floor":42.0,"key":"Swift Potion"},{"floor":44.0,"key":"Weak Potion"},{"floor":46.0,"key":"SteroidPotion"},{"floor":48.0,"key":"Poison Potion"}],"is_trial":false,"path_per_floor":["M","M","?","M","$","R","?","E","T","M","R","M","E","$","R","B",null,"M","$","M","M","M","R","$","R","T","M","M","T","R","?","R","B",null,"M","$","?","$","?","R","$","M","T","M","?","E","$","M","R","B",null],"character_chosen":"DEFECT","items_purchased":["Gash","Leap","FocusPotion","Master of Strategy+1","Calipers","White Noise+1","Ancient Potion"],"campfire_rested":5,"item_purchase_floors":[5,24,36,38,41,47,47],"current_hp_per_floor":[74,72,69,69,69,69,69,63,63,68,68,57,45,45,45,30,74,59,59,47,32,22,44,44,44,44,41,28,28,51,36,61,4,84,48,48,48,48,48,73,73,70,70,66,66,54,54,46,71,17],"gold":32,"neow_bonus":"BOSS_RELIC","is_prod":false,"is_daily":false,"chose_seed":false,"campfire_upgraded":4,"win_rate":0,"timestamp":1551158095,"path_taken":["M","M","?","M","$","R","?","E","T","M","R","?","E","?","R","BOSS","M","$","M","M","M","R","$","R","T","?","M","?","R","?","R","BOSS","M","$","?","$","?","R","?","M","T","M","?","E","$","M","R","BOSS"],"build_version":"2019-01-23","purchased_purges":3,"victory":true,"max_hp_per_floor":[75,75,69,69,69,69,69,69,69,74,74,74,74,74,74,74,74,74,74,74,74,74,74,74,74,74,79,79,79,79,84,84,84,84,84,84,84,84,84,84,84,84,84,84,84,84,84,84,84,84],"card_choices":[{"not_picked":["Hologram","Undo"],"picked":"White Noise","floor":1.0},{"not_picked":["Rip and Tear","Cold Snap"],"picked":"Auto Shields","floor":2.0},{"not_picked":["Blizzard","Turbo","Cold Snap"],"picked":"SKIP","floor":4.0},{"not_picked":["Ball Lightning","Chill"],"picked":"Core Surge","floor":8.0},{"not_picked":["BootSequence","Doom and Gloom"],"picked":"Tempest","floor":10.0},{"not_picked":["Chaos","Reprogram","Coolheaded"],"picked":"SKIP","floor":12.0},{"not_picked":["Steam Power","Stack"],"picked":"Loop","floor":13.0},{"not_picked":["Meteor Strike","All For One"],"picked":"Echo Form","floor":16.0},{"not_picked":["Cold Snap","Beam Cell"],"picked":"Conserve Battery","floor":18.0},{"not_picked":["Leap","Steam"],"picked":"Skim+1","floor":20.0},{"not_picked":["Steam","Cold Snap"],"picked":"Barrage+1","floor":21.0},{"not_picked":["Auto Shields","Redo","Sweeping Beam"],"picked":"SKIP","floor":22.0},{"not_picked":["Rebound","Cold Snap","Streamline+1"],"picked":"SKIP","floor":27.0},{"not_picked":["Auto Shields+1","Conserve Battery+1"],"picked":"Fission+1","floor":28.0},{"not_picked":["Electrodynamics","Machine Learning"],"picked":"Biased Cognition","floor":33.0},{"not_picked":["Cold Snap","Undo+1"],"picked":"Leap+1","floor":35.0},{"not_picked":["Dark Shackles+1","Swift Strike"],"picked":"Panacea+1","floor":37.0},{"not_picked":["Steam+1","Redo+1"],"picked":"Conserve Battery+1","floor":42.0},{"not_picked":["Recycle+1","Compile Driver+1"],"picked":"Ball Lightning","floor":44.0},{"not_picked":["Skim+1","Aggregate+1"],"picked":"Biased Cognition","floor":46.0},{"not_picked":["Rip and Tear","Fusion+1"],"picked":"Steam+1","floor":48.0}],"player_experience":908222,"relics_obtained":[{"floor":8.0,"key":"Anchor"},{"floor":9.0,"key":"DataDisk"},{"floor":13.0,"key":"Bottled Flame"},{"floor":26.0,"key":"Toxic Egg 2"},{"floor":29.0,"key":"Potion Belt"},{"floor":43.0,"key":"Gremlin Horn"},{"floor":46.0,"key":"PreservedInsect"}],"event_choices":[{"damage_healed":0.0,"max_hp_gain":0.0,"max_hp_loss":6.0,"gold_gain":0.0,"event_name":"Golden Idol","player_choice":"Lose Max HP","floor":3.0,"gold_loss":0.0,"damage_taken":0.0,"relics_obtained":["Golden Idol"]},{"damage_healed":0.0,"max_hp_gain":0.0,"max_hp_loss":0.0,"gold_gain":0.0,"event_name":"Dead Adventurer","player_choice":"Searched \u00271\u0027 times","floor":7.0,"gold_loss":0.0,"damage_taken":0.0,"relics_obtained":["Orichalcum"]},{"damage_healed":0.0,"max_hp_gain":0.0,"max_hp_loss":0.0,"gold_gain":0.0,"event_name":"Dead Adventurer","player_choice":"Searched \u00271\u0027 times","floor":7.0,"gold_loss":0.0,"damage_taken":0.0,"relics_obtained":["Orichalcum"]},{"damage_healed":0.0,"max_hp_gain":5.0,"max_hp_loss":0.0,"gold_gain":0.0,"event_name":"Forgotten Altar","player_choice":"Shed Blood","floor":31.0,"gold_loss":0.0,"damage_taken":20.0},{"damage_healed":0.0,"max_hp_gain":0.0,"max_hp_loss":0.0,"gold_gain":0.0,"event_name":"SensoryStone","player_choice":"Memory 1","floor":37.0,"gold_loss":0.0,"damage_taken":0.0},{"damage_healed":0.0,"max_hp_gain":0.0,"max_hp_loss":0.0,"gold_gain":333.0,"event_name":"The Moai Head","player_choice":"Gave Idol","floor":39.0,"relics_lost":["Golden Idol"],"gold_loss":0.0,"damage_taken":0.0},{"damage_healed":0.0,"max_hp_gain":0.0,"max_hp_loss":0.0,"gold_gain":0.0,"event_name":"WeMeetAgain","player_choice":"Gave Potion","floor":45.0,"gold_loss":0.0,"damage_taken":0.0,"relics_obtained":["Blood Vial"]}],"is_beta":false,"boss_relics":[{"not_picked":["Cursed Key","Fusion Hammer"],"picked":"Inserter"},{"not_picked":["Busted Crown","Orrery"],"picked":"Philosopher\u0027s Stone"}],"items_purged_floors":[5,14,19],"is_endless":false,"potions_floor_spawned":[1,2,4,8,10,12,13,16,18,20,21,22,27,28,33,35,42,44,46,48],"ascension_level":0}