{"gold_per_floor":[117,117,136,136,136,161,187,187,187,197,227,227,245,259,259,362,362,382,382,401,326,343,343,100,112,138,138,138,165,176,188,188,292,292,306,181,181,197,197,197,213,248,248,470,470],"floor_reached":45,"playtime":2375,"items_purged":["Strike_B","Defend_B","Defend_B"],"score":468,"play_id":"ff0f351b-a198-4861-aa74-3da041cf33b5","local_time":"20181202225731","is_ascension_mode":false,"campfire_choices":[{"data":"Reinforced Body","floor":8,"key":"SMITH"},{"data":"Beam Cell","floor":12,"key":"SMITH"},{"data":"Redo","floor":15,"key":"SMITH"},{"data":"Machine Learning","floor":23,"key":"SMITH"},{"data":"Scrape","floor":27,"key":"SMITH"},{"data":"Capacitor","floor":32,"key":"SMITH"},{"data":"Buffer","floor":40,"key":"SMITH"}],"neow_cost":"NONE","seed_source_timestamp":26797908596533,"circlet_count":0,"master_deck":["Defend_B","Defend_B","Zap+1","Dualcast+1","Scrape+1","Reinforced Body+1","Beam Cell+1","Redo+1","Seek+1","Defragment+1","Hologram+1","Compile Driver+1","Machine Learning+1","Capacitor+1","Buffer+1","Gash+1"],"relics":["Cracked Core","NeowsBlessing","Gremlin Horn","Strawberry","Ancient Tea Set","Tiny Chest","Astrolabe","Centennial Puzzle","Juzu Bracelet","Red Mask","Busted Crown","Matryoshka","Anchor","Blood Vial"],"potions_floor_usage":[16,16,29,29,42,45,45],"damage_taken":[{"damage":0,"enemies":"2 Louse","floor":1,"turns":1},{"damage":0,"enemies":"Jaw Worm","floor":3,"turns":1},{"damage":0,"enemies":"Lagavulin","floor":6,"turns":1},{"damage":0,"enemies":"Small Slimes","floor":10,"turns":3},{"damage":0,"enemies":"3 Louse","floor":13,"turns":2},{"damage":0,"enemies":"Red Slaver","floor":14,"turns":3},{"damage":33,"enemies":"Slime Boss","floor":16,"turns":9},{"damage":0,"enemies":"Spheric Guardian","floor":18,"turns":3},{"damage":2,"enemies":"Shell Parasite","floor":20,"turns":5},{"damage":2,"enemies":"3 Cultists","floor":22,"turns":4},{"damage":7,"enemies":"Snake Plant","floor":25,"turns":2},{"damage":5,"enemies":"Masked Bandits","floor":29,"turns":2},{"damage":1,"enemies":"Cultist and Chosen","floor":30,"turns":3},{"damage":7,"enemies":"Snecko","floor":31,"turns":4},{"damage":58,"enemies":"Automaton","floor":33,"turns":8},{"damage":0,"enemies":"3 Shapes","floor":35,"turns":5},{"damage":1,"enemies":"Orb Walker","floor":38,"turns":2},{"damage":0,"enemies":"Sphere and 2 Shapes","floor":41,"turns":3},{"damage":6,"enemies":"Reptomancer","floor":42,"turns":6},{"damage":94,"enemies":"2 Orb Walkers","floor":45,"turns":6}],"seed_played":"-5567188186555921254","potions_obtained":[{"floor":1,"key":"AttackPotion"},{"floor":3,"key":"FearPotion"},{"floor":14,"key":"Weak Potion"},{"floor":16,"key":"SteroidPotion"},{"floor":18,"key":"Strength Potion"},{"floor":20,"key":"Poison Potion"},{"floor":25,"key":"Regen Potion"},{"floor":33,"key":"Block Potion"},{"floor":35,"key":"Poison Potion"},{"floor":42,"key":"Weak Potion"}],"is_trial":false,"path_per_floor":["M","?","M","?","?","E","T","R","T","M","?","R","M","M","R","B",null,"M","?","M","$","M","R","$","M","T","R","?","?","M","M","R","B",null,"M","$","?","M","?","R","M","E","T","?","?"],"character_chosen":"DEFECT","items_purchased":["Centennial Puzzle"],"campfire_rested":0,"item_purchase_floors":[24],"current_hp_per_floor":[75,80,80,64,64,64,71,71,71,71,53,53,53,53,53,20,87,87,87,85,85,83,83,83,76,76,76,76,76,75,68,68,10,87,87,87,83,82,82,82,82,76,76,76,0],"gold":470,"neow_bonus":"THREE_ENEMY_KILL","is_prod":false,"is_daily":false,"chose_seed":false,"campfire_upgraded":7,"win_rate":0,"timestamp":1543780651,"path_taken":["M","?","M","?","?","E","?","R","T","M","?","R","M","M","R","BOSS","M","?","M","$","M","R","$","M","T","R","?","?","M","M","R","BOSS","M","$","?","M","?","R","M","E","T","?","?"],"build_version":"2018-11-15","purchased_purges":3,"victory":false,"max_hp_per_floor":[75,80,80,80,80,80,87,87,87,87,87,87,87,87,87,87,87,87,87,87,87,87,87,87,87,87,87,87,87,87,87,87,87,87,87,87,83,83,83,83,83,83,83,83,83],"card_choices":[{"not_picked":["Rebound","Rip and Tear"],"picked":"Scrape","floor":1},{"not_picked":["Steam","Sweeping Beam","Turbo"],"picked":"SKIP","floor":3},{"not_picked":["Melter","Streamline"],"picked":"Reinforced Body","floor":6},{"not_picked":["Barrage","Cold Snap"],"picked":"Beam Cell","floor":10},{"not_picked":["Force Field","Steam"],"picked":"Redo","floor":13},{"not_picked":["All For One","Coolheaded","Steam"],"picked":"SKIP","floor":14},{"not_picked":["Reboot","Multi-Cast"],"picked":"Seek","floor":16},{"not_picked":["Steam","Sweeping Beam","Compile Driver"],"picked":"SKIP","floor":18},{"not_picked":["Static Discharge","Hello World+1","Ball Lightning"],"picked":"SKIP","floor":20},{"not_picked":["Gash","Streamline+1"],"picked":"Machine Learning","floor":22},{"not_picked":["Loop","Rip and Tear","Sweeping Beam"],"picked":"SKIP","floor":25},{"not_picked":["Turbo","Rip and Tear","Aggregate"],"picked":"SKIP","floor":30},{"not_picked":["Force Field","Sweeping Beam","Undo"],"picked":"SKIP","floor":31},{"not_picked":["Reboot","Hyperbeam"],"picked":"Buffer","floor":33},{"not_picked":["Cold Snap"],"picked":"SKIP","floor":35},{"not_picked":[],"picked":"Gash+1","floor":38},{"not_picked":["Rebound+1"],"picked":"SKIP","floor":41},{"not_picked":["Hello World"],"picked":"SKIP","floor":42}],"player_experience":255313,"relics_obtained":[{"floor":6,"key":"Gremlin Horn"},{"floor":7,"key":"Strawberry"},{"floor":9,"key":"Ancient Tea Set"},{"floor":26,"key":"Juzu Bracelet"},{"floor":29,"key":"Red Mask"},{"floor":42,"key":"Matryoshka"},{"floor":43,"key":"Anchor"},{"floor":43,"key":"Blood Vial"}],"event_choices":[{"damage_healed":0,"gold_gain":0,"player_choice":"Donut","damage_taken":0,"max_hp_gain":5,"max_hp_loss":0,"event_name":"Big Fish","floor":2,"gold_loss":0},{"damage_healed":0,"gold_gain":0,"player_choice":"Entered Light","damage_taken":16,"max_hp_gain":0,"max_hp_loss":0,"event_name":"Shining Light","floor":4,"gold_loss":0,"cards_upgraded":["Zap","Dualcast"]},{"damage_healed":0,"gold_gain":0,"player_choice":"Ignored","damage_taken":0,"max_hp_gain":0,"max_hp_loss":0,"event_name":"Liars Game","floor":5,"gold_loss":0},{"damage_healed":0,"gold_gain":0,"player_choice":"Success","damage_taken":18,"relics_obtained":["Tiny Chest"],"max_hp_gain":0,"max_hp_loss":0,"event_name":"Scrap Ooze","floor":11,"gold_loss":0},{"damage_healed":0,"gold_gain":0,"player_choice":"Upgraded","damage_taken":0,"max_hp_gain":0,"max_hp_loss":0,"event_name":"Upgrade Shrine","floor":19,"gold_loss":0,"cards_upgraded":["Seek"]},{"damage_healed":0,"gold_gain":0,"player_choice":"Read","damage_taken":0,"max_hp_gain":0,"max_hp_loss":0,"event_name":"The Library","floor":28,"gold_loss":0,"cards_obtained":["Capacitor"]},{"damage_healed":0,"gold_gain":0,"player_choice":"Fought Bandits","damage_taken":0,"max_hp_gain":0,"max_hp_loss":0,"event_name":"Masked Bandits","floor":29,"gold_loss":0},{"damage_healed":0,"gold_gain":0,"player_choice":"Max HP","damage_taken":0,"max_hp_gain":0,"max_hp_loss":4,"event_name":"Winding Halls","floor":37,"gold_loss":0},{"damage_healed":0,"gold_gain":0,"player_choice":"Memory 1","damage_taken":0,"max_hp_gain":0,"max_hp_loss":0,"event_name":"SensoryStone","floor":39,"gold_loss":0},{"damage_healed":0,"gold_gain":222,"player_choice":"Wore Mask","damage_taken":0,"max_hp_gain":0,"max_hp_loss":0,"event_name":"Tomb of Lord Red Mask","floor":44,"gold_loss":0},{"damage_healed":0,"gold_gain":0,"player_choice":"Fight","damage_taken":0,"max_hp_gain":0,"max_hp_loss":0,"event_name":"Mysterious Sphere","floor":45,"gold_loss":0}],"is_beta":false,"boss_relics":[{"not_picked":["Velvet Choker","Pandora\u0027s Box"],"picked":"Astrolabe"},{"not_picked":["Eternal Feather","Runic Pyramid"],"picked":"Busted Crown"}],"items_purged_floors":[21,24,36],"is_endless":false,"potions_floor_spawned":[1,3,14,16,18,20,25,33,35,42],"killed_by":"2 Orb Walkers","ascension_level":0}