{"gold_per_floor":[110,110,125,144,69,69,69,81,81,81,81,31,45,76,76,175,225,239,249,174,75,90,125,143,143,143,143,170,170,270,23,23,127,127,145,145,245,245,245,258,285,299,373,726,738,766,786,1008,1008,1008,1008,1008,295,327,327],"floor_reached":56,"playtime":3437,"items_purged":["Strike_G","Strike_G","Strike_G","Strike_G"],"score":1423,"play_id":"b6d9204c-37b1-4ab5-bb6f-897abf5c7835","local_time":"20190303150025","is_ascension_mode":false,"campfire_choices":[{"data":"Masterful Stab","floor":6.0,"key":"SMITH"},{"data":"Venomology","floor":11.0,"key":"SMITH"},{"data":"Neutralize","floor":15.0,"key":"SMITH"},{"data":"Escape Plan","floor":25.0,"key":"SMITH"},{"floor":27.0,"key":"REST"},{"data":"Setup","floor":32.0,"key":"SMITH"},{"floor":49.0,"key":"RECALL"},{"floor":52,"key":"DIG"}],"neow_cost":"TEN_PERCENT_HP_LOSS","seed_source_timestamp":0,"circlet_count":0,"master_deck":["Defend_G","Survivor","Neutralize+1","Masterful Stab+1","Neutralize+1","Venomology+1","Tools of the Trade+1","Prepared+1","Slice+1","Terror+1","Escape Plan+1","Setup+1","Slice+1","Concentrate","Clash+1","Flex+1","Reprogram+1","Clash+1"],"special_seed":0,"relics":["Ring of the Snake","Unceasing Top","Smiling Mask","Molten Egg 2","Tiny House","Snake Skull","Bottled Flame","Red Mask","Nunchaku","Blue Candle","PrismaticShard","Orrery","Mango","Omamori","Pantograph","Old Coin","Shovel","Mercury Hourglass","Frozen Eye","Lantern","Torii","Pen Nib"],"potions_floor_usage":[50,55,55,55,55],"damage_taken":[{"damage":0.0,"enemies":"Jaw Worm","floor":1.0,"turns":4.0},{"damage":0.0,"enemies":"Cultist","floor":3.0,"turns":4.0},{"damage":0.0,"enemies":"2 Louse","floor":4.0,"turns":4.0},{"damage":0.0,"enemies":"2 Fungi Beasts","floor":8.0,"turns":3.0},{"damage":6.0,"enemies":"Red Slaver","floor":13.0,"turns":4.0},{"damage":0.0,"enemies":"3 Sentries","floor":14.0,"turns":5.0},{"damage":12.0,"enemies":"Slime Boss","floor":16.0,"turns":15.0},{"damage":1.0,"enemies":"Shell Parasite","floor":18.0,"turns":5.0},{"damage":0.0,"enemies":"2 Thieves","floor":19.0,"turns":4.0},{"damage":0.0,"enemies":"Centurion and Healer","floor":22.0,"turns":4.0},{"damage":13.0,"enemies":"Slavers","floor":23.0,"turns":7.0},{"damage":0.0,"enemies":"3 Cultists","floor":24.0,"turns":4.0},{"damage":6.0,"enemies":"Masked Bandits","floor":28.0,"turns":4.0},{"damage":5.0,"enemies":"Colosseum Slavers","floor":30.0,"turns":3.0},{"damage":0.0,"enemies":"Colosseum Nobs","floor":30.0,"turns":4.0},{"damage":0.0,"enemies":"Collector","floor":33.0,"turns":1.0},{"damage":0.0,"enemies":"Orb Walker","floor":35.0,"turns":1.0},{"damage":0.0,"enemies":"Mind Bloom Boss Battle","floor":37.0,"turns":1.0},{"damage":0.0,"enemies":"3 Shapes","floor":40.0,"turns":1.0},{"damage":0.0,"enemies":"Nemesis","floor":41.0,"turns":1.0},{"damage":0.0,"enemies":"3 Darklings","floor":42.0,"turns":1.0},{"damage":0.0,"enemies":"2 Orb Walkers","floor":44.0,"turns":1.0},{"damage":0.0,"enemies":"Jaw Worm Horde","floor":45.0,"turns":1.0},{"damage":0.0,"enemies":"Giant Head","floor":46.0,"turns":1.0},{"damage":0.0,"enemies":"Spire Growth","floor":47.0,"turns":1.0},{"damage":54,"enemies":"Time Eater","floor":50,"turns":7},{"damage":0,"enemies":"Shield and Spear","floor":54,"turns":1},{"damage":56,"enemies":"The Heart","floor":55,"turns":8}],"seed_played":"7985724403788103564","potions_obtained":[{"floor":4.0,"key":"Weak Potion"},{"floor":16.0,"key":"LiquidBronze"},{"floor":17.0,"key":"Ancient Potion"},{"floor":18.0,"key":"FearPotion"},{"floor":30.0,"key":"Weak Potion"},{"floor":33.0,"key":"Swift Potion"},{"floor":44.0,"key":"Block Potion"}],"is_trial":false,"path_per_floor":["M","?","M","M","$","R","?","M","T","?","R","$","M","E","R","B",null,"M","M","?","$","M","E","M","R","T","R","?","?","?","$","R","B",null,"M","?","?","T","?","M","E","M","T","?","M","E","M","?","R","B",null,"R","$","E","B",null],"character_chosen":"THE_SILENT","items_purchased":["Slice+1","PrismaticShard","SpeedPotion","Frozen Eye","Lantern","Torii"],"campfire_rested":1,"item_purchase_floors":[21,31,53,53,53,53],"current_hp_per_floor":[63,63,63,63,63,63,56,56,56,56,56,56,50,50,50,38,68,67,67,67,67,67,54,54,54,54,68,62,62,68,68,68,68,68,68,65,79,79,79,79,79,79,79,79,79,79,79,79,79,25,79,79,79,79,23],"gold":327,"neow_bonus":"ONE_RARE_RELIC","is_prod":false,"is_daily":false,"chose_seed":false,"campfire_upgraded":5,"win_rate":0,"timestamp":1551614425,"path_taken":["M","?","M","M","?","R","?","M","T","?","R","$","M","E","R","BOSS","M","M","?","$","M","E","M","R","T","R","?","?","?","?","R","BOSS","M","?","?","?","?","M","E","M","T","?","M","E","M","?","R","BOSS","R","$","E","BOSS"],"build_version":"2019-01-23","purchased_purges":4,"victory":true,"max_hp_per_floor":[63,63,63,63,63,63,63,63,63,63,63,63,63,63,63,63,68,68,68,68,68,68,68,68,68,68,68,68,68,68,68,68,68,68,68,65,79,79,79,79,79,79,79,79,79,79,79,79,79,79,79,79,79,79,79],"card_choices":[{"not_picked":["Blade Dance","Deadly Poison","Noxious Fumes"],"picked":"SKIP","floor":1.0},{"not_picked":["Outmaneuver","Backflip"],"picked":"Masterful Stab","floor":3.0},{"not_picked":["Cloak And Dagger","Outmaneuver","Skewer"],"picked":"SKIP","floor":4.0},{"not_picked":["Blade Dance","Bouncing Flask","Finisher"],"picked":"SKIP","floor":8.0},{"not_picked":["Predator","Deadly Poison","Accuracy"],"picked":"SKIP","floor":13.0},{"not_picked":["Backflip","Sucker Punch","Calculated Gamble"],"picked":"SKIP","floor":14.0},{"not_picked":["Night Terror","Doppelganger"],"picked":"Tools of the Trade","floor":16.0},{"not_picked":["Accuracy","Blur","Deadly Poison+1"],"picked":"SKIP","floor":18.0},{"not_picked":["Deadly Poison+1","Dash+1"],"picked":"Prepared+1","floor":19.0},{"not_picked":["Bane+1","Dagger Spray+1"],"picked":"Terror+1","floor":22.0},{"not_picked":["Dagger Throw+1","Calculated Gamble+1","Infinite Blades+1"],"picked":"SKIP","floor":23.0},{"not_picked":["Acrobatics","Flying Knee+1"],"picked":"Escape Plan","floor":24.0},{"not_picked":["Dagger Spray+1","Blur+1"],"picked":"Concentrate","floor":30.0},{"not_picked":["Clothesline+1","Coolheaded+1"],"picked":"Clash+1","floor":34.0},{"not_picked":["Backflip","Storm+1"],"picked":"Flex+1","floor":34.0},{"not_picked":["Blood for Blood+1","Warcry+1","Skewer+1"],"picked":"SKIP","floor":35.0},{"not_picked":["Terror+1","Pommel Strike+1"],"picked":"Reprogram+1","floor":40.0},{"not_picked":["Sucker Punch+1","Heavy Blade+1","Shrug It Off+1"],"picked":"SKIP","floor":41.0},{"not_picked":["Grand Finale+1","Havoc+1","Reflex+1"],"picked":"SKIP","floor":42.0},{"not_picked":["Fire Breathing","Deep Breath+1","Iron Wave+1"],"picked":"SKIP","floor":45.0},{"not_picked":["Flying Knee+1","Sword Boomerang+1","Heavy Blade+1"],"picked":"SKIP","floor":46.0},{"not_picked":["Steam Power","Discovery+1"],"picked":"Clash+1","floor":47.0},{"not_picked":["Offering","Flying Knee+1","PiercingWail+1"],"picked":"SKIP","floor":54}],"player_experience":952388,"relics_obtained":[{"floor":9.0,"key":"Smiling Mask"},{"floor":14.0,"key":"Molten Egg 2"},{"floor":23.0,"key":"Snake Skull"},{"floor":26.0,"key":"Bottled Flame"},{"floor":28.0,"key":"Red Mask"},{"floor":30.0,"key":"Nunchaku"},{"floor":30.0,"key":"Blue Candle"},{"floor":37.0,"key":"Mango"},{"floor":41.0,"key":"Omamori"},{"floor":43.0,"key":"Pantograph"},{"floor":44.0,"key":"Old Coin"},{"floor":46.0,"key":"Shovel"},{"floor":52,"key":"Mercury Hourglass"},{"floor":54,"key":"Pen Nib"}],"event_choices":[{"damage_healed":0.0,"max_hp_gain":0.0,"max_hp_loss":0.0,"gold_gain":0.0,"event_name":"Accursed Blacksmith","player_choice":"Forge","floor":2.0,"gold_loss":0.0,"damage_taken":0.0,"cards_upgraded":["Neutralize"]},{"cards_removed":["Defend_G"],"damage_healed":0.0,"max_hp_gain":0.0,"max_hp_loss":0.0,"gold_gain":0.0,"event_name":"Golden Wing","player_choice":"Card Removal","floor":7.0,"gold_loss":0.0,"damage_taken":7.0},{"damage_healed":0.0,"max_hp_gain":0.0,"max_hp_loss":0.0,"gold_gain":0.0,"event_name":"Match and Keep!","player_choice":"2 cards matched","floor":10.0,"gold_loss":0.0,"damage_taken":0.0,"cards_obtained":["Neutralize","Venomology"]},{"cards_removed":["Defend_G"],"damage_healed":0.0,"max_hp_gain":0.0,"max_hp_loss":0.0,"gold_gain":0.0,"event_name":"Beggar","player_choice":"Gave Gold","floor":20.0,"gold_loss":75.0,"damage_taken":0.0},{"damage_healed":0.0,"max_hp_gain":0.0,"max_hp_loss":0.0,"gold_gain":0.0,"event_name":"Masked Bandits","player_choice":"Fought Bandits","floor":28.0,"gold_loss":0.0,"damage_taken":0.0},{"damage_healed":0.0,"max_hp_gain":0.0,"max_hp_loss":0.0,"gold_gain":0.0,"cards_transformed":["Defend_G","Strike_G"],"event_name":"Drug Dealer","player_choice":"Became Test Subject","floor":29.0,"gold_loss":0.0,"damage_taken":0.0,"cards_obtained":["Setup","Slice"]},{"damage_healed":0.0,"max_hp_gain":0.0,"max_hp_loss":0.0,"gold_gain":0.0,"event_name":"Colosseum","player_choice":"Fight","floor":30.0,"gold_loss":0.0,"damage_taken":0.0},{"damage_healed":0.0,"max_hp_gain":0.0,"max_hp_loss":0.0,"gold_gain":0.0,"event_name":"Colosseum","player_choice":"Fought Nobs","floor":30.0,"gold_loss":0.0,"damage_taken":0.0},{"damage_healed":0.0,"max_hp_gain":0.0,"max_hp_loss":3.0,"gold_gain":0.0,"event_name":"Winding Halls","player_choice":"Max HP","floor":36.0,"gold_loss":0.0,"damage_taken":0.0},{"damage_healed":0.0,"max_hp_gain":0.0,"max_hp_loss":0.0,"gold_gain":0.0,"event_name":"MindBloom","player_choice":"Fight","floor":37.0,"gold_loss":0.0,"damage_taken":0.0},{"cards_removed":["Defend_G"],"damage_healed":0.0,"max_hp_gain":0.0,"max_hp_loss":0.0,"gold_gain":0.0,"event_name":"Falling","player_choice":"Removed Skill","floor":39.0,"gold_loss":0.0,"damage_taken":0.0},{"damage_healed":0.0,"max_hp_gain":0.0,"max_hp_loss":0.0,"gold_gain":0.0,"event_name":"Mysterious Sphere","player_choice":"Fight","floor":44.0,"gold_loss":0.0,"damage_taken":0.0},{"damage_healed":0.0,"max_hp_gain":0.0,"max_hp_loss":0.0,"gold_gain":222.0,"event_name":"Tomb of Lord Red Mask","player_choice":"Wore Mask","floor":48.0,"gold_loss":0.0,"damage_taken":0.0}],"is_beta":false,"boss_relics":[{"not_picked":["Black Star","Busted Crown"],"picked":"Tiny House"},{"not_picked":["White Beast Statue","WristBlade"],"picked":"Orrery"}],"items_purged_floors":[5,12,21,31],"is_endless":false,"potions_floor_spawned":[4,16,18,30,30,33,40,44,46,54],"ascension_level":0}