{"gold_per_floor":[113,128,53,53,65,99,99,124,179,193,207,207,222,239,239,336,336,355,375,34,50,69,100,100,100,152,152,0,20,20,119,119,222,222,235,254,254,266,285,285,312,7,7,7,26,37,37,50,50,50],"floor_reached":51,"playtime":3842,"items_purged":["Strike_R","Strike_R","Strike_R"],"score":728,"play_id":"d437f313-d492-4362-8f01-574df67a5e37","local_time":"20181023224309","is_ascension_mode":false,"campfire_choices":[{"data":"Immolate","floor":7,"key":"SMITH"},{"data":"Armaments","floor":15,"key":"SMITH"},{"data":"Barricade","floor":24,"key":"SMITH"},{"data":"Offering","floor":27,"key":"SMITH"},{"data":"J.A.X.","floor":32,"key":"SMITH"},{"floor":40,"key":"REST"},{"floor":44,"key":"REST"},{"floor":49,"key":"REST"}],"neow_cost":"NONE","seed_source_timestamp":10687742197118,"circlet_count":0,"master_deck":["Strike_R+1","Defend_R+1","Defend_R","Defend_R","Bash+1","Iron Wave","Headbutt+1","Shrug It Off","Immolate+1","Intimidate","Armaments+1","Dropkick+1","Offering+1","Metallicize","True Grit","Madness+1","Iron Wave+1","Double Tap","Barricade+1","Body Slam+1","J.A.X.+1","Offering","Feel No Pain+1","Ghostly Armor+1","Rage+1","Reaper","Impervious","Madness","Madness"],"relics":["Burning Blood","Anchor","Odd Mushroom","War Paint","Velvet Choker","Blood Vial","Orichalcum","Vajra","Runic Pyramid","Whetstone","Strawberry"],"potions_floor_usage":[16,23,33,50,50,50],"damage_taken":[{"damage":9,"enemies":"2 Louse","floor":1,"turns":3},{"damage":1,"enemies":"Cultist","floor":2,"turns":4},{"damage":3,"enemies":"Jaw Worm","floor":5,"turns":4},{"damage":43,"enemies":"Lagavulin","floor":6,"turns":8},{"damage":0,"enemies":"The Mushroom Lair","floor":8,"turns":2},{"damage":0,"enemies":"Large Slime","floor":10,"turns":2},{"damage":0,"enemies":"3 Louse","floor":11,"turns":3},{"damage":0,"enemies":"2 Fungi Beasts","floor":13,"turns":1},{"damage":0,"enemies":"Large Slime","floor":14,"turns":4},{"damage":0,"enemies":"Slime Boss","floor":16,"turns":7},{"damage":10,"enemies":"3 Byrds","floor":18,"turns":4},{"damage":6,"enemies":"Shell Parasite","floor":19,"turns":3},{"damage":12,"enemies":"Cultist and Chosen","floor":21,"turns":5},{"damage":12,"enemies":"Centurion and Healer","floor":22,"turns":8},{"damage":24,"enemies":"Book of Stabbing","floor":23,"turns":5},{"damage":6,"enemies":"Sentry and Sphere","floor":29,"turns":5},{"damage":23,"enemies":"Champ","floor":33,"turns":9},{"damage":15,"enemies":"3 Darklings","floor":35,"turns":3},{"damage":18,"enemies":"3 Shapes","floor":36,"turns":2},{"damage":29,"enemies":"3 Darklings","floor":38,"turns":5},{"damage":19,"enemies":"Jaw Worm Horde","floor":39,"turns":4},{"damage":43,"enemies":"Giant Head","floor":41,"turns":9},{"damage":3,"enemies":"Transient","floor":45,"turns":5},{"damage":9,"enemies":"Sphere and 2 Shapes","floor":46,"turns":5},{"damage":18,"enemies":"Writhing Mass","floor":48,"turns":7},{"damage":25,"enemies":"Donu and Deca","floor":50,"turns":10}],"seed_played":"-2784800288421362659","potions_obtained":[{"floor":1,"key":"FearPotion"},{"floor":6,"key":"Regen Potion"},{"floor":10,"key":"Regen Potion"},{"floor":16,"key":"SpeedPotion"},{"floor":19,"key":"Energy Potion"},{"floor":21,"key":"Regen Potion"},{"floor":23,"key":"Block Potion"},{"floor":36,"key":"Swift Potion"},{"floor":38,"key":"Dexterity Potion"}],"is_trial":false,"path_per_floor":["M","M","$","?","M","E","R","?","T","M","M","?","M","M","R","B",null,"M","M","$","M","M","E","R","?","T","R","$","M","?","?","R","B",null,"M","M","?","M","M","R","E","$","T","R","M","M","?","M","R","B"],"character_chosen":"IRONCLAD","items_purchased":["Madness","Blood Vial","Body Slam","Reaper","Strawberry"],"campfire_rested":3,"item_purchase_floors":[20,20,28,42,42],"current_hp_per_floor":[77,80,80,80,80,43,43,49,49,55,61,45,51,57,57,78,80,76,76,76,72,68,64,64,64,64,64,64,66,66,66,66,66,80,71,61,61,40,29,53,18,25,25,51,72,81,70,60,86,86],"gold":50,"neow_bonus":"REMOVE_CARD","is_prod":false,"is_daily":false,"chose_seed":false,"campfire_upgraded":5,"win_rate":0,"timestamp":1540323789,"path_taken":["M","M","$","?","M","E","R","?","T","M","M","?","M","M","R","BOSS","M","M","$","M","M","E","R","?","T","R","$","M","?","?","R","BOSS","M","M","?","M","M","R","E","$","T","R","M","M","?","M","R","BOSS"],"build_version":"2018-10-18","purchased_purges":3,"victory":true,"max_hp_per_floor":[80,80,80,80,80,80,80,80,80,80,80,80,80,80,80,80,80,80,80,80,80,80,80,80,80,80,80,80,80,80,80,80,80,80,80,80,80,80,80,80,80,87,87,87,87,87,87,87,87,87],"card_choices":[{"not_picked":["Havoc","Clothesline"],"picked":"Iron Wave","floor":1},{"not_picked":["Thunderclap","Perfected Strike"],"picked":"Headbutt","floor":2},{"not_picked":["Disarm","Clash"],"picked":"Shrug It Off","floor":5},{"not_picked":["Bloodletting","Demon Form"],"picked":"Immolate","floor":6},{"not_picked":["Cleave","Clash"],"picked":"Intimidate","floor":10},{"not_picked":["Twin Strike","Body Slam"],"picked":"Armaments","floor":11},{"not_picked":["Clash","Perfected Strike"],"picked":"Dropkick","floor":13},{"not_picked":["Flex","Anger","Cleave"],"picked":"SKIP","floor":14},{"not_picked":["Brutality","Fiend Fire"],"picked":"Offering","floor":16},{"not_picked":["Clash","Sword Boomerang"],"picked":"Metallicize","floor":18},{"not_picked":["Headbutt+1","Dual Wield"],"picked":"True Grit","floor":19},{"not_picked":["Searing Blow","Clash+1"],"picked":"Iron Wave+1","floor":21},{"not_picked":["Dual Wield+1","Hemokinesis+1"],"picked":"Double Tap","floor":22},{"not_picked":["Wild Strike+1","Pommel Strike"],"picked":"Barricade","floor":23},{"not_picked":["Sword Boomerang+1","Armaments","Iron Wave+1"],"picked":"SKIP","floor":29},{"not_picked":["Double Tap","Fiend Fire"],"picked":"Offering","floor":33},{"not_picked":["Heavy Blade+1","Twin Strike+1"],"picked":"Feel No Pain+1","floor":35},{"not_picked":["Iron Wave+1","Carnage","Disarm"],"picked":"SKIP","floor":36},{"not_picked":["Burning Pact","Twin Strike+1"],"picked":"Ghostly Armor+1","floor":38},{"not_picked":["Clash+1","Havoc","Evolve+1"],"picked":"SKIP","floor":39},{"not_picked":["Cleave","Shockwave+1"],"picked":"Rage+1","floor":41},{"not_picked":["Perfected Strike","Flex","Body Slam"],"picked":"SKIP","floor":45},{"not_picked":["Wild Strike+1","Sword Boomerang"],"picked":"Impervious","floor":46},{"not_picked":["Perfected Strike","Warcry","Flex"],"picked":"SKIP","floor":48}],"player_experience":95313,"relics_obtained":[{"floor":6,"key":"Anchor"},{"floor":8,"key":"Odd Mushroom"},{"floor":9,"key":"War Paint"},{"floor":23,"key":"Orichalcum"},{"floor":26,"key":"Vajra"},{"floor":41,"key":"Whetstone"}],"event_choices":[{"damage_healed":0,"gold_gain":0,"player_choice":"Upgraded","damage_taken":0,"max_hp_gain":0,"max_hp_loss":0,"event_name":"Upgrade Shrine","floor":4,"gold_loss":0,"cards_upgraded":["Bash"]},{"damage_healed":0,"gold_gain":0,"player_choice":"Fought Mushrooms","damage_taken":0,"max_hp_gain":0,"max_hp_loss":0,"event_name":"Mushrooms","floor":8,"gold_loss":0},{"damage_healed":0,"gold_gain":0,"player_choice":"Entered Light","damage_taken":16,"max_hp_gain":0,"max_hp_loss":0,"event_name":"Shining Light","floor":12,"gold_loss":0,"cards_upgraded":["Headbutt","Strike_R"]},{"damage_healed":0,"gold_gain":0,"player_choice":"Forge","damage_taken":0,"max_hp_gain":0,"max_hp_loss":0,"event_name":"Accursed Blacksmith","floor":25,"gold_loss":0,"cards_upgraded":["Madness"]},{"damage_healed":0,"gold_gain":0,"player_choice":"Obtain J.A.X.","damage_taken":0,"max_hp_gain":0,"max_hp_loss":0,"event_name":"Drug Dealer","floor":30,"gold_loss":0,"cards_obtained":["J.A.X."]},{"damage_healed":0,"gold_gain":99,"player_choice":"Stole From Cult","damage_taken":0,"max_hp_gain":0,"max_hp_loss":0,"event_name":"Nest","floor":31,"gold_loss":0},{"cards_removed":["Defend_R"],"damage_healed":0,"gold_gain":0,"player_choice":"Removed Skill","damage_taken":0,"max_hp_gain":0,"max_hp_loss":0,"event_name":"Falling","floor":37,"gold_loss":0},{"damage_healed":0,"gold_gain":0,"player_choice":"Embrace Madness","damage_taken":11,"max_hp_gain":0,"max_hp_loss":0,"event_name":"Winding Halls","floor":47,"gold_loss":0,"cards_obtained":["Madness","Madness"]}],"is_beta":false,"boss_relics":[{"not_picked":["Runic Cube","Snecko Eye"],"picked":"Velvet Choker"},{"not_picked":["Astrolabe","Fusion Hammer"],"picked":"Runic Pyramid"}],"items_purged_floors":[3,20,28],"is_endless":false,"potions_floor_spawned":[1,6,10,16,19,21,23,36,38],"ascension_level":0}