{"gold_per_floor":[19,19,19,32,50,50,66,66,66,96,7,36,36,67,67,139,139,139,94,94,74,74,74,74,74,74,74,74,74,74,74,74,74],"floor_reached":33,"playtime":1894,"items_purged":[],"score":531,"play_id":"c7c583c8-2d65-42ce-a539-d4158ba8aafd","local_time":"20190429142858","is_ascension_mode":true,"campfire_choices":[{"data":"Deadly Poison","floor":6.0,"key":"SMITH"},{"data":"Noxious Fumes","floor":8.0,"key":"SMITH"},{"floor":13.0,"key":"REST"},{"data":"Calculated Gamble","floor":15.0,"key":"SMITH"},{"data":"Tactician","floor":23,"key":"SMITH"},{"data":"Acrobatics","floor":25,"key":"SMITH"},{"floor":30,"key":"REST"},{"floor":32,"key":"REST"}],"neow_cost":"NO_GOLD","seed_source_timestamp":14675824135130,"circlet_count":0,"master_deck":["AscendersBane","Defend_G","Defend_G","Defend_G","Defend_G","Defend_G","Strike_G","Strike_G","Survivor","Neutralize","Noxious Fumes+1","Blade Dance","Tactician+1","Flying Knee","Deadly Poison+1","Prepared","Calculated Gamble+1","Backflip","Acrobatics+1","Acrobatics"],"special_seed":0,"relics":["Ring of the Snake","Juzu Bracelet","Ninja Scroll","Mango","Anchor","Ectoplasm","Ornamental Fan","Tiny Chest"],"potions_floor_usage":[33],"damage_taken":[{"damage":0.0,"enemies":"Jaw Worm","floor":1.0,"turns":5.0},{"damage":1.0,"enemies":"Small Slimes","floor":4.0,"turns":5.0},{"damage":2.0,"enemies":"Cultist","floor":5.0,"turns":5.0},{"damage":9.0,"enemies":"Blue Slaver","floor":7.0,"turns":5.0},{"damage":23.0,"enemies":"Gremlin Nob","floor":10.0,"turns":5.0},{"damage":22.0,"enemies":"3 Sentries","floor":12.0,"turns":6.0},{"damage":24.0,"enemies":"Lagavulin","floor":14.0,"turns":6.0},{"damage":18.0,"enemies":"The Guardian","floor":16.0,"turns":9.0},{"damage":2,"enemies":"Chosen","floor":18,"turns":5},{"damage":10,"enemies":"2 Thieves","floor":19,"turns":4},{"damage":31,"enemies":"3 Cultists","floor":28,"turns":7},{"damage":19,"enemies":"Gremlin Leader","floor":29,"turns":7},{"damage":7,"enemies":"Shelled Parasite and Fungi","floor":31,"turns":4},{"damage":41,"enemies":"Champ","floor":33,"turns":9}],"seed_played":"-2341892322996035373","potions_obtained":[{"floor":1.0,"key":"Weak Potion"},{"floor":4.0,"key":"Block Potion"},{"floor":10.0,"key":"LiquidBronze"},{"floor":19,"key":"SteroidPotion"},{"floor":21,"key":"PowerPotion"},{"floor":24,"key":"Block Potion"}],"is_trial":false,"path_per_floor":["M","?","?","M","M","R","M","R","T","E","$","E","R","E","R","B",null,"M","M","?","?","?","R","?","R","T","?","M","E","R","M","R","B"],"character_chosen":"THE_SILENT","items_purchased":["Calculated Gamble"],"campfire_rested":3,"item_purchase_floors":[11],"current_hp_per_floor":[59,59,64,63,61,61,52,52,52,29,29,21,46,22,22,4,65,63,53,53,53,53,53,53,53,53,53,22,3,28,21,46,5],"gold":74,"neow_bonus":"TRANSFORM_TWO_CARDS","is_prod":false,"is_daily":false,"chose_seed":false,"campfire_upgraded":5,"win_rate":0,"timestamp":1556515738,"path_taken":["M","?","?","M","M","R","M","R","T","E","$","E","R","E","R","BOSS","M","M","?","?","?","R","?","R","T","?","M","E","R","M","R","BOSS"],"build_version":"2019-01-23","purchased_purges":0,"victory":false,"max_hp_per_floor":[66,66,71,71,71,71,71,71,71,71,71,85,85,85,85,85,85,85,85,85,85,85,85,85,85,85,85,85,85,85,85,85,85],"card_choices":[{"not_picked":["Accuracy","Leg Sweep"],"picked":"Tactician","floor":1.0},{"not_picked":["Riddle With Holes","Expertise"],"picked":"Flying Knee","floor":4.0},{"not_picked":["Dagger Throw","Sucker Punch"],"picked":"Deadly Poison","floor":5.0},{"not_picked":["Dodge and Roll","Masterful Stab"],"picked":"Prepared","floor":7.0},{"not_picked":["Deadly Poison","Dagger Spray","Dash"],"picked":"SKIP","floor":10.0},{"not_picked":["Dagger Throw","Night Terror"],"picked":"Backflip","floor":12.0},{"not_picked":["Underhanded Strike","Dodge and Roll","Flechettes"],"picked":"SKIP","floor":14.0},{"not_picked":["Calculated Gamble","Setup"],"picked":"Acrobatics","floor":18},{"not_picked":["Poisoned Stab","Flying Knee","All Out Attack+1"],"picked":"SKIP","floor":19},{"not_picked":["Prepared","Distraction"],"picked":"Acrobatics","floor":28},{"not_picked":["Outmaneuver","Finisher","Concentrate"],"picked":"SKIP","floor":29},{"not_picked":["Poisoned Stab","Quick Slash","Finisher"],"picked":"SKIP","floor":31}],"player_experience":722123,"relics_obtained":[{"floor":9.0,"key":"Juzu Bracelet"},{"floor":10.0,"key":"Ninja Scroll"},{"floor":12.0,"key":"Mango"},{"floor":14.0,"key":"Anchor"},{"floor":26,"key":"Ornamental Fan"},{"floor":29,"key":"Tiny Chest"}],"event_choices":[{"damage_healed":0.0,"max_hp_gain":0.0,"max_hp_loss":0.0,"gold_gain":0.0,"event_name":"Liars Game","player_choice":"Ignored","floor":2.0,"gold_loss":0.0,"damage_taken":0.0},{"damage_healed":0.0,"max_hp_gain":5.0,"max_hp_loss":0.0,"gold_gain":0.0,"event_name":"Big Fish","player_choice":"Donut","floor":3.0,"gold_loss":0.0,"damage_taken":0.0},{"damage_healed":0,"gold_gain":0,"player_choice":"Ignored","damage_taken":0,"max_hp_gain":0,"max_hp_loss":0,"event_name":"Ghosts","floor":20,"gold_loss":0},{"damage_healed":0,"gold_gain":0,"player_choice":"Bought 1 Potion","damage_taken":0,"max_hp_gain":0,"max_hp_loss":0,"event_name":"The Woman in Blue","floor":21,"gold_loss":0},{"damage_healed":0,"gold_gain":0,"player_choice":"Ignored","damage_taken":0,"max_hp_gain":0,"max_hp_loss":0,"event_name":"Cursed Tome","floor":22,"gold_loss":0},{"damage_healed":0,"gold_gain":0,"player_choice":"Got Potions","damage_taken":0,"max_hp_gain":0,"max_hp_loss":0,"event_name":"Lab","floor":24,"gold_loss":0},{"cards_removed":["Strike_G"],"damage_healed":0,"gold_gain":0,"player_choice":"Offered Basic","damage_taken":0,"max_hp_gain":0,"max_hp_loss":0,"event_name":"Bonfire Elementals","floor":27,"gold_loss":0}],"is_beta":false,"boss_relics":[{"not_picked":["Cursed Key","Snecko Eye"],"picked":"Ectoplasm"}],"items_purged_floors":[],"is_endless":false,"potions_floor_spawned":[1,4,10,19],"killed_by":"Champ","ascension_level":16}