{"gold_per_floor":[113,113,40,51,226,258,258,258,281,22,32,32,52,90,90,189,189,202,216,68,85,100,100,120,120,120,139,239,46,46,46,46,150,150,170,33,45,45],"floor_reached":38,"playtime":2943,"items_purged":["Doubt","Eviscerate","Sucker Punch"],"score":378,"play_id":"1a7151b3-f123-4058-8d97-ea97964189d5","local_time":"20181110190737","is_ascension_mode":false,"campfire_choices":[{"data":"Blur","floor":7,"key":"SMITH"},{"floor":12,"key":"REST"},{"floor":15,"key":"REST"},{"floor":23,"key":"REST"},{"data":"Blur","floor":25,"key":"SMITH"},{"data":"Transmutation","floor":30,"key":"SMITH"},{"data":"Calculated Gamble","floor":32,"key":"SMITH"}],"neow_cost":"NONE","seed_source_timestamp":40403415205809,"circlet_count":0,"master_deck":["Survivor","Neutralize+1","Poisoned Stab","Blur+1","Noxious Fumes","Choke","Blur+1","Transmutation+1","Calculated Gamble+1","Escape Plan","Cloak And Dagger","Venomology","Terror","Accuracy","PiercingWail","Outmaneuver","Distraction","Deflect","Cloak And Dagger","Dodge and Roll","Dodge and Roll+1","Bullet Time","Backflip+1","Dark Shackles","Predator+1"],"relics":["Ring of the Snake","Pantograph","Dream Catcher","Pandora\u0027s Box","Blood Vial","Smiling Mask","Omamori","White Beast Statue"],"potions_floor_usage":[16,18,19,21,22,22,24,27,31,31,33,33,33,35,37,37,38],"damage_taken":[{"damage":5,"enemies":"Small Slimes","floor":1,"turns":5},{"damage":4,"enemies":"Cultist","floor":4,"turns":5},{"damage":28,"enemies":"Gremlin Nob","floor":6,"turns":5},{"damage":2,"enemies":"2 Louse","floor":11,"turns":4},{"damage":4,"enemies":"Blue Slaver","floor":13,"turns":5},{"damage":24,"enemies":"Gremlin Gang","floor":14,"turns":6},{"damage":33,"enemies":"Hexaghost","floor":16,"turns":12},{"damage":28,"enemies":"Spheric Guardian","floor":18,"turns":8},{"damage":1,"enemies":"Shell Parasite","floor":19,"turns":9},{"damage":15,"enemies":"Snake Plant","floor":21,"turns":6},{"damage":7,"enemies":"Cultist and Chosen","floor":22,"turns":10},{"damage":8,"enemies":"Centurion and Healer","floor":24,"turns":6},{"damage":2,"enemies":"Sentry and Sphere","floor":27,"turns":7},{"damage":0,"enemies":"Snake Plant","floor":31,"turns":3},{"damage":8,"enemies":"Champ","floor":33,"turns":16},{"damage":59,"enemies":"Orb Walker","floor":35,"turns":9},{"damage":12,"enemies":"3 Shapes","floor":37,"turns":8},{"damage":45,"enemies":"Spire Growth","floor":38,"turns":8}],"seed_played":"997347048288440483","potions_obtained":[{"floor":1,"key":"Dexterity Potion"},{"floor":14,"key":"Swift Potion"},{"floor":16,"key":"FearPotion"},{"floor":19,"key":"Swift Potion"},{"floor":22,"key":"Energy Potion"},{"floor":24,"key":"AttackPotion"},{"floor":35,"key":"PowerPotion"},{"floor":37,"key":"Regen Potion"}],"is_trial":false,"path_per_floor":["M","?","$","M","?","E","R","?","T","$","M","R","M","M","R","B",null,"M","M","$","M","M","R","M","R","T","M","?","$","R","M","R","B",null,"M","$","M","M"],"character_chosen":"THE_SILENT","items_purchased":["Noxious Fumes","Transmutation","Blood Vial","Omamori","Dark Shackles"],"campfire_rested":3,"item_purchase_floors":[3,10,20,29,36],"current_hp_per_floor":[65,65,65,61,61,33,33,33,33,33,31,52,48,24,45,37,70,42,41,41,28,23,44,38,38,38,38,38,38,38,40,40,59,70,11,11,16,0],"gold":45,"neow_bonus":"UPGRADE_CARD","is_prod":false,"is_daily":false,"chose_seed":false,"campfire_upgraded":4,"win_rate":0,"timestamp":1541866057,"path_taken":["M","?","?","M","?","E","R","?","T","$","M","R","M","M","R","BOSS","M","M","$","M","M","R","M","R","T","M","?","$","R","M","R","BOSS","M","$","?","M"],"build_version":"2018-11-08","purchased_purges":3,"victory":false,"max_hp_per_floor":[70,70,70,70,70,70,70,70,70,70,70,70,70,70,70,70,70,70,70,70,70,70,70,70,70,70,70,70,70,70,70,70,70,70,70,70,70,70],"card_choices":[{"not_picked":["Endless Agony","Sucker Punch"],"picked":"Poisoned Stab","floor":1},{"not_picked":["Accuracy","Acrobatics"],"picked":"Choke","floor":4},{"not_picked":["Bane","Tactician"],"picked":"Blur","floor":6},{"not_picked":["Crippling Poison","Accuracy"],"picked":"Calculated Gamble","floor":11},{"not_picked":["Flying Knee","Acrobatics"],"picked":"Escape Plan","floor":13},{"not_picked":["Deflect","Slice"],"picked":"Cloak And Dagger","floor":14},{"not_picked":["Unload","Doppelganger"],"picked":"Venomology","floor":16},{"not_picked":["Cloak And Dagger","Outmaneuver"],"picked":"Dodge and Roll+1","floor":18},{"not_picked":["Slice+1","Outmaneuver","Sucker Punch"],"picked":"SKIP","floor":19},{"not_picked":["Poisoned Stab","Deadly Poison"],"picked":"Bullet Time","floor":21},{"not_picked":["Backstab+1","Bane"],"picked":"Backflip+1","floor":22},{"not_picked":["Underhanded Strike","Bouncing Flask","PiercingWail"],"picked":"SKIP","floor":24},{"not_picked":["Escape Plan","Finisher","Endless Agony"],"picked":"SKIP","floor":27},{"not_picked":["Predator","Endless Agony","Backflip"],"picked":"SKIP","floor":35},{"not_picked":["Acrobatics+1","PiercingWail"],"picked":"Predator+1","floor":37}],"player_experience":167528,"relics_obtained":[{"floor":6,"key":"Pantograph"},{"floor":9,"key":"Dream Catcher"},{"floor":26,"key":"Smiling Mask"}],"event_choices":[{"damage_healed":0,"gold_gain":0,"player_choice":"1 cards matched","damage_taken":0,"max_hp_gain":0,"max_hp_loss":0,"event_name":"Match and Keep!","floor":2,"gold_loss":0,"cards_obtained":["Blur"]},{"damage_healed":0,"gold_gain":175,"player_choice":"AGREE","damage_taken":0,"max_hp_gain":0,"max_hp_loss":0,"event_name":"Liars Game","floor":5,"gold_loss":0,"cards_obtained":["Doubt"]},{"damage_healed":0,"gold_gain":0,"player_choice":"Ignored","damage_taken":0,"max_hp_gain":0,"max_hp_loss":0,"event_name":"Golden Idol","floor":8,"gold_loss":0},{"damage_healed":0,"gold_gain":100,"player_choice":"Pray","damage_taken":0,"max_hp_gain":0,"max_hp_loss":0,"event_name":"Golden Shrine","floor":28,"gold_loss":0}],"is_beta":false,"boss_relics":[{"not_picked":["Orrery","Busted Crown"],"picked":"Pandora\u0027s Box"},{"not_picked":["Empty Cage","Tiny House"],"picked":"White Beast Statue"}],"items_purged_floors":[10,29,36],"is_endless":false,"potions_floor_spawned":[1,14,16,19,22,24,27,35,37],"killed_by":"Spire Growth","ascension_level":0}