{"gold_per_floor":[111,111,111,61,61,61,72,88,88,100,100,25,25,35,35,136,136,156,231,245,64,64,64,77,77,77,87,101,53,66,78,78,78],"floor_reached":33,"playtime":1683,"items_purged":["Strike_G","Strike_G"],"score":239,"play_id":"1cbcc074-401b-465d-bd58-2698d3b336d4","local_time":"20190221125250","is_ascension_mode":false,"campfire_choices":[{"data":"Leg Sweep","floor":6,"key":"SMITH"},{"data":"Dash","floor":13,"key":"SMITH"},{"data":"Dagger Spray","floor":15,"key":"SMITH"},{"data":"Enlightenment","floor":23,"key":"SMITH"},{"data":"Poisoned Stab","floor":25,"key":"SMITH"},{"floor":32,"key":"REST"}],"neow_cost":"TEN_PERCENT_HP_LOSS","seed_source_timestamp":51565522560908,"circlet_count":0,"master_deck":["Defend_G","Defend_G","Defend_G","Survivor","Neutralize","Leg Sweep+1","Quick Slash","Dagger Spray+1","Dash+1","Bullet Time","Prepared+1","Flying Knee","Enlightenment+1","Catalyst","Poisoned Stab+1","Acrobatics","Acrobatics"],"relics":["Ring of the Snake"],"potions_floor_usage":[16,33,33],"damage_taken":[{"damage":4,"enemies":"Jaw Worm","floor":1,"turns":6},{"damage":0,"enemies":"Small Slimes","floor":7,"turns":4},{"damage":0,"enemies":"2 Louse","floor":8,"turns":4},{"damage":10,"enemies":"Exordium Wildlife","floor":10,"turns":7},{"damage":2,"enemies":"Lots of Slimes","floor":14,"turns":2},{"damage":12,"enemies":"Slime Boss","floor":16,"turns":14},{"damage":9,"enemies":"2 Thieves","floor":18,"turns":4},{"damage":14,"enemies":"Spheric Guardian","floor":20,"turns":5},{"damage":0,"enemies":"Centurion and Healer","floor":24,"turns":8},{"damage":6,"enemies":"3 Cultists","floor":27,"turns":5},{"damage":0,"enemies":"Shelled Parasite and Fungi","floor":28,"turns":7},{"damage":0,"enemies":"Snake Plant","floor":30,"turns":6},{"damage":0,"enemies":"Centurion and Healer","floor":31,"turns":6},{"damage":66,"enemies":"Automaton","floor":33,"turns":14}],"seed_played":"3291754896570364064","potions_obtained":[{"floor":1,"key":"Dexterity Potion"},{"floor":10,"key":"Strength Potion"},{"floor":18,"key":"SpeedPotion"},{"floor":24,"key":"Poison Potion"},{"floor":28,"key":"Swift Potion"}],"is_trial":false,"path_per_floor":["M","?","T","?","?","R","M","M","T","M","?","$","R","M","R","B",null,"M","?","M","$","?","R","M","R","T","M","M","$","M","M","R","B"],"character_chosen":"THE_SILENT","items_purchased":["Enlightenment","Dexterity Potion"],"campfire_rested":1,"item_purchase_floors":[21,29],"current_hp_per_floor":[59,64,64,64,64,64,64,64,64,54,54,54,54,52,52,40,68,59,53,39,39,39,39,39,39,39,33,33,33,33,33,53,0],"gold":78,"neow_bonus":"REMOVE_TWO","is_prod":false,"is_daily":false,"chose_seed":false,"campfire_upgraded":5,"win_rate":0,"timestamp":1550742770,"path_taken":["M","?","?","?","?","R","M","?","T","M","?","$","R","M","R","BOSS","M","?","?","$","?","R","M","R","T","M","M","?","M","M","R","BOSS"],"build_version":"2019-01-23","purchased_purges":2,"victory":false,"max_hp_per_floor":[63,68,68,68,68,68,68,68,68,68,68,68,68,68,68,68,68,68,68,68,68,68,68,68,68,68,68,68,68,68,68,68,68],"card_choices":[{"not_picked":["Acrobatics","Deflect"],"picked":"Leg Sweep","floor":1},{"not_picked":["Backflip","Crippling Poison"],"picked":"Quick Slash","floor":7},{"not_picked":["Eviscerate","PiercingWail"],"picked":"Dagger Spray","floor":8},{"not_picked":["Cloak And Dagger","Outmaneuver"],"picked":"Dash","floor":10},{"not_picked":["Underhanded Strike","Dagger Spray","Endless Agony"],"picked":"SKIP","floor":14},{"not_picked":["Phantasmal Killer","Tools of the Trade"],"picked":"Bullet Time","floor":16},{"not_picked":["Noxious Fumes","Outmaneuver"],"picked":"Prepared+1","floor":18},{"not_picked":["Cloak And Dagger+1","Deflect"],"picked":"Flying Knee","floor":20},{"not_picked":["Setup+1","Outmaneuver+1"],"picked":"Poisoned Stab","floor":24},{"not_picked":["Quick Slash","Accuracy"],"picked":"Acrobatics","floor":27},{"not_picked":["A Thousand Cuts","PiercingWail"],"picked":"Acrobatics","floor":28},{"not_picked":["Dagger Spray","Well Laid Plans","Flechettes"],"picked":"SKIP","floor":30},{"not_picked":["Catalyst","Dagger Spray","Flechettes"],"picked":"SKIP","floor":31}],"player_experience":859911,"relics_obtained":[],"event_choices":[{"damage_healed":0,"gold_gain":0,"player_choice":"Donut","damage_taken":0,"max_hp_gain":5,"max_hp_loss":0,"event_name":"Big Fish","floor":2,"gold_loss":0},{"cards_removed":["Strike_G"],"damage_healed":0,"gold_gain":0,"player_choice":"Card Removal","damage_taken":0,"max_hp_gain":0,"max_hp_loss":0,"event_name":"The Cleric","floor":4,"gold_loss":50},{"cards_removed":["Defend_G"],"damage_healed":0,"gold_gain":0,"player_choice":"Forget","damage_taken":0,"max_hp_gain":0,"max_hp_loss":0,"event_name":"Living Wall","floor":5,"gold_loss":0},{"damage_healed":0,"gold_gain":0,"player_choice":"Searched \u00270\u0027 times","damage_taken":0,"max_hp_gain":0,"max_hp_loss":0,"event_name":"Dead Adventurer","floor":11,"gold_loss":0},{"damage_healed":0,"gold_gain":75,"player_choice":"Touch","damage_taken":6,"max_hp_gain":0,"max_hp_loss":0,"event_name":"FaceTrader","floor":19,"gold_loss":0},{"damage_healed":0,"gold_gain":0,"cards_transformed":["Strike_G"],"player_choice":"Transformed","damage_taken":0,"max_hp_gain":0,"max_hp_loss":0,"event_name":"Transmorgrifier","floor":22,"gold_loss":0,"cards_obtained":["Catalyst"]}],"is_beta":false,"boss_relics":[{"not_picked":[]}],"items_purged_floors":[12,21],"is_endless":false,"potions_floor_spawned":[1,10,18,24,28,30],"killed_by":"Automaton","ascension_level":0}