{"gold_per_floor":[18,18,32,32,32,32,67,80,104,128,128,149,149,190,190,318,318,318],"floor_reached":18,"playtime":1079,"items_purged":[],"score":215,"play_id":"f2793bf4-035f-4041-8039-eda7efcc8071","local_time":"20190110011631","is_ascension_mode":true,"campfire_choices":[{"data":"Noxious Fumes","floor":6,"key":"SMITH"},{"data":"Backstab","floor":11,"key":"SMITH"},{"data":"Survivor","floor":13,"key":"SMITH"},{"data":"Well Laid Plans","floor":15,"key":"SMITH"}],"neow_cost":"NO_GOLD","seed_source_timestamp":534130534523773,"circlet_count":0,"master_deck":["Defend_G","Defend_G+1","Defend_G","Defend_G+1","Defend_G","Strike_G","Strike_G","Strike_G","Survivor+1","Neutralize+1","Dagger Throw","Escape Plan","Noxious Fumes+1","Catalyst+1","Accuracy","Flying Knee","Backstab+1","Dagger Throw","Well Laid Plans+1","Die Die Die"],"relics":["Ring of the Snake","Golden Idol","War Paint","Smiling Mask","Dodecahedron","HoveringKite"],"potions_floor_usage":[7,10,16,16,16],"damage_taken":[{"damage":0,"enemies":"Cultist","floor":1,"turns":3},{"damage":0,"enemies":"2 Louse","floor":3,"turns":3},{"damage":0,"enemies":"Lagavulin","floor":7,"turns":5},{"damage":5,"enemies":"Small Slimes","floor":8,"turns":4},{"damage":15,"enemies":"Gremlin Gang","floor":10,"turns":3},{"damage":0,"enemies":"Large Slime","floor":12,"turns":4},{"damage":12,"enemies":"3 Sentries","floor":14,"turns":7},{"damage":14,"enemies":"Slime Boss","floor":16,"turns":10},{"damage":8,"enemies":"Chosen","floor":18,"turns":6}],"seed_played":"-2530460407719647706","potions_obtained":[{"floor":3,"key":"Weak Potion"},{"floor":5,"key":"Poison Potion"},{"floor":5,"key":"Poison Potion"},{"floor":5,"key":"AttackPotion"},{"floor":12,"key":"GhostInAJar"},{"floor":14,"key":"SpeedPotion"}],"is_trial":false,"path_per_floor":["M","?","M","?","?","R","E","M","T","M","R","M","R","E","R","B",null,"M"],"character_chosen":"THE_SILENT","items_purchased":[],"campfire_rested":0,"item_purchase_floors":[],"current_hp_per_floor":[70,56,56,56,56,56,56,51,51,36,36,36,36,24,24,10,65,57],"gold":318,"neow_bonus":"TRANSFORM_TWO_CARDS","is_prod":false,"is_daily":false,"chose_seed":false,"campfire_upgraded":4,"win_rate":0,"timestamp":1547054191,"path_taken":["M","?","M","?","?","R","E","M","T","M","R","?","R","E","R","BOSS","M"],"build_version":"2019-01-03v4","purchased_purges":0,"victory":false,"max_hp_per_floor":[70,70,70,65,65,65,65,65,65,65,65,65,65,65,65,65,65,65],"card_choices":[{"not_picked":["Poisoned Stab","Backflip"],"picked":"Noxious Fumes","floor":1},{"not_picked":["Cloak And Dagger","Skewer"],"picked":"Catalyst","floor":3},{"not_picked":["Riddle With Holes","Grand Finale"],"picked":"Accuracy","floor":7},{"not_picked":["Dodge and Roll","Slice"],"picked":"Flying Knee","floor":8},{"not_picked":["Expertise","Skewer"],"picked":"Backstab","floor":10},{"not_picked":["Heel Hook","Dagger Spray"],"picked":"Dagger Throw","floor":12},{"not_picked":["Slice","Blade Dance"],"picked":"Well Laid Plans","floor":14},{"not_picked":["Doppelganger","A Thousand Cuts"],"picked":"Die Die Die","floor":16}],"player_experience":114722,"relics_obtained":[{"floor":7,"key":"War Paint"},{"floor":9,"key":"Smiling Mask"},{"floor":14,"key":"Dodecahedron"}],"event_choices":[{"damage_healed":0,"gold_gain":0,"player_choice":"Entered Light","damage_taken":14,"max_hp_gain":0,"max_hp_loss":0,"event_name":"Shining Light","floor":2,"gold_loss":0,"cards_upgraded":["Defend_G","Neutralize"]},{"damage_healed":0,"gold_gain":0,"player_choice":"Lose Max HP","damage_taken":0,"relics_obtained":["Golden Idol"],"max_hp_gain":0,"max_hp_loss":5,"event_name":"Golden Idol","floor":4,"gold_loss":0},{"damage_healed":0,"gold_gain":0,"player_choice":"Got Potions","damage_taken":0,"max_hp_gain":0,"max_hp_loss":0,"event_name":"Lab","floor":5,"gold_loss":0}],"is_beta":false,"boss_relics":[{"not_picked":["Sozu","Fusion Hammer"],"picked":"HoveringKite"}],"items_purged_floors":[],"is_endless":false,"potions_floor_spawned":[3,12,14],"killed_by":"Chosen","ascension_level":2}