{"gold_per_floor":[110,110,35,51,16,16,50,50,75,7,7,24,44,61,61,166,166,178,188,188,188,200,200,57,57,57,68,68,78,92,124,124,224,224,242,253,16,36,36,36,47,63,63,79,2,18,69,69,69,69],"floor_reached":51,"playtime":4076,"items_purged":["Regret"],"score":696,"play_id":"b4115b08-3be4-480a-9392-387a297db12c","local_time":"20190119182150","is_ascension_mode":false,"campfire_choices":[{"data":"Neutralize","floor":6.0,"key":"SMITH"},{"data":"Footwork","floor":11.0,"key":"SMITH"},{"data":"Blur","floor":15.0,"key":"SMITH"},{"data":"Burst","floor":23.0,"key":"SMITH"},{"data":"Infinite Blades","floor":25.0,"key":"SMITH"},{"data":"Choke","floor":28.0,"key":"SMITH"},{"data":"Wraith Form v2","floor":32.0,"key":"SMITH"},{"data":"Bullet Time","floor":40.0,"key":"SMITH"},{"floor":49,"key":"REST"}],"neow_cost":"CURSE","seed_source_timestamp":25876811286797,"circlet_count":0,"master_deck":["Defend_G+1","Defend_G+1","Defend_G+1","Defend_G+1","Defend_G+1","Strike_G+1","Strike_G+1","Strike_G+1","Strike_G+1","Strike_G+1","Survivor+1","Neutralize+1","Wraith Form v2+1","Blur+1","Dagger Spray","Choke+1","Footwork+1","Blur+1","Blade Dance+1","Masterful Stab","Burst+1","Backflip+1","Terror","Infinite Blades+1","Endless Agony","Bullet Time+1","Prepared+1","Bullet Time+1","Acrobatics+1","Terror+1","Discovery+1","Flechettes+1","Secret Technique+1","Backstab+1","PiercingWail+1"],"special_seed":0,"relics":["Ring of the Serpent","Vajra","Orichalcum","Molten Egg 2","Toxic Egg 2","Runic Pyramid","Bag of Marbles","War Paint","Bird Faced Urn"],"potions_floor_usage":[42,47,50,50,50],"damage_taken":[{"damage":1.0,"enemies":"2 Louse","floor":1.0,"turns":4.0},{"damage":0.0,"enemies":"Small Slimes","floor":4.0,"turns":5.0},{"damage":20.0,"enemies":"Gremlin Nob","floor":7.0,"turns":5.0},{"damage":0.0,"enemies":"Cultist","floor":12.0,"turns":4.0},{"damage":0.0,"enemies":"Large Slime","floor":13.0,"turns":8.0},{"damage":0.0,"enemies":"Looter","floor":14.0,"turns":4.0},{"damage":0.0,"enemies":"Hexaghost","floor":16.0,"turns":13.0},{"damage":0.0,"enemies":"3 Byrds","floor":18.0,"turns":7.0},{"damage":0.0,"enemies":"Spheric Guardian","floor":19.0,"turns":6.0},{"damage":14.0,"enemies":"Centurion and Healer","floor":22.0,"turns":7.0},{"damage":6.0,"enemies":"Sentry and Sphere","floor":27.0,"turns":11.0},{"damage":3.0,"enemies":"3 Cultists","floor":29.0,"turns":8.0},{"damage":4.0,"enemies":"Centurion and Healer","floor":30.0,"turns":8.0},{"damage":5.0,"enemies":"Book of Stabbing","floor":31.0,"turns":7.0},{"damage":28.0,"enemies":"Champ","floor":33.0,"turns":13.0},{"damage":1.0,"enemies":"3 Shapes","floor":35.0,"turns":4.0},{"damage":0.0,"enemies":"Orb Walker","floor":36.0,"turns":3.0},{"damage":19.0,"enemies":"4 Shapes","floor":38.0,"turns":8.0},{"damage":1.0,"enemies":"Sphere and 2 Shapes","floor":41.0,"turns":6.0},{"damage":1,"enemies":"Maw","floor":42,"turns":5},{"damage":3,"enemies":"3 Darklings","floor":44,"turns":4},{"damage":0,"enemies":"Jaw Worm Horde","floor":46,"turns":4},{"damage":19,"enemies":"2 Orb Walkers","floor":47,"turns":5},{"damage":41,"enemies":"Time Eater","floor":50,"turns":16}],"seed_played":"-8470589999041311487","potions_obtained":[{"floor":1.0,"key":"Dexterity Potion"},{"floor":4.0,"key":"AttackPotion"},{"floor":13.0,"key":"Regen Potion"},{"floor":14.0,"key":"LiquidBronze"},{"floor":18.0,"key":"Strength Potion"},{"floor":30.0,"key":"AttackPotion"},{"floor":33.0,"key":"Regen Potion"},{"floor":38.0,"key":"Dexterity Potion"},{"floor":42,"key":"Fire Potion"},{"floor":44,"key":"Explosive Potion"},{"floor":47,"key":"Weak Potion"}],"is_trial":false,"path_per_floor":["M","?","$","M","?","R","E","?","T","$","R","M","M","M","R","B",null,"M","M","?","?","M","R","$","R","T","M","R","M","M","E","R","B",null,"M","M","$","M","?","R","M","M","T","M","$","M","?","?","R","B",null],"character_chosen":"THE_SILENT","items_purchased":["Footwork","Infinite Blades","Endless Agony","Discovery+1","Bag of Marbles","Regen Potion"],"campfire_rested":1,"item_purchase_floors":[10,24,24,37,37,45],"current_hp_per_floor":[69,55,55,55,70,70,50,50,50,50,50,50,50,50,50,50,70,70,70,70,70,56,56,56,56,56,50,50,62,58,53,53,25,70,69,69,69,50,50,50,49,62,62,59,59,59,54,54,66,29],"gold":69,"neow_bonus":"THREE_RARE_CARDS","is_prod":false,"is_daily":false,"chose_seed":false,"campfire_upgraded":8,"win_rate":0,"timestamp":1547911310,"path_taken":["M","?","$","M","?","R","E","?","T","$","R","M","?","M","R","BOSS","M","M","?","?","M","R","?","R","T","M","R","M","?","E","R","BOSS","M","M","$","M","?","R","M","M","T","M","$","M","?","?","R","BOSS"],"build_version":"2019-01-17v2","purchased_purges":1,"victory":true,"max_hp_per_floor":[70,70,70,70,70,70,70,70,70,70,70,70,70,70,70,70,70,70,70,70,70,70,70,70,70,70,70,70,70,70,70,70,70,70,70,70,70,70,70,70,70,70,70,70,70,70,70,66,66,66],"card_choices":[{"not_picked":["Night Terror","Phantasmal Killer"],"picked":"Wraith Form v2","floor":0.0},{"not_picked":["Reflex","Crippling Poison"],"picked":"Blur","floor":1.0},{"not_picked":["Quick Slash","Deflect"],"picked":"Dagger Spray","floor":4.0},{"not_picked":["Flying Knee","Quick Slash"],"picked":"Choke","floor":7.0},{"not_picked":["Dagger Throw","Underhanded Strike"],"picked":"Blur","floor":12.0},{"not_picked":["Terror","Choke"],"picked":"Blade Dance","floor":13.0},{"not_picked":["Tactician","Dodge and Roll"],"picked":"Masterful Stab","floor":14.0},{"not_picked":["Corpse Explosion","Phantasmal Killer"],"picked":"Burst","floor":16.0},{"not_picked":["Terror","Deadly Poison"],"picked":"Backflip+1","floor":18.0},{"not_picked":["PiercingWail","Expertise"],"picked":"Terror","floor":19.0},{"not_picked":["Underhanded Strike","Blade Dance","Flying Knee"],"picked":"SKIP","floor":22.0},{"not_picked":["Dagger Throw+1","Dagger Spray+1","Deadly Poison"],"picked":"SKIP","floor":27.0},{"not_picked":["Reflex+1","Prepared"],"picked":"Bullet Time","floor":29.0},{"not_picked":["Deflect","PiercingWail+1","Prepared"],"picked":"SKIP","floor":30.0},{"not_picked":["Noxious Fumes+1","Flying Knee+1"],"picked":"Prepared+1","floor":31.0},{"not_picked":["Grand Finale+1","Phantasmal Killer+1"],"picked":"Bullet Time+1","floor":33.0},{"not_picked":["Dagger Throw+1","Caltrops+1"],"picked":"Acrobatics+1","floor":35.0},{"not_picked":["Choke+1","Poisoned Stab+1"],"picked":"Terror+1","floor":36.0},{"not_picked":["Distraction+1","Sucker Punch+1"],"picked":"Flechettes+1","floor":38.0},{"not_picked":["Blind+1","Impatience+1"],"picked":"Secret Technique+1","floor":39.0},{"not_picked":["Acrobatics+1","Blade Dance+1","Endless Agony+1"],"picked":"SKIP","floor":41.0},{"not_picked":["Acrobatics+1","Caltrops+1"],"picked":"Backstab+1","floor":42},{"not_picked":["Choke+1","Slice+1","Blade Dance+1"],"picked":"SKIP","floor":44},{"not_picked":["Deadly Poison+1","Cloak And Dagger+1"],"picked":"PiercingWail+1","floor":46}],"player_experience":506868,"relics_obtained":[{"floor":7.0,"key":"Vajra"},{"floor":9.0,"key":"Orichalcum"},{"floor":26.0,"key":"Molten Egg 2"},{"floor":31.0,"key":"Toxic Egg 2"},{"floor":43,"key":"War Paint"},{"floor":47,"key":"Bird Faced Urn"}],"event_choices":[{"damage_healed":0.0,"max_hp_gain":0.0,"max_hp_loss":0.0,"gold_gain":0.0,"event_name":"Shining Light","player_choice":"Entered Light","floor":2.0,"gold_loss":0.0,"damage_taken":14.0,"cards_upgraded":["Defend_G","Defend_G"]},{"damage_healed":17.0,"max_hp_gain":0.0,"max_hp_loss":0.0,"gold_gain":0.0,"event_name":"The Cleric","player_choice":"Healed","floor":5.0,"gold_loss":35.0,"damage_taken":0.0},{"damage_healed":0.0,"max_hp_gain":0.0,"max_hp_loss":0.0,"gold_gain":0.0,"event_name":"Upgrade Shrine","player_choice":"Upgraded","floor":8.0,"gold_loss":0.0,"damage_taken":0.0,"cards_upgraded":["Blur"]},{"damage_healed":0.0,"max_hp_gain":0.0,"max_hp_loss":0.0,"gold_gain":0.0,"event_name":"Ghosts","player_choice":"Ignored","floor":20.0,"gold_loss":0.0,"damage_taken":0.0},{"damage_healed":0.0,"max_hp_gain":0.0,"max_hp_loss":0.0,"gold_gain":0.0,"event_name":"Back to Basics","player_choice":"Simplicity","floor":21.0,"gold_loss":0.0,"damage_taken":0.0,"cards_upgraded":["Defend_G","Defend_G","Defend_G","Strike_G","Strike_G","Strike_G","Strike_G","Strike_G"]},{"damage_healed":0.0,"max_hp_gain":0.0,"max_hp_loss":0.0,"gold_gain":0.0,"event_name":"SensoryStone","player_choice":"Memory 1","floor":39.0,"gold_loss":0.0,"damage_taken":0.0},{"damage_healed":0,"gold_gain":0,"player_choice":"Fight","damage_taken":0,"max_hp_gain":0,"max_hp_loss":0,"event_name":"Mysterious Sphere","floor":47,"gold_loss":0},{"damage_healed":0,"gold_gain":0,"player_choice":"Max HP","damage_taken":0,"max_hp_gain":0,"max_hp_loss":4,"event_name":"Winding Halls","floor":48,"gold_loss":0}],"is_beta":false,"boss_relics":[{"not_picked":["Ectoplasm","Velvet Choker"],"picked":"Ring of the Serpent"},{"not_picked":["Coffee Dripper","Eternal Feather"],"picked":"Runic Pyramid"}],"items_purged_floors":[3],"is_endless":false,"potions_floor_spawned":[1,4,13,14,18,27,30,33,38,42,44,47],"ascension_level":0}