{"gold_per_floor":[217,217,29,47,12,38,38,50,50,50,50,63,63,63,63,160,160,179,179,278,297,308,308,322,322,322,322,322,322,340,89,89,188,188,200,300,310,11,11,11,11,21,103,121,121,133,133,149,149,149],"floor_reached":51,"playtime":4866,"items_purged":[],"score":620,"play_id":"7760feb8-95c9-4468-9d53-bc88e17f457f","local_time":"20181216151048","is_ascension_mode":false,"campfire_choices":[{"data":"Crippling Poison","floor":7.0,"key":"SMITH"},{"data":"Strike_G","floor":10.0,"key":"PURGE"},{"floor":15.0,"key":"REST"},{"data":"Strike_G","floor":23.0,"key":"PURGE"},{"floor":25.0,"key":"REST"},{"data":"Neutralize","floor":27.0,"key":"SMITH"},{"data":"Well Laid Plans","floor":32.0,"key":"SMITH"},{"data":"Envenom","floor":40.0,"key":"SMITH"},{"floor":45.0,"key":"REST"},{"data":"Footwork","floor":47.0,"key":"SMITH"},{"floor":49,"key":"REST"}],"neow_cost":"NONE","seed_source_timestamp":8627558132174,"circlet_count":0,"master_deck":["Defend_G","Defend_G","Defend_G","Defend_G+1","Defend_G","Survivor","Neutralize+1","Backstab","Crippling Poison+1","Noxious Fumes","Acrobatics+1","Underhanded Strike","Grand Finale","Heel Hook","Calculated Gamble","Distraction","Flechettes","Heel Hook","Storm of Steel","Dodge and Roll","Deadly Poison","Ghostly","Ghostly","Ghostly","Ghostly","Ghostly","Masterful Stab+1","Well Laid Plans+1","Panache","Envenom+1","Footwork+1","Prepared+1","Footwork+1","Deflect+1"],"special_seed":0,"relics":["Ring of the Snake","Pear","PreservedInsect","Gremlin Horn","Peace Pipe","Kunai","Orrery","Molten Egg 2","Nilry\u0027s Codex","Runic Pyramid","Gambling Chip","Frozen Egg 2"],"potions_floor_usage":[48,50,50],"damage_taken":[{"damage":0.0,"enemies":"2 Louse","floor":1.0,"turns":3.0},{"damage":0.0,"enemies":"Cultist","floor":4.0,"turns":5.0},{"damage":11.0,"enemies":"3 Sentries","floor":6.0,"turns":7.0},{"damage":0.0,"enemies":"Jaw Worm","floor":8.0,"turns":3.0},{"damage":2.0,"enemies":"Looter","floor":12.0,"turns":3.0},{"damage":42.0,"enemies":"Slime Boss","floor":16.0,"turns":16.0},{"damage":17.0,"enemies":"Shell Parasite","floor":18.0,"turns":6.0},{"damage":14.0,"enemies":"2 Thieves","floor":21.0,"turns":5.0},{"damage":10.0,"enemies":"Sentry and Sphere","floor":22.0,"turns":5.0},{"damage":3.0,"enemies":"Shelled Parasite and Fungi","floor":24.0,"turns":6.0},{"damage":2.0,"enemies":"Cultist and Chosen","floor":30.0,"turns":7.0},{"damage":3.0,"enemies":"Champ","floor":33.0,"turns":16.0},{"damage":6.0,"enemies":"3 Darklings","floor":35.0,"turns":4.0},{"damage":2.0,"enemies":"Mind Bloom Boss Battle","floor":36.0,"turns":7.0},{"damage":6.0,"enemies":"Orb Walker","floor":37.0,"turns":6.0},{"damage":1.0,"enemies":"Maw","floor":42.0,"turns":8.0},{"damage":4.0,"enemies":"Sphere and 2 Shapes","floor":44.0,"turns":8.0},{"damage":0.0,"enemies":"Jaw Worm Horde","floor":46.0,"turns":5.0},{"damage":0,"enemies":"Maw","floor":48,"turns":9},{"damage":32,"enemies":"Awakened One","floor":50,"turns":19}],"seed_played":"-5382987010312303977","potions_obtained":[{"floor":6.0,"key":"Ancient Potion"},{"floor":8.0,"key":"Swift Potion"},{"floor":16.0,"key":"AttackPotion"},{"floor":18.0,"key":"Ancient Potion"},{"floor":21.0,"key":"Strength Potion"},{"floor":36.0,"key":"Swift Potion"},{"floor":42.0,"key":"Strength Potion"},{"floor":46.0,"key":"EssenceOfSteel"}],"is_trial":false,"path_per_floor":["M","?","$","M","$","E","R","M","T","R","?","M","?","?","R","B",null,"M","?","?","M","M","R","M","R","T","R","?","?","M","$","R","B",null,"M","?","M","$","?","R","$","M","T","M","R","M","R","M","R","B",null],"character_chosen":"THE_SILENT","items_purchased":["PreservedInsect","Backstab","Noxious Fumes","Well Laid Plans","Panache","Gambling Chip"],"campfire_rested":4,"item_purchase_floors":[3,3,5,31,31,38],"current_hp_per_floor":[70,80,80,80,80,69,69,69,69,69,53,51,39,32,56,14,80,63,63,63,49,39,39,36,60,60,60,44,40,38,38,38,35,40,34,32,26,26,26,26,26,25,25,21,33,33,33,33,40,8],"gold":149,"neow_bonus":"HUNDRED_GOLD","is_prod":false,"is_daily":false,"chose_seed":false,"campfire_upgraded":5,"win_rate":0,"timestamp":1544962248,"path_taken":["M","?","$","M","?","E","R","?","T","R","?","M","?","?","R","BOSS","M","?","?","M","M","R","M","R","T","R","?","?","M","$","R","BOSS","M","?","M","$","?","R","?","M","T","M","R","M","R","M","R","BOSS"],"build_version":"2018-12-13","purchased_purges":0,"victory":true,"max_hp_per_floor":[70,80,80,80,80,80,80,80,80,80,80,80,80,80,80,80,80,80,80,80,80,80,80,80,80,80,80,80,40,40,40,40,40,40,40,40,40,40,40,40,40,40,40,40,40,40,40,40,40,40],"card_choices":[{"not_picked":["Dodge and Roll","Slice"],"picked":"Deadly Poison","floor":1.0},{"not_picked":["Accuracy","Dagger Spray"],"picked":"Crippling Poison","floor":4.0},{"not_picked":["Dagger Throw","Doppelganger","PiercingWail"],"picked":"SKIP","floor":6.0},{"not_picked":["Infinite Blades","Outmaneuver"],"picked":"Acrobatics","floor":8.0},{"not_picked":["Prepared","Bane"],"picked":"Underhanded Strike","floor":12.0},{"not_picked":["Night Terror","Bullet Time"],"picked":"Grand Finale","floor":16.0},{"not_picked":["Cloak And Dagger","Wraith Form v2"],"picked":"Heel Hook","floor":17.0},{"not_picked":["Outmaneuver","Dagger Spray"],"picked":"Calculated Gamble","floor":17.0},{"not_picked":["Acrobatics","Dagger Spray"],"picked":"Distraction","floor":17.0},{"not_picked":["Deflect","Flying Knee"],"picked":"Flechettes","floor":17.0},{"not_picked":["Backstab","Quick Slash+1"],"picked":"Heel Hook","floor":18.0},{"not_picked":["Expertise","Outmaneuver"],"picked":"Deadly Poison","floor":21.0},{"not_picked":["Expertise","PiercingWail","Storm of Steel"],"picked":"SKIP","floor":22.0},{"not_picked":["Dagger Throw","Bane","Flying Knee"],"picked":"SKIP","floor":24.0},{"not_picked":["Bane+1","PiercingWail"],"picked":"Masterful Stab+1","floor":30.0},{"not_picked":["Phantasmal Killer","Night Terror"],"picked":"Envenom","floor":33.0},{"not_picked":["Dodge and Roll","Flying Knee+1"],"picked":"Footwork","floor":35.0},{"not_picked":["Flying Knee+1","Escape Plan"],"picked":"Prepared+1","floor":36.0},{"not_picked":["Accuracy","Infinite Blades"],"picked":"Footwork+1","floor":37.0},{"not_picked":["Backstab+1","Reflex+1","Quick Slash+1"],"picked":"SKIP","floor":42.0},{"not_picked":["Outmaneuver","Riddle With Holes+1","Dodge and Roll"],"picked":"SKIP","floor":44.0},{"not_picked":["Prepared","Finisher+1","Cloak And Dagger"],"picked":"SKIP","floor":46.0},{"not_picked":["All Out Attack+1","Bullet Time"],"picked":"Deflect+1","floor":48}],"player_experience":332639,"relics_obtained":[{"floor":6.0,"key":"Gremlin Horn"},{"floor":9.0,"key":"Peace Pipe"},{"floor":26.0,"key":"Molten Egg 2"},{"floor":28.0,"key":"Nilry\u0027s Codex"},{"floor":43.0,"key":"Frozen Egg 2"}],"event_choices":[{"cards_removed":["Deadly Poison"],"damage_healed":0.0,"max_hp_gain":0.0,"max_hp_loss":0.0,"gold_gain":0.0,"event_name":"WeMeetAgain","player_choice":"Gave Card","floor":2.0,"gold_loss":0.0,"damage_taken":0.0,"relics_obtained":["Pear"]},{"damage_healed":0.0,"max_hp_gain":0.0,"max_hp_loss":0.0,"gold_gain":0.0,"event_name":"Shining Light","player_choice":"Entered Light","floor":11.0,"gold_loss":0.0,"damage_taken":16.0,"cards_upgraded":["Defend_G","Acrobatics"]},{"damage_healed":0.0,"max_hp_gain":0.0,"max_hp_loss":0.0,"gold_gain":0.0,"event_name":"Scrap Ooze","player_choice":"Success","floor":13.0,"gold_loss":0.0,"damage_taken":12.0,"relics_obtained":["Kunai"]},{"cards_removed":["Strike_G"],"damage_healed":0.0,"max_hp_gain":0.0,"max_hp_loss":0.0,"gold_gain":0.0,"event_name":"Golden Wing","player_choice":"Card Removal","floor":14.0,"gold_loss":0.0,"damage_taken":7.0},{"damage_healed":0.0,"max_hp_gain":0.0,"max_hp_loss":0.0,"gold_gain":0.0,"cards_transformed":["Strike_G","Strike_G"],"event_name":"Drug Dealer","player_choice":"Became Test Subject","floor":19.0,"gold_loss":0.0,"damage_taken":0.0,"cards_obtained":["Storm of Steel","Dodge and Roll"]},{"damage_healed":0.0,"max_hp_gain":0.0,"max_hp_loss":0.0,"gold_gain":99.0,"event_name":"Nest","player_choice":"Stole From Cult","floor":20.0,"gold_loss":0.0,"damage_taken":0.0},{"damage_healed":0.0,"max_hp_gain":0.0,"max_hp_loss":0.0,"gold_gain":0.0,"event_name":"Cursed Tome","player_choice":"Obtained Book","floor":28.0,"gold_loss":0.0,"damage_taken":16.0},{"damage_healed":0.0,"max_hp_gain":0.0,"max_hp_loss":40.0,"gold_gain":0.0,"event_name":"Ghosts","player_choice":"Became a Ghost","floor":29.0,"gold_loss":0.0,"damage_taken":0.0,"cards_obtained":["Ghostly","Ghostly","Ghostly","Ghostly","Ghostly"]},{"damage_healed":0.0,"max_hp_gain":0.0,"max_hp_loss":0.0,"gold_gain":0.0,"event_name":"MindBloom","player_choice":"Fight","floor":36.0,"gold_loss":0.0,"damage_taken":0.0},{"damage_healed":0.0,"max_hp_gain":0.0,"max_hp_loss":0.0,"gold_gain":0.0,"event_name":"Mysterious Sphere","player_choice":"Ignored","floor":39.0,"gold_loss":0.0,"damage_taken":0.0}],"is_beta":false,"boss_relics":[{"not_picked":["Cursed Key","Runic Dome"],"picked":"Orrery"},{"not_picked":["Astrolabe","Tiny House"],"picked":"Runic Pyramid"}],"items_purged_floors":[],"is_endless":false,"potions_floor_spawned":[6,8,16,18,21,30,36,42,46],"ascension_level":0}