{"gold_per_floor":[116,116,130,55,76,76,146,162,162,337,337,86,99,119,119,248,248,261,3,26,26,50,50,65,65,65,65,88,104,128,153,153,276,276,294,315,315,333,356,356,96,109,109,29,29,29,29,43,43,43],"floor_reached":51,"playtime":4038,"items_purged":["Shame","Doubt"],"score":645,"play_id":"fb701e2a-8e5c-4253-a314-67725fc44c5c","local_time":"20181215000857","is_ascension_mode":false,"campfire_choices":[{"data":"Neutralize","floor":6,"key":"SMITH"},{"data":"Deadly Poison","floor":11,"key":"SMITH"},{"floor":15,"key":"REST"},{"data":"Apotheosis","floor":23,"key":"SMITH"},{"floor":25,"key":"REST"},{"data":"Reflex","floor":27,"key":"SMITH"},{"floor":32,"key":"REST"},{"floor":40,"key":"REST"},{"floor":45,"key":"REST"},{"floor":49,"key":"REST"}],"neow_cost":"CURSE","seed_source_timestamp":17809117959462,"circlet_count":0,"master_deck":["Defend_G","Defend_G","Defend_G","Defend_G","Defend_G","Strike_G","Strike_G","Strike_G","Strike_G","Strike_G","Survivor","Neutralize+1","Deadly Poison+1","Poisoned Stab","Dodge and Roll","Backflip","Adrenaline","Well Laid Plans","Leg Sweep","Deadly Poison","Blade Dance","Envenom","Catalyst+1","Distraction+1","Footwork+1","Apotheosis+1","Tactician","Reflex+1","Dash+1","Infinite Blades+1","Cloak And Dagger+1","After Image","Acrobatics","Catalyst","Footwork","Master of Strategy","Madness","Madness"],"relics":["Ring of the Snake","Prayer Wheel","Golden Idol","Mummified Hand","Shuriken","HoveringKite","PreservedInsect","Orrery","Strawberry","Bottled Lightning"],"potions_floor_usage":[7,22,50,50,50],"damage_taken":[{"damage":0,"enemies":"2 Louse","floor":1,"turns":3},{"damage":0,"enemies":"Small Slimes","floor":3,"turns":3},{"damage":1,"enemies":"Jaw Worm","floor":5,"turns":3},{"damage":12,"enemies":"Gremlin Nob","floor":7,"turns":5},{"damage":0,"enemies":"Exordium Wildlife","floor":8,"turns":3},{"damage":0,"enemies":"Lots of Slimes","floor":13,"turns":4},{"damage":4,"enemies":"Red Slaver","floor":14,"turns":4},{"damage":3,"enemies":"The Guardian","floor":16,"turns":11},{"damage":11,"enemies":"Spheric Guardian","floor":18,"turns":5},{"damage":0,"enemies":"Shell Parasite","floor":20,"turns":6},{"damage":14,"enemies":"Snecko","floor":22,"turns":5},{"damage":4,"enemies":"3 Cultists","floor":24,"turns":6},{"damage":4,"enemies":"Centurion and Healer","floor":28,"turns":8},{"damage":3,"enemies":"Snake Plant","floor":29,"turns":6},{"damage":24,"enemies":"Chosen and Byrds","floor":30,"turns":8},{"damage":3,"enemies":"Centurion and Healer","floor":31,"turns":6},{"damage":1,"enemies":"Automaton","floor":33,"turns":13},{"damage":15,"enemies":"3 Darklings","floor":35,"turns":6},{"damage":4,"enemies":"3 Shapes","floor":36,"turns":6},{"damage":14,"enemies":"3 Darklings","floor":38,"turns":8},{"damage":0,"enemies":"Spire Growth","floor":39,"turns":7},{"damage":8,"enemies":"Maw","floor":42,"turns":6},{"damage":9,"enemies":"Jaw Worm Horde","floor":48,"turns":5},{"damage":37,"enemies":"Time Eater","floor":50,"turns":14}],"seed_played":"-31897821707127607","potions_obtained":[{"floor":1,"key":"EssenceOfSteel"},{"floor":16,"key":"SneckoOil"},{"floor":22,"key":"SpeedPotion"},{"floor":29,"key":"Weak Potion"},{"floor":30,"key":"GhostInAJar"},{"floor":36,"key":"PowerPotion"},{"floor":48,"key":"PowerPotion"}],"is_trial":false,"path_per_floor":["M","?","M","$","M","R","?","M","T","?","R","$","M","M","R","B",null,"M","$","M","?","M","R","M","R","T","R","M","M","M","M","R","B",null,"M","M","T","M","M","R","$","M","T","$","R","?","?","M","R","B",null],"character_chosen":"THE_SILENT","items_purchased":["Adrenaline","Well Laid Plans","Footwork","Apotheosis","Bottled Lightning","Footwork"],"campfire_rested":6,"item_purchase_floors":[12,12,19,19,41,44],"current_hp_per_floor":[70,53,53,53,52,52,40,40,40,40,40,40,40,36,57,54,70,59,59,59,59,45,45,41,62,62,62,58,55,31,28,49,48,70,55,51,58,44,44,67,67,59,59,59,77,77,67,58,77,40],"gold":43,"neow_bonus":"ONE_RARE_RELIC","is_prod":false,"is_daily":false,"chose_seed":false,"campfire_upgraded":4,"win_rate":0,"timestamp":1544821737,"path_taken":["M","?","M","$","M","R","?","M","T","?","R","$","?","M","R","BOSS","M","$","M","?","M","R","?","R","T","R","M","M","M","M","R","BOSS","M","M","?","M","M","R","$","M","T","$","R","?","?","M","R","BOSS"],"build_version":"2018-12-13","purchased_purges":2,"victory":true,"max_hp_per_floor":[70,70,70,70,70,70,70,70,70,70,70,70,70,70,70,70,70,70,70,70,70,70,70,70,70,70,70,70,70,70,70,70,70,70,70,70,77,77,77,77,77,77,77,77,77,77,77,77,77,77],"card_choices":[{"not_picked":["Expertise","Cloak And Dagger"],"picked":"Deadly Poison","floor":1},{"not_picked":["Cloak And Dagger","Quick Slash","Bane"],"picked":"SKIP","floor":1},{"not_picked":["Skewer","Dash"],"picked":"Poisoned Stab","floor":3},{"not_picked":["Deadly Poison","Outmaneuver"],"picked":"Dodge and Roll","floor":3},{"not_picked":["Dodge and Roll","Riddle With Holes","Dash"],"picked":"SKIP","floor":5},{"not_picked":["Dagger Throw","Cloak And Dagger","Setup"],"picked":"SKIP","floor":5},{"not_picked":["Backstab","Setup"],"picked":"Backflip","floor":7},{"not_picked":["Slice","Eviscerate","Dodge and Roll"],"picked":"SKIP","floor":8},{"not_picked":["Reflex","Expertise","Dagger Spray"],"picked":"SKIP","floor":8},{"not_picked":["Sucker Punch","Prepared"],"picked":"Leg Sweep","floor":13},{"not_picked":["Setup","Storm of Steel"],"picked":"Deadly Poison","floor":13},{"not_picked":["Backflip","Dagger Spray"],"picked":"Blade Dance","floor":14},{"not_picked":["Dodge and Roll","Expertise","Bane"],"picked":"SKIP","floor":14},{"not_picked":["Dodge and Roll","Expertise","Bane"],"picked":"SKIP","floor":14},{"not_picked":["Corpse Explosion","Wraith Form v2"],"picked":"Envenom","floor":16},{"not_picked":["Caltrops","Quick Slash+1"],"picked":"Catalyst+1","floor":18},{"not_picked":["Poisoned Stab","Deflect"],"picked":"Distraction+1","floor":18},{"not_picked":["Bouncing Flask","Bane"],"picked":"Tactician","floor":20},{"not_picked":["Glass Knife","Deflect","Deadly Poison"],"picked":"SKIP","floor":20},{"not_picked":["PiercingWail","Dagger Spray+1","Heel Hook"],"picked":"SKIP","floor":22},{"not_picked":["Outmaneuver","Deflect","Crippling Poison"],"picked":"SKIP","floor":22},{"not_picked":["Bane","Dodge and Roll+1"],"picked":"Reflex","floor":24},{"not_picked":["Noxious Fumes","Malaise"],"picked":"Dash+1","floor":24},{"not_picked":["Catalyst","Flying Knee","Tactician"],"picked":"SKIP","floor":28},{"not_picked":["Well Laid Plans","Backflip","Blade Dance"],"picked":"SKIP","floor":28},{"not_picked":["Dodge and Roll","Poisoned Stab","Skewer"],"picked":"SKIP","floor":29},{"not_picked":["Dagger Throw+1","Deflect","Bane"],"picked":"SKIP","floor":29},{"not_picked":["Bullet Time","Eviscerate+1"],"picked":"Infinite Blades+1","floor":30},{"not_picked":["Flechettes","Slice","Tactician"],"picked":"SKIP","floor":30},{"not_picked":["Dagger Spray","Deflect+1"],"picked":"Cloak And Dagger+1","floor":31},{"not_picked":["Crippling Poison","Quick Slash+1","Bane"],"picked":"SKIP","floor":31},{"not_picked":["Malaise","Adrenaline"],"picked":"After Image","floor":33},{"not_picked":["Accuracy","Riddle With Holes"],"picked":"Acrobatics","floor":34},{"not_picked":["Acrobatics","Cloak And Dagger","Backstab+1"],"picked":"SKIP","floor":35},{"not_picked":["Calculated Gamble","Prepared","Infinite Blades"],"picked":"SKIP","floor":35},{"not_picked":["Tactician+1","Quick Slash"],"picked":"Catalyst","floor":36},{"not_picked":["Deflect","Riddle With Holes+1","Sucker Punch"],"picked":"SKIP","floor":36},{"not_picked":["Dodge and Roll","PiercingWail","Heel Hook"],"picked":"SKIP","floor":38},{"not_picked":["Prepared+1","Quick Slash+1","Setup+1"],"picked":"SKIP","floor":38},{"not_picked":["Deadly Poison","Poisoned Stab+1","Grand Finale"],"picked":"SKIP","floor":39},{"not_picked":["Dodge and Roll","Distraction","PiercingWail+1"],"picked":"SKIP","floor":39},{"not_picked":["Expertise+1","Quick Slash","Prepared+1"],"picked":"SKIP","floor":42},{"not_picked":["Poisoned Stab+1","Predator","Deflect"],"picked":"SKIP","floor":42},{"not_picked":["HandOfGreed","Finesse"],"picked":"Master of Strategy","floor":46},{"not_picked":["Distraction+1","Dodge and Roll","Bouncing Flask+1"],"picked":"SKIP","floor":48},{"not_picked":["Prepared+1","Deflect+1","Outmaneuver+1"],"picked":"SKIP","floor":48}],"player_experience":312860,"relics_obtained":[{"floor":7,"key":"Mummified Hand"},{"floor":9,"key":"Shuriken"},{"floor":26,"key":"PreservedInsect"},{"floor":37,"key":"Strawberry"}],"event_choices":[{"damage_healed":0,"gold_gain":0,"player_choice":"Take Damage","damage_taken":17,"relics_obtained":["Golden Idol"],"max_hp_gain":0,"max_hp_loss":0,"event_name":"Golden Idol","floor":2,"gold_loss":0},{"damage_healed":0,"gold_gain":0,"player_choice":"Searched \u00271\u0027 times","damage_taken":0,"max_hp_gain":0,"max_hp_loss":0,"event_name":"Dead Adventurer","floor":7,"gold_loss":0},{"damage_healed":0,"gold_gain":175,"player_choice":"AGREE","damage_taken":0,"max_hp_gain":0,"max_hp_loss":0,"event_name":"Liars Game","floor":10,"gold_loss":0,"cards_obtained":["Doubt"]},{"damage_healed":0,"gold_gain":0,"player_choice":"Upgraded","damage_taken":0,"max_hp_gain":0,"max_hp_loss":0,"event_name":"Upgrade Shrine","floor":21,"gold_loss":0,"cards_upgraded":["Footwork"]},{"damage_healed":0,"gold_gain":0,"player_choice":"Memory 1","damage_taken":0,"max_hp_gain":0,"max_hp_loss":0,"event_name":"SensoryStone","floor":46,"gold_loss":0},{"damage_healed":0,"gold_gain":0,"player_choice":"Embrace Madness","damage_taken":10,"max_hp_gain":0,"max_hp_loss":0,"event_name":"Winding Halls","floor":47,"gold_loss":0,"cards_obtained":["Madness","Madness"]}],"is_beta":false,"boss_relics":[{"not_picked":["Eternal Feather","Ring of the Serpent"],"picked":"HoveringKite"},{"not_picked":["Snecko Eye","Runic Dome"],"picked":"Orrery"}],"items_purged_floors":[4,12],"is_endless":false,"potions_floor_spawned":[1,16,22,29,30,33,36,38,48],"ascension_level":0}