{"gold_per_floor":[14,14,24,35,35,35,65,65,65,91,105,105,125,125,125,225,225,238,251,54,67,67,67,87,87,113,38,65,65,75,85,85,85],"floor_reached":33,"playtime":1988,"items_purged":[],"score":302,"play_id":"1ff90257-08d3-4544-add2-4ce0439bc10c","local_time":"20181125151457","is_ascension_mode":false,"campfire_choices":[{"data":"Backflip","floor":6.0,"key":"SMITH"},{"data":"Escape Plan","floor":8.0,"key":"SMITH"},{"floor":12.0,"key":"REST"},{"data":"Terror","floor":15.0,"key":"SMITH"},{"data":"Noxious Fumes","floor":23,"key":"SMITH"},{"data":"Adrenaline","floor":25,"key":"SMITH"},{"data":"Bite","floor":29,"key":"SMITH"},{"data":"Bite","floor":32,"key":"SMITH"}],"neow_cost":"NO_GOLD","seed_source_timestamp":7286125582581,"circlet_count":0,"master_deck":["Defend_G","Defend_G","Defend_G","Defend_G","Survivor","Neutralize+1","Backflip+1","Escape Plan+1","Terror+1","Adrenaline+1","Noxious Fumes+1","Bite+1","Bite+1","Bite","Bite","Dodge and Roll+1"],"special_seed":0,"relics":["Ring of the Snake","Blue Candle","Vajra","Ancient Tea Set","Runic Dome","PrismaticShard","Omamori","Frozen Egg 2"],"potions_floor_usage":[16],"damage_taken":[{"damage":0.0,"enemies":"Small Slimes","floor":1.0,"turns":5.0},{"damage":0.0,"enemies":"2 Louse","floor":3.0,"turns":3.0},{"damage":0.0,"enemies":"Cultist","floor":4.0,"turns":5.0},{"damage":21.0,"enemies":"3 Sentries","floor":7.0,"turns":14.0},{"damage":5.0,"enemies":"Lagavulin","floor":10.0,"turns":8.0},{"damage":7.0,"enemies":"3 Louse","floor":11.0,"turns":4.0},{"damage":0.0,"enemies":"Exordium Wildlife","floor":13.0,"turns":4.0},{"damage":49,"enemies":"Hexaghost","floor":16,"turns":16},{"damage":0,"enemies":"Shell Parasite","floor":18,"turns":6},{"damage":0,"enemies":"Spheric Guardian","floor":19,"turns":4},{"damage":7,"enemies":"Centurion and Healer","floor":21,"turns":7},{"damage":12,"enemies":"Snake Plant","floor":24,"turns":4},{"damage":11,"enemies":"Slavers","floor":28,"turns":6},{"damage":7,"enemies":"Chosen and Byrds","floor":30,"turns":5},{"damage":24,"enemies":"Cultist and Chosen","floor":31,"turns":6},{"damage":90,"enemies":"Champ","floor":33,"turns":17}],"seed_played":"3497741816733039660","potions_obtained":[{"floor":4.0,"key":"Ancient Potion"},{"floor":7.0,"key":"Energy Potion"},{"floor":10.0,"key":"SteroidPotion"},{"floor":11.0,"key":"SpeedPotion"},{"floor":18,"key":"Dexterity Potion"},{"floor":19,"key":"PowerPotion"}],"is_trial":false,"path_per_floor":["M","?","M","M","?","R","E","R","T","E","M","R","M","?","R","B",null,"M","M","$","M","?","R","M","R","T","?","E","R","M","M","R","B"],"character_chosen":"THE_SILENT","items_purchased":["PrismaticShard"],"campfire_rested":1,"item_purchase_floors":[20],"current_hp_per_floor":[70,70,70,70,70,70,49,49,49,44,37,58,58,51,51,2,70,70,70,70,63,49,49,41,41,41,41,49,49,47,39,39,0],"gold":85,"neow_bonus":"REMOVE_TWO","is_prod":false,"is_daily":false,"chose_seed":false,"campfire_upgraded":7,"win_rate":0,"timestamp":1543148097,"path_taken":["M","?","M","M","?","R","E","R","T","E","M","R","?","?","R","BOSS","M","M","$","M","?","R","M","R","T","?","E","R","M","M","R","BOSS"],"build_version":"2018-11-15","purchased_purges":0,"victory":false,"max_hp_per_floor":[70,70,70,70,70,70,70,70,70,70,70,70,70,70,70,70,70,70,70,70,70,49,49,49,49,49,49,49,49,49,49,49,49],"card_choices":[{"not_picked":["Outmaneuver","PiercingWail","Finisher"],"picked":"SKIP","floor":1.0},{"not_picked":["Tactician","PiercingWail","Masterful Stab"],"picked":"SKIP","floor":3.0},{"not_picked":["Blade Dance","Accuracy"],"picked":"Backflip","floor":4.0},{"not_picked":["Distraction","Corpse Explosion"],"picked":"Escape Plan","floor":7.0},{"not_picked":["Distraction","Blade Dance","Dagger Spray"],"picked":"SKIP","floor":10.0},{"not_picked":["Bane","Skewer","Underhanded Strike"],"picked":"SKIP","floor":11.0},{"not_picked":["Well Laid Plans","Slice"],"picked":"Terror","floor":13.0},{"not_picked":["Phantasmal Killer","Doppelganger"],"picked":"Adrenaline","floor":16},{"not_picked":["Finisher","Sucker Punch","Choke"],"picked":"SKIP","floor":18},{"not_picked":["Underhanded Strike","Dagger Throw"],"picked":"Noxious Fumes","floor":19},{"not_picked":["Heel Hook","Ball Lightning","Leap"],"picked":"SKIP","floor":21},{"not_picked":["Tempest","Sever Soul","Storm"],"picked":"SKIP","floor":24},{"not_picked":["Crippling Poison+1","Acrobatics","Bloodletting"],"picked":"SKIP","floor":28},{"not_picked":["Accuracy+1","Trip"],"picked":"Dodge and Roll+1","floor":30},{"not_picked":["Hologram","PiercingWail","Blizzard+1"],"picked":"SKIP","floor":31}],"player_experience":217916,"relics_obtained":[{"floor":7.0,"key":"Blue Candle"},{"floor":9.0,"key":"Vajra"},{"floor":10.0,"key":"Ancient Tea Set"},{"floor":26,"key":"Omamori"},{"floor":28,"key":"Frozen Egg 2"}],"event_choices":[{"damage_healed":0.0,"max_hp_gain":0.0,"max_hp_loss":0.0,"gold_gain":0.0,"event_name":"The Cleric","player_choice":"Leave","floor":2.0,"gold_loss":0.0,"damage_taken":0.0},{"damage_healed":0.0,"max_hp_gain":0.0,"max_hp_loss":0.0,"gold_gain":0.0,"event_name":"Accursed Blacksmith","player_choice":"Forge","floor":5.0,"gold_loss":0.0,"damage_taken":0.0,"cards_upgraded":["Neutralize"]},{"cards_removed":["Strike_G"],"damage_healed":0.0,"max_hp_gain":0.0,"max_hp_loss":0.0,"gold_gain":0.0,"event_name":"Golden Wing","player_choice":"Card Removal","floor":14.0,"gold_loss":0.0,"damage_taken":7.0},{"damage_healed":0,"gold_gain":0,"player_choice":"Became a vampire","damage_taken":0,"max_hp_gain":0,"max_hp_loss":21,"event_name":"Vampires","floor":22,"gold_loss":0,"cards_obtained":["Bite","Bite","Bite","Bite","Bite"]},{"cards_removed":["Bite"],"damage_healed":0,"gold_gain":0,"player_choice":"Gave Gold","damage_taken":0,"max_hp_gain":0,"max_hp_loss":0,"event_name":"Beggar","floor":27,"gold_loss":75}],"is_beta":false,"boss_relics":[{"not_picked":["Ectoplasm","Coffee Dripper"],"picked":"Runic Dome"}],"items_purged_floors":[],"is_endless":false,"potions_floor_spawned":[4,7,10,11,18,19,28,30],"killed_by":"Champ","ascension_level":0}