{"gold_per_floor":[109,16,28,28,39,39,55,55,55,84,84],"floor_reached":11,"playtime":654,"items_purged":[],"score":120,"play_id":"7f370aae-acce-4244-a29d-3ccb1677dbf1","local_time":"20190112131411","is_ascension_mode":true,"campfire_choices":[{"data":"Envenom","floor":6,"key":"SMITH"},{"floor":8,"key":"REST"}],"neow_cost":"PERCENT_DAMAGE","seed_source_timestamp":11172352986357,"circlet_count":0,"master_deck":["AscendersBane","Defend_G","Defend_G","Defend_G","Defend_G","Defend_G","Strike_G","Strike_G","Strike_G","Strike_G","Strike_G","Survivor","Neutralize","Venomology+1","Dodge and Roll","Trip","Envenom+1","Crippling Poison","Cloak And Dagger"],"relics":["Ring of the Snake","Bottled Lightning","Frozen Egg 2"],"potions_floor_usage":[7,10,10,10,11],"damage_taken":[{"damage":2,"enemies":"Cultist","floor":1,"turns":5},{"damage":7,"enemies":"Small Slimes","floor":3,"turns":3},{"damage":0,"enemies":"2 Louse","floor":5,"turns":3},{"damage":9,"enemies":"Blue Slaver","floor":7,"turns":7},{"damage":25,"enemies":"Lagavulin","floor":10,"turns":7},{"damage":23,"enemies":"Large Slime","floor":11,"turns":6}],"seed_played":"-1031155926672847148","potions_obtained":[],"is_trial":false,"path_per_floor":["M","$","M","?","M","R","M","R","T","E","M"],"character_chosen":"THE_SILENT","items_purchased":["Trip"],"campfire_rested":1,"item_purchase_floors":[2],"current_hp_per_floor":[43,43,36,36,36,36,27,48,48,23,0],"gold":84,"neow_bonus":"THREE_RARE_CARDS","is_prod":false,"is_daily":false,"chose_seed":false,"campfire_upgraded":1,"win_rate":0,"timestamp":1547288051,"path_taken":["M","?","M","?","M","R","M","R","T","E","M"],"build_version":"2019-01-10","purchased_purges":0,"victory":false,"max_hp_per_floor":[70,70,70,70,70,70,70,70,70,70,70],"card_choices":[{"not_picked":["Doppelganger","Phantasmal Killer"],"picked":"Venomology","floor":0},{"not_picked":["PiercingWail","Poisoned Stab"],"picked":"Dodge and Roll","floor":1},{"not_picked":["Dodge and Roll","Setup","Reflex"],"picked":"SKIP","floor":3},{"not_picked":["Prepared","Deadly Poison"],"picked":"Envenom","floor":5},{"not_picked":["Deflect","Underhanded Strike"],"picked":"Crippling Poison","floor":7},{"not_picked":["Dodge and Roll","Quick Slash"],"picked":"Cloak And Dagger","floor":10}],"player_experience":436868,"relics_obtained":[{"floor":9,"key":"Bottled Lightning"},{"floor":10,"key":"Frozen Egg 2"}],"event_choices":[{"damage_healed":0,"gold_gain":0,"player_choice":"Forge","damage_taken":0,"max_hp_gain":0,"max_hp_loss":0,"event_name":"Accursed Blacksmith","floor":4,"gold_loss":0,"cards_upgraded":["Venomology"]}],"is_beta":false,"boss_relics":[],"items_purged_floors":[],"is_endless":false,"potions_floor_spawned":[5,7],"killed_by":"Large Slime","ascension_level":13}