{"gold_per_floor":[109,109,109,22,37,65,65,80,80,93,93,144,144,167,167,286,286,301,426,461,461,446,446,460,473,554,554,572,1,19,62,62,186,249,269,602,31,42,56,56,72,100,124,346,346,363,241,255,255,255],"floor_reached":51,"playtime":3703,"items_purged":["Strike_G","Writhe"],"score":824,"play_id":"ecae2e95-fd85-4f11-beb1-2d01a86de7d8","local_time":"20190118231608","is_ascension_mode":false,"campfire_choices":[{"data":"Mind Blast","floor":7.0,"key":"SMITH"},{"data":"Neutralize","floor":11.0,"key":"SMITH"},{"data":"Leg Sweep","floor":15.0,"key":"SMITH"},{"floor":23,"key":"REST"},{"floor":27,"key":"REST"},{"floor":32,"key":"REST"},{"data":"Burst","floor":40,"key":"SMITH"},{"data":"After Image","floor":49,"key":"SMITH"}],"neow_cost":"NONE","seed_source_timestamp":12177769933868,"circlet_count":0,"master_deck":["Defend_G","Defend_G","Defend_G","Defend_G","Defend_G","Strike_G","Strike_G","Strike_G","Strike_G","Survivor","Neutralize+1","Terror","Mind Blast+1","Heel Hook","Night Terror","Leg Sweep+1","PiercingWail","Poisoned Stab","Unload","Backflip+1","Flying Knee+1","Burst+1","Footwork","Dodge and Roll+1","Noxious Fumes","Leg Sweep","Glass Knife","Well Laid Plans+1","Deflect","Escape Plan","Corpse Explosion","After Image+1","Quick Slash+1","Backstab+1","Bouncing Flask+1","Backflip+1","Backflip+1","PiercingWail+1","Dodge and Roll+1","Blur+1","Terror+1"],"special_seed":0,"relics":["Ring of the Snake","NeowsBlessing","Question Card","FossilizedHelix","Bottled Flame","Strawberry","Velvet Choker","Prayer Wheel","The Courier","Red Mask","Darkstone Periapt","Potion Belt","ClockworkSouvenir","Pantograph","Blue Candle","Tiny House","Kunai","Mummified Hand","Regal Pillow","Pen Nib","Bag of Preparation"],"potions_floor_usage":[19,19,20,50,50,50,50],"damage_taken":[{"damage":0.0,"enemies":"2 Louse","floor":1.0,"turns":1.0},{"damage":0.0,"enemies":"Jaw Worm","floor":5.0,"turns":1.0},{"damage":0.0,"enemies":"3 Sentries","floor":6.0,"turns":1.0},{"damage":0.0,"enemies":"Small Slimes","floor":8.0,"turns":3.0},{"damage":8.0,"enemies":"Exordium Wildlife","floor":10.0,"turns":7.0},{"damage":0.0,"enemies":"Looter","floor":14.0,"turns":3.0},{"damage":22.0,"enemies":"Hexaghost","floor":16.0,"turns":11.0},{"damage":7,"enemies":"Spheric Guardian","floor":18,"turns":4},{"damage":4,"enemies":"Colosseum Slavers","floor":19,"turns":5},{"damage":1,"enemies":"Colosseum Nobs","floor":19,"turns":6},{"damage":29,"enemies":"Masked Bandits","floor":20,"turns":5},{"damage":0,"enemies":"2 Thieves","floor":22,"turns":4},{"damage":21,"enemies":"Chosen and Byrds","floor":24,"turns":7},{"damage":0,"enemies":"Snecko","floor":25,"turns":6},{"damage":7,"enemies":"Sentry and Sphere","floor":28,"turns":6},{"damage":0,"enemies":"Cultist and Chosen","floor":30,"turns":7},{"damage":27,"enemies":"Slavers","floor":31,"turns":7},{"damage":18,"enemies":"Automaton","floor":33,"turns":9},{"damage":3,"enemies":"3 Darklings","floor":35,"turns":6},{"damage":0,"enemies":"3 Shapes","floor":38,"turns":4},{"damage":9,"enemies":"3 Darklings","floor":39,"turns":4},{"damage":0,"enemies":"Maw","floor":41,"turns":10},{"damage":0,"enemies":"Nemesis","floor":42,"turns":5},{"damage":0,"enemies":"Spire Growth","floor":46,"turns":5},{"damage":0,"enemies":"Writhing Mass","floor":48,"turns":7},{"damage":0,"enemies":"Time Eater","floor":50,"turns":14}],"seed_played":"2218515709264181166","potions_obtained":[{"floor":1.0,"key":"Weak Potion"},{"floor":6.0,"key":"Strength Potion"},{"floor":14.0,"key":"Energy Potion"},{"floor":18,"key":"SpeedPotion"},{"floor":19,"key":"AttackPotion"},{"floor":25,"key":"Energy Potion"},{"floor":31,"key":"FearPotion"},{"floor":33,"key":"AttackPotion"},{"floor":34,"key":"EssenceOfSteel"},{"floor":38,"key":"PowerPotion"},{"floor":41,"key":"Dexterity Potion"},{"floor":46,"key":"GhostInAJar"}],"is_trial":false,"path_per_floor":["M","?","?","$","M","E","R","M","T","M","R","T","?","M","R","B",null,"M","?","?","?","M","R","M","M","T","R","M","$","M","E","R","B",null,"M","?","$","M","M","R","M","E","T","?","?","M","$","M","R","B",null],"character_chosen":"THE_SILENT","items_purchased":["Mind Blast","Regen Potion","Potion Belt","ClockworkSouvenir","Pantograph","Deflect","Kunai","Mummified Hand","Regal Pillow","SteroidPotion"],"campfire_rested":3,"item_purchase_floors":[4,29,29,29,29,29,37,37,37,47],"current_hp_per_floor":[70,70,63,63,63,63,63,63,63,55,55,62,43,43,43,21,77,70,65,36,36,36,59,38,38,38,61,54,54,54,27,50,57,82,79,79,79,79,70,70,70,70,70,70,88,88,88,88,88,88],"gold":255,"neow_bonus":"THREE_ENEMY_KILL","is_prod":false,"is_daily":false,"chose_seed":false,"campfire_upgraded":5,"win_rate":0,"timestamp":1547842568,"path_taken":["M","?","?","$","M","E","R","M","T","M","R","?","?","M","R","BOSS","M","?","?","?","M","R","M","M","T","R","M","$","M","E","R","BOSS","M","?","$","M","M","R","M","E","T","?","?","M","$","M","R","BOSS"],"build_version":"2019-01-17v2","purchased_purges":2,"victory":true,"max_hp_per_floor":[70,70,70,70,70,70,70,70,70,70,70,77,77,77,77,77,77,77,77,77,77,77,77,77,77,77,77,77,77,77,77,77,77,82,82,82,82,82,82,82,82,82,82,82,88,88,88,88,88,88],"card_choices":[{"not_picked":["Dodge and Roll","Deflect"],"picked":"Terror","floor":1.0},{"not_picked":["Acrobatics","Accuracy","All Out Attack"],"picked":"Heel Hook","floor":5.0},{"not_picked":["Underhanded Strike","Slice","Poisoned Stab"],"picked":"Night Terror","floor":6.0},{"not_picked":["Underhanded Strike","Bane","Skewer"],"picked":"Leg Sweep","floor":8.0},{"not_picked":["Outmaneuver","Caltrops","Dagger Spray"],"picked":"PiercingWail","floor":10.0},{"not_picked":["Deadly Poison","Underhanded Strike","Dagger Spray"],"picked":"Poisoned Stab","floor":14.0},{"not_picked":["Die Die Die","Wraith Form v2","Tools of the Trade"],"picked":"Unload","floor":16.0},{"not_picked":["Blade Dance","Outmaneuver","Riddle With Holes"],"picked":"Backflip+1","floor":18},{"not_picked":["Underhanded Strike","Quick Slash","Malaise"],"picked":"Flying Knee","floor":19},{"not_picked":["Noxious Fumes","Prepared+1","Cloak And Dagger"],"picked":"Burst","floor":20},{"not_picked":["Cloak And Dagger","Deflect","Poisoned Stab"],"picked":"Dodge and Roll+1","floor":22},{"not_picked":["Deadly Poison","Underhanded Strike+1","Backflip"],"picked":"Noxious Fumes","floor":22},{"not_picked":["Cloak And Dagger","Noxious Fumes","Deadly Poison"],"picked":"Leg Sweep","floor":24},{"not_picked":["Terror","Quick Slash","Dagger Spray","Deadly Poison"],"picked":"SKIP","floor":24},{"not_picked":["Prepared","Reflex+1","Quick Slash"],"picked":"Glass Knife","floor":25},{"not_picked":["Tactician","Reflex+1","Dagger Spray+1","Bane+1"],"picked":"SKIP","floor":25},{"not_picked":["Backstab","Setup","Blade Dance"],"picked":"Well Laid Plans+1","floor":28},{"not_picked":["Dodge and Roll","Caltrops","Accuracy","Flechettes"],"picked":"SKIP","floor":28},{"not_picked":["Endless Agony","Bouncing Flask","Finisher"],"picked":"Escape Plan","floor":30},{"not_picked":["Backflip","Flechettes","Underhanded Strike"],"picked":"Corpse Explosion","floor":30},{"not_picked":["Setup","Cloak And Dagger","Sucker Punch","Dodge and Roll"],"picked":"SKIP","floor":31},{"not_picked":["Doppelganger","Phantasmal Killer","Wraith Form v2"],"picked":"After Image","floor":33},{"not_picked":["Riddle With Holes+1","Well Laid Plans","Bouncing Flask"],"picked":"Quick Slash+1","floor":34},{"not_picked":["Dagger Throw","Choke","Bouncing Flask"],"picked":"Backstab+1","floor":35},{"not_picked":["Well Laid Plans","Cloak And Dagger+1","Sucker Punch+1"],"picked":"Bouncing Flask+1","floor":35},{"not_picked":["Dagger Throw+1","Concentrate+1","Dagger Spray+1"],"picked":"Backflip+1","floor":38},{"not_picked":["Masterful Stab","Prepared+1","Underhanded Strike","Die Die Die"],"picked":"SKIP","floor":38},{"not_picked":["Dash+1","Underhanded Strike","Sucker Punch","Leg Sweep+1"],"picked":"SKIP","floor":39},{"not_picked":["Leg Sweep+1","Underhanded Strike+1","Deadly Poison","Burst"],"picked":"SKIP","floor":39},{"not_picked":["Underhanded Strike","Caltrops","Dash+1","Outmaneuver"],"picked":"SKIP","floor":41},{"not_picked":["Prepared+1","Choke","Dodge and Roll","Deflect"],"picked":"SKIP","floor":41},{"not_picked":["Flying Knee+1","Dagger Throw+1","Prepared"],"picked":"Backflip+1","floor":42},{"not_picked":["Expertise+1","Infinite Blades","Deflect"],"picked":"PiercingWail+1","floor":46},{"not_picked":["Sucker Punch+1","Flying Knee+1","Tools of the Trade"],"picked":"Dodge and Roll+1","floor":46},{"not_picked":["Poisoned Stab","Escape Plan+1","Flechettes+1"],"picked":"Blur+1","floor":48},{"not_picked":["Riddle With Holes+1","Sucker Punch","Outmaneuver+1"],"picked":"Terror+1","floor":48}],"player_experience":488321,"relics_obtained":[{"floor":6.0,"key":"FossilizedHelix"},{"floor":9.0,"key":"Bottled Flame"},{"floor":12.0,"key":"Strawberry"},{"floor":19,"key":"Prayer Wheel"},{"floor":19,"key":"The Courier"},{"floor":20,"key":"Red Mask"},{"floor":26,"key":"Darkstone Periapt"},{"floor":31,"key":"Blue Candle"},{"floor":42,"key":"Pen Nib"},{"floor":43,"key":"Bag of Preparation"}],"event_choices":[{"damage_healed":0.0,"max_hp_gain":0.0,"max_hp_loss":0.0,"gold_gain":0.0,"event_name":"Big Fish","player_choice":"Box","floor":2.0,"gold_loss":0.0,"damage_taken":0.0,"relics_obtained":["Question Card"],"cards_obtained":["Regret"]},{"cards_removed":["Regret"],"damage_healed":0.0,"max_hp_gain":0.0,"max_hp_loss":0.0,"gold_gain":0.0,"event_name":"Golden Wing","player_choice":"Card Removal","floor":3.0,"gold_loss":0.0,"damage_taken":7.0},{"damage_healed":0.0,"max_hp_gain":0.0,"max_hp_loss":0.0,"gold_gain":0.0,"event_name":"Golden Idol","player_choice":"Take Damage","floor":13.0,"gold_loss":0.0,"damage_taken":19.0,"relics_obtained":["Golden Idol"]},{"damage_healed":0,"gold_gain":0,"player_choice":"Fight","damage_taken":0,"max_hp_gain":0,"max_hp_loss":0,"event_name":"Colosseum","floor":19,"gold_loss":0},{"damage_healed":0,"gold_gain":0,"player_choice":"Fought Nobs","damage_taken":0,"max_hp_gain":0,"max_hp_loss":0,"event_name":"Colosseum","floor":19,"gold_loss":0},{"damage_healed":0,"gold_gain":0,"player_choice":"Fought Bandits","damage_taken":0,"max_hp_gain":0,"max_hp_loss":0,"event_name":"Masked Bandits","floor":20,"gold_loss":0},{"damage_healed":0,"gold_gain":0,"player_choice":"Read","damage_taken":0,"max_hp_gain":0,"max_hp_loss":0,"event_name":"The Library","floor":21,"gold_loss":0,"cards_obtained":["Footwork"]},{"damage_healed":0,"gold_gain":333,"player_choice":"Gave Idol","damage_taken":0,"max_hp_gain":0,"max_hp_loss":0,"event_name":"The Moai Head","floor":36,"relics_lost":["Golden Idol"],"gold_loss":0},{"damage_healed":0,"gold_gain":222,"player_choice":"Wore Mask","damage_taken":0,"max_hp_gain":0,"max_hp_loss":0,"event_name":"Tomb of Lord Red Mask","floor":44,"gold_loss":0},{"damage_healed":21,"gold_gain":0,"player_choice":"Writhe","damage_taken":0,"max_hp_gain":0,"max_hp_loss":0,"event_name":"Winding Halls","floor":45,"gold_loss":0,"cards_obtained":["Writhe"]}],"is_beta":false,"boss_relics":[{"not_picked":["Lizard Tail","Coffee Dripper"],"picked":"Velvet Choker"},{"not_picked":["Philosopher\u0027s Stone","Snecko Eye"],"picked":"Tiny House"}],"items_purged_floors":[37,47],"is_endless":false,"potions_floor_spawned":[1,6,14,18,19,25,31,33,38,39,41,46],"ascension_level":0}