{"gold_per_floor":[117,136,148,148,161,161,194,206,218,260,272,314,343,365,377,489,501,530,561,102,118,134,167,167,167,235,251,251,282,297,312,312,411,411,425,425,442,442,452,486,486,499,525,537,547,56,90,90],"floor_reached":48,"playtime":3137,"items_purged":["Strike_R"],"score":720,"play_id":"6724a718-d206-4fca-94ae-d714664197b6","local_time":"20190112033959","is_ascension_mode":true,"campfire_choices":[{"data":"Warcry","floor":6,"key":"SMITH"},{"data":"Pommel Strike","floor":8,"key":"SMITH"},{"data":"Shrug It Off","floor":11,"key":"SMITH"},{"data":"Armaments","floor":15,"key":"SMITH"},{"data":"Berserk","floor":24,"key":"SMITH"},{"data":"Hemokinesis","floor":28,"key":"SMITH"},{"data":"Infernal Blade","floor":32,"key":"SMITH"},{"data":"Seeing Red","floor":41,"key":"SMITH"}],"neow_cost":"NONE","seed_source_timestamp":24243724395493,"circlet_count":0,"master_deck":["Strike_R+1","Defend_R","Defend_R","Defend_R","Defend_R","Bash+1","Clash+1","Pommel Strike+1","Warcry+1","Twin Strike","Shrug It Off+1","Heavy Blade","Armaments+1","Clash","Heavy Blade","Berserk+1","Entrench+1","Thunderclap+1","Thunderclap","Burning Pact+1","Rampage+1","Hemokinesis+1","Clothesline","Iron Wave","Infernal Blade+1","Body Slam+1","Inflame+1","Offering","Bloodletting+1","Brutality+1","Cleave","Master of Strategy","Seeing Red+1","Intimidate+1","Thunderclap+1","Metallicize","Thunderclap+1","Offering","Reckless Charge+1"],"relics":["Burning Blood","MawBank","Question Card","Darkstone Periapt","Gremlin Horn","Eternal Feather","Lantern","Kunai","Pen Nib","Paper Frog","Oddly Smooth Stone","Astrolabe","Bottled Lightning","Brimstone","Bird Faced Urn","Vajra"],"potions_floor_usage":[7,12,16,21,23,29,31,40,42,47],"damage_taken":[{"damage":4,"enemies":"Jaw Worm","floor":1,"turns":4},{"damage":1,"enemies":"Cultist","floor":2,"turns":3},{"damage":0,"enemies":"2 Louse","floor":3,"turns":2},{"damage":1,"enemies":"2 Fungi Beasts","floor":5,"turns":3},{"damage":25,"enemies":"3 Sentries","floor":7,"turns":6},{"damage":17,"enemies":"Lagavulin","floor":10,"turns":5},{"damage":0,"enemies":"Gremlin Nob","floor":12,"turns":2},{"damage":0,"enemies":"Exordium Thugs","floor":13,"turns":3},{"damage":0,"enemies":"3 Louse","floor":14,"turns":2},{"damage":35,"enemies":"Hexaghost","floor":16,"turns":9},{"damage":2,"enemies":"Chosen","floor":18,"turns":4},{"damage":11,"enemies":"Spheric Guardian","floor":19,"turns":3},{"damage":23,"enemies":"Centurion and Healer","floor":21,"turns":5},{"damage":35,"enemies":"Snake Plant","floor":22,"turns":4},{"damage":7,"enemies":"Slavers","floor":23,"turns":5},{"damage":10,"enemies":"3 Cultists","floor":27,"turns":4},{"damage":35,"enemies":"Book of Stabbing","floor":29,"turns":4},{"damage":11,"enemies":"Centurion and Healer","floor":30,"turns":5},{"damage":10,"enemies":"Sentry and Sphere","floor":31,"turns":7},{"damage":14,"enemies":"Automaton","floor":33,"turns":6},{"damage":15,"enemies":"3 Darklings","floor":35,"turns":3},{"damage":9,"enemies":"3 Shapes","floor":37,"turns":1},{"damage":25,"enemies":"Transient","floor":39,"turns":5},{"damage":16,"enemies":"Reptomancer","floor":40,"turns":4},{"damage":0,"enemies":"Jaw Worm Horde","floor":42,"turns":2},{"damage":28,"enemies":"Sphere and 2 Shapes","floor":44,"turns":4},{"damage":13,"enemies":"3 Darklings","floor":45,"turns":4},{"damage":33,"enemies":"Nemesis","floor":47,"turns":5},{"damage":43,"enemies":"Maw","floor":48,"turns":5}],"seed_played":"-7374985923534498381","potions_obtained":[{"floor":2,"key":"Ancient Potion"},{"floor":3,"key":"LiquidBronze"},{"floor":5,"key":"SteroidPotion"},{"floor":10,"key":"Weak Potion"},{"floor":14,"key":"Fire Potion"},{"floor":19,"key":"PowerPotion"},{"floor":22,"key":"Block Potion"},{"floor":29,"key":"FairyPotion"},{"floor":30,"key":"Block Potion"},{"floor":35,"key":"Fire Potion"},{"floor":39,"key":"Block Potion"},{"floor":40,"key":"GamblersBrew"},{"floor":47,"key":"Ancient Potion"}],"is_trial":false,"path_per_floor":["M","M","M","?","M","R","E","R","T","E","R","E","M","M","R","B",null,"M","M","$","M","M","E","R","?","T","M","R","E","M","M","R","B",null,"M","?","M","?","M","E","R","M","T","M","M","$","E","M"],"character_chosen":"IRONCLAD","items_purchased":["Lantern","Kunai","Brimstone","Bird Faced Urn"],"campfire_rested":0,"item_purchase_floors":[20,20,46,46],"current_hp_per_floor":[80,80,80,64,69,69,50,50,50,39,39,45,51,57,57,28,80,80,75,75,58,29,28,40,40,40,36,51,22,17,13,31,23,80,71,71,68,68,49,39,60,66,66,44,37,37,14,0],"gold":90,"neow_bonus":"UPGRADE_CARD","is_prod":false,"is_daily":false,"chose_seed":false,"campfire_upgraded":8,"win_rate":0,"timestamp":1547235599,"path_taken":["M","M","M","?","M","R","E","R","T","E","R","E","M","M","R","BOSS","M","M","$","M","M","E","R","?","T","?","R","E","M","M","R","BOSS","M","?","M","?","M","E","R","M","T","M","M","$","E","?"],"build_version":"2019-01-10","purchased_purges":1,"victory":false,"max_hp_per_floor":[80,80,80,80,80,80,80,80,80,80,80,80,80,80,80,80,80,80,80,80,80,80,80,80,80,80,80,80,80,80,80,80,80,80,80,80,80,80,80,80,80,80,80,80,80,80,80,80],"card_choices":[{"not_picked":["Warcry","Heavy Blade"],"picked":"Clash","floor":1},{"not_picked":["Dark Embrace","Entrench"],"picked":"Pommel Strike","floor":2},{"not_picked":["Flame Barrier","True Grit"],"picked":"Warcry","floor":3},{"not_picked":["Rupture","Heavy Blade"],"picked":"Twin Strike","floor":5},{"not_picked":["Second Wind","Wild Strike"],"picked":"Shrug It Off","floor":7},{"not_picked":["Entrench","Wild Strike","Flame Barrier"],"picked":"Heavy Blade","floor":10},{"not_picked":["Fire Breathing","Blood for Blood","Iron Wave"],"picked":"Armaments","floor":12},{"not_picked":["Body Slam","Heavy Blade","Burning Pact"],"picked":"Clash","floor":13},{"not_picked":["Wild Strike","True Grit","Warcry"],"picked":"Heavy Blade","floor":14},{"not_picked":["Immolate","Brutality","Exhume"],"picked":"Berserk","floor":16},{"not_picked":["Evolve","Bloodletting+1","Disarm"],"picked":"Entrench+1","floor":18},{"not_picked":["True Grit","Blood for Blood+1","Sentinel+1"],"picked":"Thunderclap+1","floor":19},{"not_picked":["Shrug It Off","Perfected Strike","Searing Blow"],"picked":"Thunderclap","floor":21},{"not_picked":["Clothesline","Perfected Strike","Body Slam"],"picked":"Burning Pact+1","floor":22},{"not_picked":["Sword Boomerang+1","Warcry","Fire Breathing+1"],"picked":"Rampage+1","floor":23},{"not_picked":["Heavy Blade","Combust","Corruption"],"picked":"Iron Wave","floor":27},{"not_picked":["Second Wind","Twin Strike","Havoc"],"picked":"Infernal Blade","floor":29},{"not_picked":["True Grit","Flame Barrier","Twin Strike"],"picked":"Body Slam+1","floor":30},{"not_picked":["Burning Pact","Brutality","Spot Weakness"],"picked":"Inflame+1","floor":31},{"not_picked":["Impervious","Juggernaut","Exhume"],"picked":"Offering","floor":33},{"not_picked":["Rage+1","Iron Wave+1","Wild Strike"],"picked":"Cleave","floor":35},{"not_picked":["Enlightenment","Metamorphosis","Chrysalis"],"picked":"Master of Strategy","floor":36},{"not_picked":["Rampage+1","Headbutt+1","Body Slam"],"picked":"Seeing Red","floor":37},{"not_picked":["Twin Strike","Thunderclap","Havoc"],"picked":"Intimidate+1","floor":39},{"not_picked":["Brutality","Headbutt","Power Through"],"picked":"Thunderclap+1","floor":40},{"not_picked":["Havoc+1","Power Through+1","Armaments"],"picked":"Metallicize","floor":42},{"not_picked":["Power Through+1","Dropkick","Whirlwind+1"],"picked":"Thunderclap+1","floor":44},{"not_picked":["Carnage+1","Clothesline","Thunderclap+1"],"picked":"Offering","floor":45},{"not_picked":["Ghostly Armor+1","Shrug It Off","Corruption"],"picked":"Reckless Charge+1","floor":47}],"player_experience":129721,"relics_obtained":[{"floor":7,"key":"MawBank"},{"floor":9,"key":"Question Card"},{"floor":10,"key":"Darkstone Periapt"},{"floor":12,"key":"Gremlin Horn"},{"floor":23,"key":"Pen Nib"},{"floor":26,"key":"Paper Frog"},{"floor":29,"key":"Oddly Smooth Stone"},{"floor":40,"key":"Bottled Lightning"},{"floor":47,"key":"Vajra"}],"event_choices":[{"damage_healed":0,"gold_gain":0,"player_choice":"Entered Light","damage_taken":16,"max_hp_gain":0,"max_hp_loss":0,"event_name":"Shining Light","floor":4,"gold_loss":0,"cards_upgraded":["Strike_R","Clash"]},{"damage_healed":0,"gold_gain":0,"player_choice":"2 cards matched","damage_taken":0,"max_hp_gain":0,"max_hp_loss":0,"event_name":"Match and Keep!","floor":25,"gold_loss":0,"cards_obtained":["Hemokinesis","Clothesline"]},{"damage_healed":0,"gold_gain":0,"player_choice":"Memory 1","damage_taken":0,"max_hp_gain":0,"max_hp_loss":0,"event_name":"SensoryStone","floor":36,"gold_loss":0},{"cards_removed":["Spot Weakness"],"damage_healed":0,"gold_gain":0,"player_choice":"Removed Skill","damage_taken":0,"max_hp_gain":0,"max_hp_loss":0,"event_name":"Falling","floor":38,"gold_loss":0}],"is_beta":false,"boss_relics":[{"not_picked":["Tiny House","Empty Cage"],"picked":"Eternal Feather"},{"not_picked":["Black Blood","Runic Dome"],"picked":"Astrolabe"}],"items_purged_floors":[20],"is_endless":false,"potions_floor_spawned":[2,3,5,10,14,19,22,29,30,35,39,40,47],"killed_by":"Maw","ascension_level":3}