{"gold_per_floor":[115,115,133,153,228,262,283,283],"floor_reached":8,"playtime":263,"items_purged":[],"score":67,"play_id":"d1693473-9481-4eb4-86f9-edc1fa43f1be","local_time":"20190122183946","is_ascension_mode":true,"campfire_choices":[],"neow_cost":"NONE","seed_source_timestamp":717346658952791,"circlet_count":0,"master_deck":["Strike_B","Strike_B","Strike_B","Strike_B","Defend_B","Defend_B","Defend_B","Defend_B","Zap","Dualcast","Storm","Redo","Reboot","Double Energy","Redo"],"special_seed":0,"relics":["Cracked Core","NeowsBlessing","Golden Idol","Nunchaku"],"potions_floor_usage":[],"damage_taken":[{"damage":0.0,"enemies":"Jaw Worm","floor":1.0,"turns":1.0},{"damage":0.0,"enemies":"Small Slimes","floor":3.0,"turns":1.0},{"damage":0,"enemies":"Cultist","floor":4,"turns":1},{"damage":44,"enemies":"Gremlin Nob","floor":6,"turns":4},{"damage":8,"enemies":"3 Louse","floor":7,"turns":3},{"damage":20,"enemies":"Lagavulin","floor":8,"turns":5}],"seed_played":"4824009418236722405","potions_obtained":[{"floor":6,"key":"SpeedPotion"},{"floor":7,"key":"Swift Potion"}],"is_trial":false,"path_per_floor":["M","?","M","M","?","E","M","E"],"character_chosen":"DEFECT","items_purchased":[],"campfire_rested":0,"item_purchase_floors":[],"current_hp_per_floor":[75,69,69,69,58,14,6,0],"gold":283,"neow_bonus":"THREE_ENEMY_KILL","is_prod":false,"is_daily":false,"chose_seed":false,"campfire_upgraded":0,"win_rate":0,"timestamp":1548153586,"path_taken":["M","?","M","M","?","E","M","E"],"build_version":"2019-01-17v2","purchased_purges":0,"victory":false,"max_hp_per_floor":[75,69,69,69,69,69,69,69],"card_choices":[{"not_picked":["Conserve Battery","Barrage"],"picked":"Storm","floor":1.0},{"not_picked":["Rip and Tear","Compile Driver"],"picked":"Redo","floor":3.0},{"not_picked":["Streamline","Recycle"],"picked":"Reboot","floor":4},{"not_picked":["Rebound","Go for the Eyes"],"picked":"Double Energy","floor":6},{"not_picked":["Turbo","Go for the Eyes"],"picked":"Redo","floor":7}],"player_experience":184894,"relics_obtained":[{"floor":6,"key":"Nunchaku"}],"event_choices":[{"damage_healed":0.0,"max_hp_gain":0.0,"max_hp_loss":6.0,"gold_gain":0.0,"event_name":"Golden Idol","player_choice":"Lose Max HP","floor":2.0,"gold_loss":0.0,"damage_taken":0.0,"relics_obtained":["Golden Idol"]},{"damage_healed":0,"gold_gain":75,"player_choice":"Gather Gold","damage_taken":11,"max_hp_gain":0,"max_hp_loss":0,"event_name":"World of Goop","floor":5,"gold_loss":0}],"is_beta":false,"boss_relics":[],"items_purged_floors":[],"is_endless":false,"potions_floor_spawned":[6,7],"killed_by":"Lagavulin","ascension_level":3}