{"gold_per_floor":[119,119,130,130,130,130,156,156,156,174,201,214,233,24,24,124,124,137,150,164,164,183,183,218,218,241,253],"floor_reached":27,"playtime":1810,"items_purged":[],"score":347,"play_id":"8bc54155-c1d5-41a1-9fad-cce23d5ca637","local_time":"20190108013732","is_ascension_mode":true,"campfire_choices":[{"floor":6,"key":"RECALL"},{"data":"Bash","floor":8,"key":"SMITH"},{"data":"Exhume","floor":15,"key":"SMITH"},{"data":"Double Tap","floor":23,"key":"SMITH"},{"data":"Armaments","floor":25,"key":"SMITH"}],"neow_cost":"NONE","seed_source_timestamp":361848601891472,"circlet_count":0,"master_deck":["Bash+1","Exhume+1","Warcry+1","Whirlwind","Offering","Iron Wave","Anger","Headbutt","Thunderclap","Thunderclap","Double Tap+1","Limit Break","Wild Strike","Pummel","Seeing Red","Warcry","Dual Wield","Clothesline","Armaments+1","Thunderclap","Pommel Strike","Body Slam+1","Bite","Bite","Bite","Bite","Bite","Cleave","Cleave+1"],"relics":["Burning Blood","War Paint","Letter Opener","Shuriken","TheAbacus","Pandora\u0027s Box","Omamori","MawBank"],"potions_floor_usage":[11,11,16,19,27,27],"damage_taken":[{"damage":6,"enemies":"2 Louse","floor":1,"turns":2},{"damage":0,"enemies":"Small Slimes","floor":3,"turns":4},{"damage":36,"enemies":"Lagavulin","floor":7,"turns":6},{"damage":6,"enemies":"Cultist","floor":10,"turns":2},{"damage":9,"enemies":"3 Sentries","floor":11,"turns":4},{"damage":0,"enemies":"Large Slime","floor":12,"turns":4},{"damage":3,"enemies":"Blue Slaver","floor":13,"turns":3},{"damage":12,"enemies":"Slime Boss","floor":16,"turns":3},{"damage":4,"enemies":"3 Byrds","floor":18,"turns":4},{"damage":27,"enemies":"Spheric Guardian","floor":19,"turns":5},{"damage":24,"enemies":"Snecko","floor":20,"turns":3},{"damage":30,"enemies":"Cultist and Chosen","floor":22,"turns":4},{"damage":40,"enemies":"Gremlin Leader","floor":24,"turns":6},{"damage":26,"enemies":"Book of Stabbing","floor":27,"turns":2}],"seed_played":"8864808109067005571","potions_obtained":[{"floor":7,"key":"Explosive Potion"},{"floor":10,"key":"Fire Potion"},{"floor":11,"key":"PowerPotion"},{"floor":13,"key":"Weak Potion"},{"floor":19,"key":"BloodPotion"},{"floor":20,"key":"EssenceOfSteel"}],"is_trial":false,"path_per_floor":["M","?","M","?","?","R","E","R","T","M","E","M","M","$","R","B",null,"M","M","M","?","M","R","E","R","T","E"],"character_chosen":"IRONCLAD","items_purchased":["TheAbacus"],"campfire_rested":0,"item_purchase_floors":[14],"current_hp_per_floor":[80,64,70,63,63,63,33,33,33,33,30,36,39,39,39,33,80,80,59,41,41,31,31,11,11,11,0],"gold":253,"neow_bonus":"ONE_RANDOM_RARE_CARD","is_prod":false,"is_daily":false,"chose_seed":false,"campfire_upgraded":4,"win_rate":0,"timestamp":1546882652,"path_taken":["M","?","M","?","?","R","E","R","T","?","E","M","M","$","R","BOSS","M","M","M","?","M","R","E","R","T","E"],"build_version":"2019-01-03v4","purchased_purges":0,"victory":false,"max_hp_per_floor":[80,80,80,80,80,80,80,80,80,80,80,80,80,80,80,80,80,80,80,80,56,56,56,56,56,56,56],"card_choices":[{"not_picked":["Perfected Strike","Sever Soul"],"picked":"Warcry","floor":1},{"not_picked":["Power Through","Perfected Strike"],"picked":"Whirlwind","floor":3},{"not_picked":["Spot Weakness","Impervious"],"picked":"Iron Wave","floor":7},{"not_picked":["Havoc","Uppercut"],"picked":"Anger","floor":10},{"not_picked":["Cleave","Clothesline"],"picked":"Headbutt","floor":11},{"not_picked":["Corruption","Intimidate"],"picked":"Thunderclap","floor":12},{"not_picked":["Anger","Fire Breathing"],"picked":"Thunderclap","floor":13},{"not_picked":["Exhume","Dark Embrace"],"picked":"Double Tap","floor":16},{"not_picked":["Power Through","Ghostly Armor+1"],"picked":"Thunderclap","floor":18},{"not_picked":["Searing Blow","Uppercut"],"picked":"Pommel Strike","floor":19},{"not_picked":["Entrench","Corruption"],"picked":"Body Slam+1","floor":20},{"not_picked":["Hemokinesis","Iron Wave"],"picked":"Cleave","floor":22},{"not_picked":["Wild Strike","Ghostly Armor"],"picked":"Cleave+1","floor":24}],"player_experience":91312,"relics_obtained":[{"floor":7,"key":"Letter Opener"},{"floor":11,"key":"Shuriken"},{"floor":24,"key":"Omamori"},{"floor":26,"key":"MawBank"}],"event_choices":[{"damage_healed":0,"gold_gain":0,"player_choice":"Entered Light","damage_taken":16,"max_hp_gain":0,"max_hp_loss":0,"event_name":"Shining Light","floor":2,"gold_loss":0,"cards_upgraded":["Warcry","Strike_R"]},{"damage_healed":0,"gold_gain":0,"player_choice":"Success","damage_taken":7,"relics_obtained":["War Paint"],"max_hp_gain":0,"max_hp_loss":0,"event_name":"Scrap Ooze","floor":4,"gold_loss":0},{"damage_healed":0,"gold_gain":0,"cards_transformed":["Strike_R"],"player_choice":"Transformed","damage_taken":0,"max_hp_gain":0,"max_hp_loss":0,"event_name":"Transmorgrifier","floor":5,"gold_loss":0,"cards_obtained":["Offering"]},{"damage_healed":0,"gold_gain":0,"player_choice":"Became a vampire","damage_taken":0,"max_hp_gain":0,"max_hp_loss":24,"event_name":"Vampires","floor":21,"gold_loss":0,"cards_obtained":["Bite","Bite","Bite","Bite","Bite"]}],"is_beta":false,"boss_relics":[{"not_picked":["Orrery","Philosopher\u0027s Stone"],"picked":"Pandora\u0027s Box"}],"items_purged_floors":[],"is_endless":false,"potions_floor_spawned":[7,10,11,13,19,20],"killed_by":"Book of Stabbing","ascension_level":2}