{"gold_per_floor":[111,111,123,123,8,38,38,13,13,27,27,45,79,89,89,193,193,210,65,65,65,65,65,65,65,65,65,92,92,92,110,110,214,214,224,244,264,264,264,264,264,280,280,311,311,0,0,14,14,14],"floor_reached":51,"playtime":2572,"items_purged":["Strike_B"],"score":749,"play_id":"0a285ac0-c22a-4c29-a947-926f32dd37e2","local_time":"20181202192837","is_ascension_mode":false,"campfire_choices":[{"data":"Defragment","floor":7,"key":"SMITH"},{"data":"Redo","floor":11,"key":"SMITH"},{"data":"Streamline","floor":15,"key":"SMITH"},{"data":"Ghostly","floor":23,"key":"SMITH"},{"data":"Ghostly","floor":25,"key":"SMITH"},{"data":"Ghostly","floor":29,"key":"SMITH"},{"floor":32,"key":"REST"},{"floor":40,"key":"REST"},{"data":"Capacitor","floor":45,"key":"SMITH"},{"data":"Defragment","floor":47,"key":"SMITH"},{"data":"Steam Power","floor":49,"key":"SMITH"}],"neow_cost":"NONE","seed_source_timestamp":14063981972924,"circlet_count":0,"master_deck":["Strike_B+1","Strike_B+1","Strike_B+1","Defend_B+1","Defend_B+1","Defend_B+1","Defend_B+1","Zap","Dualcast","Scrape","Auto Shields","Defragment+1","Redo+1","Streamline+1","Leap","Electrodynamics","Capacitor+1","Necronomicurse","Ghostly+1","Ghostly+1","Ghostly+1","Ghostly","Ghostly","Defragment+1","Dark Shackles","Steam Power+1","Reboot"],"relics":["Cracked Core","NeowsBlessing","Boot","Art of War","Du-Vu Doll","Ancient Tea Set","Busted Crown","Necronomicon","Letter Opener","Centennial Puzzle","Runic Pyramid","Blue Candle","Vajra","Red Mask"],"potions_floor_usage":[33,48,50,50],"damage_taken":[{"damage":0,"enemies":"2 Louse","floor":1,"turns":1},{"damage":0,"enemies":"Jaw Worm","floor":3,"turns":1},{"damage":0,"enemies":"Lagavulin","floor":6,"turns":1},{"damage":0,"enemies":"Cultist","floor":10,"turns":3},{"damage":1,"enemies":"3 Louse","floor":12,"turns":3},{"damage":22,"enemies":"Gremlin Nob","floor":13,"turns":4},{"damage":7,"enemies":"2 Fungi Beasts","floor":14,"turns":3},{"damage":21,"enemies":"The Guardian","floor":16,"turns":10},{"damage":0,"enemies":"Chosen","floor":18,"turns":3},{"damage":9,"enemies":"Book of Stabbing","floor":28,"turns":5},{"damage":1,"enemies":"Spheric Guardian","floor":31,"turns":3},{"damage":14,"enemies":"Champ","floor":33,"turns":10},{"damage":5,"enemies":"3 Shapes","floor":35,"turns":5},{"damage":7,"enemies":"3 Darklings","floor":36,"turns":4},{"damage":2,"enemies":"Spire Growth","floor":37,"turns":5},{"damage":0,"enemies":"Transient","floor":42,"turns":5},{"damage":17,"enemies":"Nemesis","floor":44,"turns":9},{"damage":0,"enemies":"Sphere and 2 Shapes","floor":48,"turns":4},{"damage":26,"enemies":"Donu and Deca","floor":50,"turns":8}],"seed_played":"7837881203155469624","potions_obtained":[{"floor":6,"key":"Swift Potion"},{"floor":12,"key":"SteroidPotion"},{"floor":13,"key":"SkillPotion"},{"floor":16,"key":"FocusPotion"},{"floor":36,"key":"Swift Potion"},{"floor":42,"key":"Regen Potion"},{"floor":44,"key":"Regen Potion"}],"is_trial":false,"path_per_floor":["M","?","M","?","$","E","R","$","T","M","R","M","E","M","R","B",null,"M","$","?","?","?","R","?","R","T","$","E","R","?","M","R","B",null,"M","M","M","?","?","R","?","M","T","E","R","?","R","M","R","B",null],"character_chosen":"DEFECT","items_purchased":["Auto Shields","Defragment","Streamline","Capacitor"],"campfire_rested":2,"item_purchase_floors":[5,5,8,19],"current_hp_per_floor":[75,75,75,75,75,75,75,75,75,75,75,74,52,45,45,24,75,75,75,59,37,37,37,37,37,37,37,28,28,24,23,35,21,42,37,30,28,28,28,40,40,40,40,23,23,23,23,35,35,24],"gold":14,"neow_bonus":"THREE_ENEMY_KILL","is_prod":false,"is_daily":false,"chose_seed":false,"campfire_upgraded":9,"win_rate":0,"timestamp":1543768117,"path_taken":["M","?","M","?","?","E","R","$","T","M","R","M","E","M","R","BOSS","M","$","?","?","?","R","?","R","T","$","E","R","?","M","R","BOSS","M","M","M","?","?","R","?","M","T","E","R","?","R","M","R","BOSS"],"build_version":"2018-11-15","purchased_purges":1,"victory":true,"max_hp_per_floor":[75,75,75,75,75,75,75,75,75,75,75,75,75,75,75,75,75,75,75,75,37,37,37,37,37,37,37,37,37,42,42,42,42,42,42,42,42,42,42,42,42,42,42,42,42,42,42,42,42,42],"card_choices":[{"not_picked":["Coolheaded","Stack"],"picked":"Scrape","floor":1},{"not_picked":["Fusion","Sunder","Stack"],"picked":"SKIP","floor":3},{"not_picked":["Compile Driver","Leap"],"picked":"Redo","floor":6},{"not_picked":["Sunder","Blizzard","Coolheaded"],"picked":"SKIP","floor":10},{"not_picked":["Double Energy","Chill"],"picked":"Leap","floor":12},{"not_picked":["Blizzard","Ball Lightning"],"picked":"Beam Cell","floor":13},{"not_picked":["Cold Snap","Barrage","Coolheaded"],"picked":"SKIP","floor":14},{"not_picked":["Buffer","Core Surge"],"picked":"Electrodynamics","floor":16},{"not_picked":["Cold Snap"],"picked":"SKIP","floor":18},{"not_picked":["Gash"],"picked":"SKIP","floor":28},{"not_picked":[],"picked":"Defragment","floor":31},{"not_picked":["Coolheaded"],"picked":"SKIP","floor":35},{"not_picked":["Coolheaded+1"],"picked":"SKIP","floor":36},{"not_picked":["Double Energy"],"picked":"SKIP","floor":37},{"not_picked":[],"picked":"Dark Shackles","floor":38},{"not_picked":[],"picked":"Steam Power","floor":42},{"not_picked":[],"picked":"Reboot","floor":44},{"not_picked":["Ball Lightning"],"picked":"SKIP","floor":48}],"player_experience":245392,"relics_obtained":[{"floor":6,"key":"Art of War"},{"floor":9,"key":"Du-Vu Doll"},{"floor":13,"key":"Ancient Tea Set"},{"floor":20,"key":"Necronomicon"},{"floor":26,"key":"Letter Opener"},{"floor":28,"key":"Centennial Puzzle"},{"floor":43,"key":"Blue Candle"},{"floor":44,"key":"Vajra"}],"event_choices":[{"damage_healed":0,"gold_gain":0,"player_choice":"Box","damage_taken":0,"relics_obtained":["Boot"],"max_hp_gain":0,"max_hp_loss":0,"event_name":"Big Fish","floor":2,"gold_loss":0,"cards_obtained":["Regret"]},{"cards_removed":["Regret"],"damage_healed":0,"gold_gain":0,"player_choice":"Forget","damage_taken":0,"max_hp_gain":0,"max_hp_loss":0,"event_name":"Living Wall","floor":4,"gold_loss":0},{"damage_healed":0,"gold_gain":0,"player_choice":"Obtained Book","damage_taken":16,"max_hp_gain":0,"max_hp_loss":0,"event_name":"Cursed Tome","floor":20,"gold_loss":0},{"damage_healed":0,"gold_gain":0,"player_choice":"Became a Ghost","damage_taken":0,"max_hp_gain":0,"max_hp_loss":38,"event_name":"Ghosts","floor":21,"gold_loss":0,"cards_obtained":["Ghostly","Ghostly","Ghostly","Ghostly","Ghostly"]},{"damage_healed":0,"gold_gain":0,"player_choice":"Ignored","damage_taken":0,"max_hp_gain":0,"max_hp_loss":0,"event_name":"The Mausoleum","floor":22,"gold_loss":0},{"damage_healed":0,"gold_gain":0,"player_choice":"Simplicity","damage_taken":0,"max_hp_gain":0,"max_hp_loss":0,"event_name":"Back to Basics","floor":24,"gold_loss":0,"cards_upgraded":["Strike_B","Strike_B","Strike_B","Defend_B","Defend_B","Defend_B","Defend_B"]},{"damage_healed":0,"gold_gain":0,"player_choice":"Shed Blood","damage_taken":9,"max_hp_gain":5,"max_hp_loss":0,"event_name":"Forgotten Altar","floor":30,"gold_loss":0},{"damage_healed":0,"gold_gain":0,"player_choice":"Memory 1","damage_taken":0,"max_hp_gain":0,"max_hp_loss":0,"event_name":"SensoryStone","floor":38,"gold_loss":0},{"damage_healed":0,"gold_gain":0,"player_choice":"Ignored","damage_taken":0,"max_hp_gain":0,"max_hp_loss":0,"event_name":"Mysterious Sphere","floor":39,"gold_loss":0},{"cards_removed":["Beam Cell"],"damage_healed":0,"gold_gain":0,"player_choice":"Removed Attack","damage_taken":0,"max_hp_gain":0,"max_hp_loss":0,"event_name":"Falling","floor":41,"gold_loss":0},{"damage_healed":0,"gold_gain":0,"player_choice":"Paid","damage_taken":0,"relics_obtained":["Red Mask"],"max_hp_gain":0,"max_hp_loss":0,"event_name":"Tomb of Lord Red Mask","floor":46,"gold_loss":311}],"is_beta":false,"boss_relics":[{"not_picked":["Orrery","Sozu"],"picked":"Busted Crown"},{"not_picked":["Runic Dome","Snecko Eye"],"picked":"Runic Pyramid"}],"items_purged_floors":[19],"is_endless":false,"potions_floor_spawned":[6,12,13,16,18,28,36,42,44],"ascension_level":0}