{"gold_per_floor":[115,65,135,35,35,35,64,64,87,101,132,132,144,161,161,259,259,277,290,290,91,102,134,134,134],"floor_reached":25,"playtime":1292,"items_purged":["Strike_R"],"score":275,"play_id":"37a5e02c-315c-4352-be09-d35cbafcb313","local_time":"20190113201701","is_ascension_mode":true,"campfire_choices":[{"data":"Bash","floor":6,"key":"SMITH"},{"data":"Anger","floor":8,"key":"SMITH"},{"floor":12,"key":"REST"},{"data":"Rage","floor":15,"key":"SMITH"},{"data":"Feed","floor":24,"key":"SMITH"}],"neow_cost":"NONE","seed_source_timestamp":172322356561933,"circlet_count":0,"master_deck":["Strike_R+1","Defend_R","Defend_R","Defend_R","Bash+1","Body Slam+1","Body Slam+1","Anger+1","Armaments","Flex","Clash","Rage+1","Clash","Feed+1","Warcry+1","Dropkick","Disarm","Slice+1","Coolheaded"],"relics":["Burning Blood","Dream Catcher","Mummified Hand","Whetstone","Boot","Centennial Puzzle","Empty Cage","PrismaticShard","Incense Burner"],"potions_floor_usage":[19,23,23],"damage_taken":[{"damage":0,"enemies":"2 Louse","floor":1,"turns":3},{"damage":50,"enemies":"Lagavulin","floor":7,"turns":8},{"damage":7,"enemies":"Jaw Worm","floor":10,"turns":2},{"damage":27,"enemies":"3 Sentries","floor":11,"turns":9},{"damage":0,"enemies":"Cultist","floor":13,"turns":2},{"damage":13,"enemies":"Lots of Slimes","floor":14,"turns":4},{"damage":2,"enemies":"Slime Boss","floor":16,"turns":6},{"damage":19,"enemies":"Spheric Guardian","floor":18,"turns":4},{"damage":16,"enemies":"Shell Parasite","floor":19,"turns":3},{"damage":17,"enemies":"Shelled Parasite and Fungi","floor":22,"turns":5},{"damage":19,"enemies":"Gremlin Leader","floor":23,"turns":6},{"damage":53,"enemies":"Slavers","floor":25,"turns":4}],"seed_played":"-7985750887092928557","potions_obtained":[{"floor":7,"key":"FairyPotion"},{"floor":10,"key":"GamblersBrew"},{"floor":11,"key":"Fire Potion"},{"floor":19,"key":"EssenceOfSteel"},{"floor":22,"key":"Block Potion"}],"is_trial":false,"path_per_floor":["M","?","T","$","?","R","E","R","T","M","E","R","M","M","R","B",null,"M","M","?","$","M","E","R","E"],"character_chosen":"IRONCLAD","items_purchased":["Body Slam","PrismaticShard"],"campfire_rested":1,"item_purchase_floors":[4,21],"current_hp_per_floor":[80,80,80,80,80,80,36,36,36,35,14,38,44,37,37,41,80,67,57,57,57,46,33,33,0],"gold":134,"neow_bonus":"RANDOM_COMMON_RELIC","is_prod":false,"is_daily":false,"chose_seed":false,"campfire_upgraded":4,"win_rate":0,"timestamp":1547381821,"path_taken":["M","?","?","$","?","R","E","R","T","M","E","R","M","M","R","BOSS","M","M","?","$","M","E","R","E"],"build_version":"2019-01-10","purchased_purges":1,"victory":false,"max_hp_per_floor":[80,80,80,80,80,80,80,80,80,80,80,80,80,80,80,80,80,80,80,80,80,80,80,80,84],"card_choices":[{"not_picked":["Wild Strike","Entrench"],"picked":"Body Slam","floor":1},{"not_picked":["Combust","Corruption"],"picked":"Anger","floor":7},{"not_picked":["Whirlwind","Offering"],"picked":"Armaments","floor":10},{"not_picked":["Searing Blow","Perfected Strike"],"picked":"Flex","floor":11},{"not_picked":["Dropkick","Second Wind"],"picked":"Clash","floor":12},{"not_picked":["Blood for Blood","Warcry"],"picked":"Rage","floor":13},{"not_picked":["Pummel","Hemokinesis"],"picked":"Clash","floor":14},{"not_picked":["Immolate","Double Tap"],"picked":"Feed","floor":16},{"not_picked":["Feel No Pain","Anger"],"picked":"Warcry+1","floor":18},{"not_picked":["Carnage","Iron Wave"],"picked":"Dropkick","floor":19},{"not_picked":["Calculated Gamble","Searing Blow"],"picked":"Slice+1","floor":22},{"not_picked":["Gash+1","Dagger Spray"],"picked":"Coolheaded","floor":23}],"player_experience":138329,"relics_obtained":[{"floor":3,"key":"Mummified Hand"},{"floor":7,"key":"Whetstone"},{"floor":9,"key":"Boot"},{"floor":11,"key":"Centennial Puzzle"},{"floor":23,"key":"Incense Burner"}],"event_choices":[{"cards_removed":["Strike_R"],"damage_healed":0,"gold_gain":0,"player_choice":"Card Removal","damage_taken":0,"max_hp_gain":0,"max_hp_loss":0,"event_name":"The Cleric","floor":2,"gold_loss":50},{"damage_healed":0,"gold_gain":0,"player_choice":"Upgraded","damage_taken":0,"max_hp_gain":0,"max_hp_loss":0,"event_name":"Upgrade Shrine","floor":5,"gold_loss":0,"cards_upgraded":["Body Slam"]},{"damage_healed":0,"gold_gain":0,"cards_transformed":["Defend_R"],"player_choice":"Transformed","damage_taken":0,"max_hp_gain":0,"max_hp_loss":0,"event_name":"Transmorgrifier","floor":20,"gold_loss":0,"cards_obtained":["Disarm"]}],"is_beta":false,"boss_relics":[{"not_picked":["Snecko Eye","Busted Crown"],"picked":"Empty Cage"}],"items_purged_floors":[4],"is_endless":false,"potions_floor_spawned":[7,10,11,19,22],"killed_by":"Slavers","ascension_level":4}