{"gold_per_floor":[111,127,18,18,18,18,32,32,81,81,81,110,110,121,121,222,222,238,254,154,154,154,154,167,167,219,219,248,248,348,382,382,480,480,492,506,516,528,544,544,570,298,373,407,407,427,427,446,446,446],"floor_reached":51,"playtime":3313,"items_purged":["Strike_B","Strike_B","Strike_B+1"],"score":748,"play_id":"d69f68f5-1da4-4b73-8564-b6d5e4f8231c","local_time":"20181212235840","is_ascension_mode":false,"campfire_choices":[{"data":"Defragment","floor":6,"key":"SMITH"},{"data":"Loop","floor":8,"key":"SMITH"},{"data":"Dualcast","floor":10,"key":"SMITH"},{"data":"Panacea","floor":13,"key":"SMITH"},{"data":"Conserve Battery","floor":15,"key":"SMITH"},{"data":"Biased Cognition","floor":23,"key":"SMITH"},{"data":"Steam","floor":25,"key":"SMITH"},{"data":"BootSequence","floor":27,"key":"SMITH"},{"floor":32,"key":"REST"},{"data":"Biased Cognition","floor":40,"key":"SMITH"},{"data":"Conserve Battery","floor":47,"key":"SMITH"},{"floor":49,"key":"REST"}],"neow_cost":"NONE","seed_source_timestamp":15830681952217,"circlet_count":0,"master_deck":["Defend_B+1","Defend_B+1","Defend_B+1","Defend_B+1","Zap+1","Dualcast+1","Loop+1","Conserve Battery+1","Defragment+1","Compile Driver","Panacea+1","Steam+1","Cold Snap","Biased Cognition+1","Cold Snap","BootSequence+1","Conserve Battery+1","Skim+1","Double Energy+1","Biased Cognition+1","Steam+1","Chaos+1"],"relics":["Cracked Core","Centennial Puzzle","Juzu Bracelet","Runic Pyramid","Oddly Smooth Stone","Art of War","Darkstone Periapt","Du-Vu Doll","Cables","Red Mask","Sozu","Bag of Marbles","War Paint","Frozen Egg 2","Happy Flower"],"potions_floor_usage":[50,50],"damage_taken":[{"damage":1,"enemies":"Cultist","floor":1,"turns":3},{"damage":1,"enemies":"Jaw Worm","floor":2,"turns":3},{"damage":0,"enemies":"2 Louse","floor":7,"turns":2},{"damage":18,"enemies":"Gremlin Nob","floor":12,"turns":3},{"damage":6,"enemies":"Exordium Wildlife","floor":14,"turns":3},{"damage":10,"enemies":"Hexaghost","floor":16,"turns":13},{"damage":0,"enemies":"Chosen","floor":18,"turns":4},{"damage":2,"enemies":"Shell Parasite","floor":19,"turns":5},{"damage":0,"enemies":"Shelled Parasite and Fungi","floor":24,"turns":5},{"damage":0,"enemies":"Book of Stabbing","floor":28,"turns":6},{"damage":4,"enemies":"Colosseum Slavers","floor":30,"turns":4},{"damage":36,"enemies":"Colosseum Nobs","floor":30,"turns":5},{"damage":15,"enemies":"Masked Bandits","floor":31,"turns":5},{"damage":5,"enemies":"Champ","floor":33,"turns":23},{"damage":0,"enemies":"3 Darklings","floor":35,"turns":5},{"damage":0,"enemies":"3 Shapes","floor":36,"turns":4},{"damage":0,"enemies":"3 Darklings","floor":37,"turns":6},{"damage":0,"enemies":"Spire Growth","floor":38,"turns":5},{"damage":0,"enemies":"Jaw Worm Horde","floor":39,"turns":6},{"damage":0,"enemies":"Giant Head","floor":41,"turns":12},{"damage":14,"enemies":"Reptomancer","floor":44,"turns":7},{"damage":0,"enemies":"4 Shapes","floor":46,"turns":5},{"damage":0,"enemies":"Spire Growth","floor":48,"turns":5},{"damage":13,"enemies":"Time Eater","floor":50,"turns":6}],"seed_played":"-5398980788091761372","potions_obtained":[{"floor":1,"key":"SpeedPotion"},{"floor":12,"key":"EntropicBrew"},{"floor":16,"key":"Block Potion"},{"floor":19,"key":"FocusPotion"},{"floor":28,"key":"FocusPotion"},{"floor":31,"key":"FearPotion"}],"is_trial":false,"path_per_floor":["M","M","$","?","?","R","M","R","T","R","$","E","R","M","R","B",null,"M","M","$","?","?","R","M","R","T","R","E","?","?","?","R","B",null,"M","M","M","M","M","R","E","$","T","E","?","M","R","M","R","B",null],"character_chosen":"DEFECT","items_purchased":["Defragment","War Paint"],"campfire_rested":2,"item_purchase_floors":[3,42],"current_hp_per_floor":[74,73,73,73,73,73,73,73,73,73,73,55,55,49,49,39,75,75,73,73,73,73,73,73,73,73,73,73,73,33,18,40,35,75,75,75,75,75,75,75,75,75,75,61,61,61,61,61,71,58],"gold":446,"neow_bonus":"UPGRADE_CARD","is_prod":false,"is_daily":false,"chose_seed":false,"campfire_upgraded":10,"win_rate":0,"timestamp":1544648320,"path_taken":["M","M","$","?","?","R","?","R","T","R","$","E","R","M","R","BOSS","M","M","$","?","?","R","M","R","T","R","E","?","?","?","R","BOSS","M","M","M","M","M","R","E","$","T","E","?","M","R","M","R","BOSS"],"build_version":"2018-12-06","purchased_purges":3,"victory":true,"max_hp_per_floor":[75,75,75,75,75,75,75,75,75,75,75,75,75,75,75,75,75,75,75,75,75,75,75,75,75,75,75,75,75,75,75,75,75,75,75,75,75,75,75,75,75,75,75,75,71,71,71,71,71,71],"card_choices":[{"not_picked":["Self Repair","Go for the Eyes"],"picked":"Loop","floor":1},{"not_picked":["Melter","Rebound"],"picked":"Conserve Battery","floor":2},{"not_picked":["Turbo","Lockon"],"picked":"Steam","floor":7},{"not_picked":["Redo","Thunder Strike","Steam"],"picked":"SKIP","floor":12},{"not_picked":["Ball Lightning","Streamline"],"picked":"Cold Snap","floor":14},{"not_picked":["Buffer","All For One"],"picked":"Biased Cognition","floor":16},{"not_picked":["Rip and Tear","Barrage+1"],"picked":"Cold Snap","floor":18},{"not_picked":["Self Repair","Redo+1"],"picked":"BootSequence","floor":19},{"not_picked":["Self Repair","Static Discharge+1","Auto Shields"],"picked":"SKIP","floor":24},{"not_picked":["Compile Driver","Reprogram"],"picked":"Conserve Battery","floor":28},{"not_picked":["Reinforced Body","Cold Snap"],"picked":"Skim","floor":30},{"not_picked":["Cold Snap+1","Stack"],"picked":"Double Energy","floor":31},{"not_picked":["Meteor Strike","Creative AI"],"picked":"Biased Cognition","floor":33},{"not_picked":["Cold Snap+1","Aggregate+1"],"picked":"Steam+1","floor":35},{"not_picked":["Coolheaded+1","Conserve Battery+1","Sweeping Beam"],"picked":"SKIP","floor":36},{"not_picked":["Hologram","Rebound+1","Stack"],"picked":"SKIP","floor":37},{"not_picked":["Stack+1","Compile Driver+1","Rebound"],"picked":"SKIP","floor":38},{"not_picked":["Gash+1","Storm+1","Heatsinks"],"picked":"SKIP","floor":39},{"not_picked":["Conserve Battery+1","Scrape+1","Double Energy+1"],"picked":"SKIP","floor":41},{"not_picked":["Consume","Go for the Eyes","Self Repair+1"],"picked":"SKIP","floor":44},{"not_picked":["Reboot","Turbo+1"],"picked":"Chaos+1","floor":46},{"not_picked":["Turbo+1","Hologram+1","Beam Cell+1"],"picked":"SKIP","floor":48}],"player_experience":295680,"relics_obtained":[{"floor":9,"key":"Centennial Puzzle"},{"floor":12,"key":"Juzu Bracelet"},{"floor":26,"key":"Oddly Smooth Stone"},{"floor":28,"key":"Art of War"},{"floor":30,"key":"Du-Vu Doll"},{"floor":30,"key":"Cables"},{"floor":31,"key":"Red Mask"},{"floor":41,"key":"Bag of Marbles"},{"floor":43,"key":"Frozen Egg 2"},{"floor":44,"key":"Happy Flower"}],"event_choices":[{"cards_removed":["Strike_B"],"damage_healed":0,"gold_gain":0,"player_choice":"Forget","damage_taken":0,"max_hp_gain":0,"max_hp_loss":0,"event_name":"Living Wall","floor":4,"gold_loss":0},{"damage_healed":0,"gold_gain":0,"player_choice":"2 cards matched","damage_taken":0,"max_hp_gain":0,"max_hp_loss":0,"event_name":"Match and Keep!","floor":5,"gold_loss":0,"cards_obtained":["Compile Driver","Panacea"]},{"damage_healed":0,"gold_gain":0,"player_choice":"Ignored","damage_taken":0,"max_hp_gain":0,"max_hp_loss":0,"event_name":"N\u0027loth","floor":21,"gold_loss":0},{"damage_healed":0,"gold_gain":0,"player_choice":"Simplicity","damage_taken":0,"max_hp_gain":0,"max_hp_loss":0,"event_name":"Back to Basics","floor":22,"gold_loss":0,"cards_upgraded":["Strike_B","Defend_B","Defend_B","Defend_B","Defend_B"]},{"damage_healed":0,"gold_gain":0,"player_choice":"Gave Potion","damage_taken":0,"relics_obtained":["Darkstone Periapt"],"max_hp_gain":0,"max_hp_loss":0,"event_name":"WeMeetAgain","floor":29,"gold_loss":0},{"damage_healed":0,"gold_gain":0,"player_choice":"Fight","damage_taken":0,"max_hp_gain":0,"max_hp_loss":0,"event_name":"Colosseum","floor":30,"gold_loss":0},{"damage_healed":0,"gold_gain":0,"player_choice":"Fought Nobs","damage_taken":0,"max_hp_gain":0,"max_hp_loss":0,"event_name":"Colosseum","floor":30,"gold_loss":0},{"damage_healed":0,"gold_gain":0,"player_choice":"Fought Bandits","damage_taken":0,"max_hp_gain":0,"max_hp_loss":0,"event_name":"Masked Bandits","floor":31,"gold_loss":0},{"damage_healed":0,"gold_gain":0,"player_choice":"Max HP","damage_taken":0,"max_hp_gain":0,"max_hp_loss":4,"event_name":"Winding Halls","floor":45,"gold_loss":0}],"is_beta":false,"boss_relics":[{"not_picked":["Calling Bell","Tiny House"],"picked":"Runic Pyramid"},{"not_picked":["Fusion Hammer","Runic Dome"],"picked":"Sozu"}],"items_purged_floors":[3,20,42],"is_endless":false,"potions_floor_spawned":[1,12,16,19,24,28,31,33,35,39,41,46,48],"ascension_level":0}