{"gold_per_floor":[368,383,395,362,375,375,375,375,375,375,48,64,64,78,78,173,173,191,191,191,209,209,236,236],"floor_reached":24,"playtime":1437,"items_purged":["Strike_G"],"score":206,"play_id":"a9399d63-e553-4d37-b55d-b44227f2ba6b","local_time":"20181125154056","is_ascension_mode":false,"campfire_choices":[{"floor":6.0,"key":"REST"},{"data":"Noxious Fumes","floor":8.0,"key":"SMITH"},{"data":"Terror","floor":10.0,"key":"SMITH"},{"data":"Footwork","floor":15.0,"key":"SMITH"}],"neow_cost":"PERCENT_DAMAGE","seed_source_timestamp":9543442529271,"circlet_count":0,"master_deck":["Defend_G","Defend_G","Defend_G","Defend_G","Defend_G","Strike_G","Strike_G","Strike_G","Survivor","Neutralize","Terror+1","Noxious Fumes+1","Well Laid Plans","Backflip","Iron Wave","Footwork+1","Night Terror","Footwork","Caltrops","Bullet Time"],"special_seed":0,"relics":["Ring of the Snake","Letter Opener","Eternal Feather","Nloth\u0027s Gift","Paper Crane"],"potions_floor_usage":[23,23],"damage_taken":[{"damage":8.0,"enemies":"Jaw Worm","floor":1.0,"turns":8.0},{"damage":1.0,"enemies":"2 Louse","floor":2.0,"turns":3.0},{"damage":4.0,"enemies":"Small Slimes","floor":3.0,"turns":4.0},{"damage":18.0,"enemies":"Exordium Thugs","floor":5.0,"turns":7.0},{"damage":0.0,"enemies":"Large Slime","floor":12.0,"turns":5.0},{"damage":1.0,"enemies":"Lots of Slimes","floor":14.0,"turns":3.0},{"damage":28.0,"enemies":"Slime Boss","floor":16.0,"turns":13.0},{"damage":0.0,"enemies":"Shell Parasite","floor":18.0,"turns":9.0},{"damage":16,"enemies":"3 Byrds","floor":21,"turns":5},{"damage":37,"enemies":"Gremlin Leader","floor":23,"turns":9},{"damage":18,"enemies":"Snake Plant","floor":24,"turns":5}],"seed_played":"2733811161152482450","potions_obtained":[{"floor":1.0,"key":"EntropicBrew"},{"floor":5.0,"key":"Ancient Potion"},{"floor":12.0,"key":"EntropicBrew"},{"floor":16.0,"key":"Poison Potion"},{"floor":18.0,"key":"Weak Potion"},{"floor":23,"key":"Ancient Potion"}],"is_trial":false,"path_per_floor":["M","M","M","?","M","R","?","R","T","R","$","M","?","M","R","B",null,"M","?","?","M","?","E","M"],"character_chosen":"THE_SILENT","items_purchased":["Letter Opener"],"campfire_rested":1,"item_purchase_floors":[11],"current_hp_per_floor":[41,40,36,36,18,39,62,62,62,62,62,62,62,61,61,33,70,70,70,70,54,54,17,0],"gold":236,"neow_bonus":"TWO_FIFTY_GOLD","is_prod":false,"is_daily":false,"chose_seed":false,"campfire_upgraded":3,"win_rate":0,"timestamp":1543149656,"path_taken":["M","M","M","?","M","R","?","R","T","R","$","M","?","M","R","BOSS","M","?","?","?","?","E","M"],"build_version":"2018-11-15","purchased_purges":1,"victory":false,"max_hp_per_floor":[70,70,70,70,70,70,70,70,70,70,70,70,70,70,70,70,70,70,70,70,70,70,70,70],"card_choices":[{"not_picked":["Cloak And Dagger","Heel Hook"],"picked":"Terror","floor":1.0},{"not_picked":["Underhanded Strike","Dagger Spray","Cloak And Dagger"],"picked":"SKIP","floor":2.0},{"not_picked":["Backflip","Slice"],"picked":"Noxious Fumes","floor":3.0},{"not_picked":["Dodge and Roll","Acrobatics"],"picked":"Well Laid Plans","floor":5.0},{"not_picked":["Deflect","Poisoned Stab"],"picked":"Backflip","floor":12.0},{"not_picked":["Riddle With Holes","Dagger Throw"],"picked":"Footwork","floor":14.0},{"not_picked":["Grand Finale","After Image"],"picked":"Night Terror","floor":16.0},{"not_picked":["Slice","Dodge and Roll","Backflip"],"picked":"SKIP","floor":18.0},{"not_picked":["Infinite Blades","Backflip+1"],"picked":"Footwork","floor":21},{"not_picked":["Heel Hook","Poisoned Stab"],"picked":"Bullet Time","floor":23}],"player_experience":219904,"relics_obtained":[{"floor":9.0,"key":"Lantern"},{"floor":23,"key":"Paper Crane"}],"event_choices":[{"damage_healed":0.0,"max_hp_gain":0.0,"max_hp_loss":0.0,"gold_gain":0.0,"event_name":"World of Goop","player_choice":"Left Gold","floor":4.0,"gold_loss":33.0,"damage_taken":0.0},{"damage_healed":23.0,"max_hp_gain":0.0,"max_hp_loss":0.0,"gold_gain":0.0,"event_name":"Big Fish","player_choice":"Banana","floor":7.0,"gold_loss":0.0,"damage_taken":0.0},{"cards_removed":["Strike_G"],"damage_healed":0.0,"max_hp_gain":0.0,"max_hp_loss":0.0,"gold_gain":0.0,"event_name":"NoteForYourself","player_choice":"Took Card","floor":13.0,"gold_loss":0.0,"damage_taken":0.0,"cards_obtained":["Iron Wave"]},{"damage_healed":0.0,"max_hp_gain":0.0,"max_hp_loss":0.0,"gold_gain":0.0,"event_name":"Vampires","player_choice":"Ignored","floor":19.0,"gold_loss":0.0,"damage_taken":0.0},{"damage_healed":0.0,"max_hp_gain":0.0,"max_hp_loss":0.0,"gold_gain":0.0,"event_name":"N\u0027loth","player_choice":"Traded Relic","floor":20.0,"relics_lost":["Lantern"],"gold_loss":0.0,"damage_taken":0.0,"relics_obtained":["Nloth\u0027s Gift"]},{"damage_healed":0,"gold_gain":0,"player_choice":"Read","damage_taken":0,"max_hp_gain":0,"max_hp_loss":0,"event_name":"The Library","floor":22,"gold_loss":0,"cards_obtained":["Caltrops"]}],"is_beta":false,"boss_relics":[{"not_picked":["Snecko Eye","Lizard Tail"],"picked":"Eternal Feather"}],"items_purged_floors":[11],"is_endless":false,"potions_floor_spawned":[1,5,12,16,18,23],"killed_by":"Snake Plant","ascension_level":0}