{"gold_per_floor":[110,129,144,160,160,160,186,186,186,205,225,239,239,314,314,412,412,397,397,412,0,14,14,14,14,40,40,50,50,65,79,79,79],"floor_reached":33,"playtime":1995,"items_purged":[],"score":251,"play_id":"02dab3c7-66dc-4415-bafb-456f7649c9e0","local_time":"20181114232746","is_ascension_mode":false,"campfire_choices":[{"data":"Tools of the Trade","floor":6,"key":"SMITH"},{"floor":8,"key":"REST"},{"data":"Deadly Poison","floor":13,"key":"SMITH"},{"floor":15,"key":"REST"},{"data":"Glass Knife","floor":23,"key":"SMITH"},{"data":"Terror","floor":25,"key":"SMITH"},{"data":"Dodge and Roll","floor":27,"key":"SMITH"},{"floor":29,"key":"REST"},{"data":"Deadly Poison","floor":32,"key":"SMITH"}],"neow_cost":"NONE","seed_source_timestamp":13619193728686,"circlet_count":0,"master_deck":["Defend_G+1","Defend_G+1","Defend_G+1","Defend_G+1","Defend_G+1","Strike_G+1","Strike_G+1","Strike_G+1","Strike_G+1","Strike_G+1","Survivor","Neutralize","Tools of the Trade+1","Dodge and Roll+1","Terror+1","Poisoned Stab+1","Deadly Poison+1","Glass Knife+1","Writhe","Deadly Poison+1"],"relics":["Ring of the Snake","Whetstone","Meat on the Bone","Runic Pyramid","Ninja Scroll","Boot"],"potions_floor_usage":[3,7,7,7,16,16,30,33],"damage_taken":[{"damage":5,"enemies":"Cultist","floor":1,"turns":5},{"damage":3,"enemies":"2 Louse","floor":2,"turns":5},{"damage":1,"enemies":"Jaw Worm","floor":3,"turns":5},{"damage":15,"enemies":"Exordium Wildlife","floor":4,"turns":7},{"damage":17,"enemies":"3 Sentries","floor":7,"turns":11},{"damage":0,"enemies":"Large Slime","floor":10,"turns":5},{"damage":5,"enemies":"3 Louse","floor":11,"turns":3},{"damage":2,"enemies":"Looter","floor":12,"turns":3},{"damage":19,"enemies":"The Guardian","floor":16,"turns":10},{"damage":26,"enemies":"2 Thieves","floor":18,"turns":4},{"damage":0,"enemies":"Chosen","floor":20,"turns":4},{"damage":3,"enemies":"Centurion and Healer","floor":22,"turns":8},{"damage":4,"enemies":"Sentry and Sphere","floor":28,"turns":7},{"damage":3,"enemies":"Snake Plant","floor":30,"turns":3},{"damage":0,"enemies":"Snecko","floor":31,"turns":4},{"damage":61,"enemies":"Automaton","floor":33,"turns":10}],"seed_played":"348512027210285734","potions_obtained":[{"floor":2,"key":"EntropicBrew"},{"floor":3,"key":"SpeedPotion"},{"floor":7,"key":"PowerPotion"},{"floor":11,"key":"GamblersBrew"},{"floor":18,"key":"Block Potion"},{"floor":28,"key":"Fire Potion"},{"floor":30,"key":"SmokeBomb"}],"is_trial":false,"path_per_floor":["M","M","M","M","?","R","E","R","T","M","M","M","R","?","R","B",null,"M","?","M","?","M","R","?","R","T","R","M","R","M","M","R","B"],"character_chosen":"THE_SILENT","items_purchased":[],"campfire_rested":3,"item_purchase_floors":[],"current_hp_per_floor":[65,62,61,46,46,46,29,50,50,50,45,43,43,32,53,46,70,44,44,44,44,41,41,41,41,41,41,37,58,55,55,55,0],"gold":79,"neow_bonus":"ONE_RANDOM_RARE_CARD","is_prod":false,"is_daily":false,"chose_seed":false,"campfire_upgraded":6,"win_rate":0,"timestamp":1542227266,"path_taken":["M","?","M","M","?","R","E","R","T","M","M","M","R","?","R","BOSS","M","?","M","?","M","R","?","R","T","R","M","R","M","M","R","BOSS"],"build_version":"2018-11-08","purchased_purges":0,"victory":false,"max_hp_per_floor":[70,70,70,70,70,70,70,70,70,70,70,70,70,70,70,70,70,70,70,70,70,70,70,70,70,70,70,70,70,70,70,70,70],"card_choices":[{"not_picked":["Backflip","Riddle With Holes"],"picked":"Dodge and Roll","floor":1},{"not_picked":["Backflip","Underhanded Strike"],"picked":"Terror","floor":2},{"not_picked":["Outmaneuver","Riddle With Holes","Distraction"],"picked":"SKIP","floor":3},{"not_picked":["Accuracy","Outmaneuver"],"picked":"Poisoned Stab","floor":4},{"not_picked":["PiercingWail","Sucker Punch","Skewer"],"picked":"SKIP","floor":7},{"not_picked":["Cloak And Dagger","A Thousand Cuts"],"picked":"Deadly Poison","floor":10},{"not_picked":["All Out Attack","Slice","Acrobatics"],"picked":"SKIP","floor":11},{"not_picked":["Flying Knee","Underhanded Strike","Cloak And Dagger"],"picked":"SKIP","floor":12},{"not_picked":["Unload","Doppelganger"],"picked":"Glass Knife","floor":16},{"not_picked":["Eviscerate","PiercingWail","Masterful Stab"],"picked":"SKIP","floor":18},{"not_picked":["Quick Slash","Backstab","Endless Agony"],"picked":"SKIP","floor":20},{"not_picked":["Backflip","Deflect","Underhanded Strike+1"],"picked":"SKIP","floor":22},{"not_picked":["Backflip","Deflect","Underhanded Strike+1"],"picked":"SKIP","floor":22},{"not_picked":["Flying Knee","Dodge and Roll"],"picked":"Deadly Poison","floor":28},{"not_picked":["Riddle With Holes+1","Slice","Expertise"],"picked":"SKIP","floor":30},{"not_picked":["Choke","Blade Dance","Setup"],"picked":"SKIP","floor":31}],"player_experience":177836,"relics_obtained":[{"floor":7,"key":"Whetstone"},{"floor":9,"key":"Meat on the Bone"},{"floor":26,"key":"Boot"}],"event_choices":[{"damage_healed":0,"gold_gain":0,"player_choice":"Ignored","damage_taken":0,"max_hp_gain":0,"max_hp_loss":0,"event_name":"Golden Idol","floor":5,"gold_loss":0},{"damage_healed":0,"gold_gain":75,"player_choice":"Gather Gold","damage_taken":11,"max_hp_gain":0,"max_hp_loss":0,"event_name":"World of Goop","floor":14,"gold_loss":0},{"damage_healed":0,"gold_gain":0,"player_choice":"Simplicity","damage_taken":0,"max_hp_gain":0,"max_hp_loss":0,"event_name":"Back to Basics","floor":19,"gold_loss":0,"cards_upgraded":["Defend_G","Defend_G","Defend_G","Defend_G","Defend_G","Strike_G","Strike_G","Strike_G","Strike_G"]},{"damage_healed":0,"gold_gain":0,"player_choice":"Paid Fearfully","damage_taken":0,"max_hp_gain":0,"max_hp_loss":0,"event_name":"Masked Bandits","floor":21,"gold_loss":412},{"damage_healed":0,"gold_gain":0,"player_choice":"Opened","damage_taken":0,"relics_obtained":["Ninja Scroll"],"max_hp_gain":0,"max_hp_loss":0,"event_name":"The Mausoleum","floor":24,"gold_loss":0,"cards_obtained":["Writhe"]}],"is_beta":false,"boss_relics":[{"not_picked":["Sozu","White Beast Statue"],"picked":"Runic Pyramid"}],"items_purged_floors":[],"is_endless":false,"potions_floor_spawned":[2,3,7,11,18,20,28,30],"killed_by":"Automaton","ascension_level":0}