{"gold_per_floor":[10,10,29,29,46,79,79,97,97,109,109,122,122,138,138,241,241,225,27,42,42,42,42,52,52,76,86,86,101,101,121,121,216,216,228,243,254,354,12,12],"floor_reached":40,"playtime":3002,"items_purged":["Strike_B"],"score":392,"play_id":"75a34e6f-b455-4fef-b1e9-9de4d7d0bc34","local_time":"20181202214626","is_ascension_mode":false,"campfire_choices":[{"data":"Coolheaded","floor":11,"key":"SMITH"},{"floor":15,"key":"REST"},{"floor":23,"key":"REST"},{"floor":28,"key":"REST"},{"data":"Capacitor","floor":30,"key":"SMITH"},{"data":"Machine Learning","floor":32,"key":"SMITH"}],"neow_cost":"NO_GOLD","seed_source_timestamp":21909039122772,"circlet_count":0,"master_deck":["Defend_B","Defend_B","Defend_B","Zap","Dualcast","Redo","Coolheaded+1","Gash","White Noise","Capacitor+1","Go for the Eyes","Buffer","Recycle","Reboot","Glacier","Auto Shields","Good Instincts","Machine Learning+1","Conserve Battery","Gash","Buffer","Reinforced Body"],"relics":["Cracked Core","Du-Vu Doll","Kunai","Shuriken","Sozu","Membership Card","Enchiridion","Ancient Tea Set","Nuclear Battery","Prayer Wheel","Calipers","Thread and Needle"],"potions_floor_usage":[14,14,14,16],"damage_taken":[{"damage":12,"enemies":"Small Slimes","floor":1,"turns":3},{"damage":2,"enemies":"2 Louse","floor":3,"turns":3},{"damage":6,"enemies":"Jaw Worm","floor":5,"turns":2},{"damage":34,"enemies":"Gremlin Nob","floor":6,"turns":4},{"damage":5,"enemies":"Looter","floor":8,"turns":2},{"damage":2,"enemies":"Blue Slaver","floor":10,"turns":5},{"damage":7,"enemies":"Large Slime","floor":12,"turns":4},{"damage":21,"enemies":"Gremlin Gang","floor":14,"turns":3},{"damage":2,"enemies":"Slime Boss","floor":16,"turns":12},{"damage":24,"enemies":"2 Thieves","floor":18,"turns":4},{"damage":8,"enemies":"Chosen","floor":20,"turns":6},{"damage":19,"enemies":"Snake Plant","floor":24,"turns":9},{"damage":1,"enemies":"Shelled Parasite and Fungi","floor":27,"turns":14},{"damage":0,"enemies":"Centurion and Healer","floor":29,"turns":19},{"damage":13,"enemies":"Snecko","floor":31,"turns":9},{"damage":33,"enemies":"Automaton","floor":33,"turns":13},{"damage":4,"enemies":"3 Darklings","floor":35,"turns":5},{"damage":0,"enemies":"3 Shapes","floor":36,"turns":10},{"damage":4,"enemies":"Sphere and 2 Shapes","floor":37,"turns":9},{"damage":16,"enemies":"Mind Bloom Boss Battle","floor":38,"turns":14},{"damage":55,"enemies":"Reptomancer","floor":40,"turns":2}],"seed_played":"4603452796041192131","potions_obtained":[{"floor":3,"key":"Explosive Potion"},{"floor":10,"key":"FocusPotion"},{"floor":12,"key":"SkillPotion"},{"floor":14,"key":"Block Potion"}],"is_trial":false,"path_per_floor":["M","?","M","?","M","E","?","M","T","M","R","M","?","M","R","B",null,"M","$","M","?","?","R","M","?","T","M","R","M","R","M","R","B",null,"M","M","M","?","$","E"],"character_chosen":"DEFECT","items_purchased":["Membership Card","Calipers","Thread and Needle"],"campfire_rested":3,"item_purchase_floors":[19,39,39],"current_hp_per_floor":[63,63,61,54,48,14,39,34,34,32,32,25,25,4,26,24,75,51,51,43,43,27,49,30,30,30,29,51,51,51,38,38,5,75,71,71,67,51,51,0],"gold":12,"neow_bonus":"REMOVE_TWO","is_prod":false,"is_daily":false,"chose_seed":false,"campfire_upgraded":3,"win_rate":0,"timestamp":1543776386,"path_taken":["M","?","M","?","M","E","?","?","T","M","R","M","?","M","R","BOSS","M","$","M","?","?","R","M","?","T","M","R","M","R","M","R","BOSS","M","?","M","?","$","E"],"build_version":"2018-11-15","purchased_purges":1,"victory":false,"max_hp_per_floor":[75,75,75,75,75,75,75,75,75,75,75,75,75,75,75,75,75,75,75,75,75,75,75,75,75,75,75,75,75,75,75,75,75,75,75,75,75,75,75,75],"card_choices":[{"not_picked":["Conserve Battery","Cold Snap"],"picked":"Redo","floor":1},{"not_picked":["Reprogram","Heatsinks"],"picked":"Coolheaded","floor":3},{"not_picked":["Beam Cell","Melter"],"picked":"Gash","floor":5},{"not_picked":["Aggregate","Ball Lightning"],"picked":"White Noise","floor":6},{"not_picked":["Gash","Glacier"],"picked":"Capacitor","floor":8},{"not_picked":["Beam Cell","Tempest"],"picked":"Go for the Eyes","floor":10},{"not_picked":["Hologram","Sweeping Beam"],"picked":"Buffer","floor":12},{"not_picked":["Stack","Sunder"],"picked":"Recycle","floor":14},{"not_picked":["All For One","Fission"],"picked":"Reboot","floor":16},{"not_picked":["Barrage+1","Reprogram"],"picked":"Glacier","floor":18},{"not_picked":["Compile Driver","Fusion","Beam Cell+1"],"picked":"SKIP","floor":20},{"not_picked":["Cold Snap","Melter+1","Compile Driver+1"],"picked":"SKIP","floor":24},{"not_picked":["Beam Cell+1","Consume"],"picked":"Machine Learning","floor":27},{"not_picked":["Go for the Eyes","Melter+1"],"picked":"Conserve Battery","floor":29},{"not_picked":["BootSequence+1","Darkness"],"picked":"Gash","floor":31},{"not_picked":["Rainbow","Thunder Strike"],"picked":"Buffer","floor":33},{"not_picked":["Melter+1","Streamline+1","Cold Snap+1"],"picked":"SKIP","floor":35},{"not_picked":["Scrape","Gash+1"],"picked":"Reinforced Body","floor":36},{"not_picked":["Lockon","Redo","Stack"],"picked":"SKIP","floor":37}],"player_experience":251344,"relics_obtained":[{"floor":6,"key":"Kunai"},{"floor":9,"key":"Shuriken"},{"floor":22,"key":"Enchiridion"},{"floor":26,"key":"Ancient Tea Set"},{"floor":38,"key":"Prayer Wheel"}],"event_choices":[{"cards_removed":["Strike_B"],"damage_healed":0,"gold_gain":0,"player_choice":"Forget","damage_taken":0,"max_hp_gain":0,"max_hp_loss":0,"event_name":"Living Wall","floor":2,"gold_loss":0},{"damage_healed":0,"gold_gain":0,"player_choice":"Success","damage_taken":7,"relics_obtained":["Du-Vu Doll"],"max_hp_gain":0,"max_hp_loss":0,"event_name":"Scrap Ooze","floor":4,"gold_loss":0},{"damage_healed":25,"gold_gain":0,"player_choice":"Banana","damage_taken":0,"max_hp_gain":0,"max_hp_loss":0,"event_name":"Big Fish","floor":7,"gold_loss":0},{"damage_healed":0,"gold_gain":0,"player_choice":"Ignored","damage_taken":0,"max_hp_gain":0,"max_hp_loss":0,"event_name":"Liars Game","floor":13,"gold_loss":0},{"cards_removed":["Strike_B"],"damage_healed":0,"gold_gain":0,"player_choice":"Elegance","damage_taken":0,"max_hp_gain":0,"max_hp_loss":0,"event_name":"Back to Basics","floor":21,"gold_loss":0},{"damage_healed":0,"gold_gain":0,"player_choice":"Obtained Book","damage_taken":16,"max_hp_gain":0,"max_hp_loss":0,"event_name":"Cursed Tome","floor":22,"gold_loss":0},{"damage_healed":0,"gold_gain":0,"player_choice":"2 cards matched","damage_taken":0,"max_hp_gain":0,"max_hp_loss":0,"event_name":"Match and Keep!","floor":25,"gold_loss":0,"cards_obtained":["Auto Shields","Good Instincts"]},{"damage_healed":0,"gold_gain":0,"player_choice":"Fight","damage_taken":0,"max_hp_gain":0,"max_hp_loss":0,"event_name":"MindBloom","floor":38,"gold_loss":0}],"is_beta":false,"boss_relics":[{"not_picked":["Lizard Tail","Runic Dome"],"picked":"Sozu"},{"not_picked":["Eternal Feather","Black Star"],"picked":"Nuclear Battery"}],"items_purged_floors":[39],"is_endless":false,"potions_floor_spawned":[3,10,12,14,24,29,38],"killed_by":"Reptomancer","ascension_level":0}