{"gold_per_floor":[115,132,15,26,26,26,26,26,26,103,103,123,19,42,42,161,161,174,5,5,5,21,21,21],"floor_reached":24,"playtime":1891,"items_purged":[],"score":184,"play_id":"15d38ee6-45a5-41e0-b593-a5d1907da3f7","local_time":"20190501011437","is_ascension_mode":false,"campfire_choices":[{"data":"Thunderclap","floor":6,"key":"SMITH"},{"data":"Combust","floor":15,"key":"SMITH"},{"floor":23,"key":"REST"}],"neow_cost":"NONE","seed_source_timestamp":13554347920534,"circlet_count":0,"master_deck":["Strike_R+1","Strike_R","Strike_R+1","Strike_R","Defend_R","Defend_R","Defend_R","Defend_R","Bash","Flex","Thunderclap+1","PanicButton","Feel No Pain","Combust+1","Clash","Infernal Blade","Fire Breathing","Warcry","Flex","Barricade","Anger","True Grit","Writhe","Armaments"],"relics":["Burning Blood","NeowsBlessing","Golden Idol","Du-Vu Doll","Paper Frog","WarpedTongs","Snecko Eye","Whetstone","Charon\u0027s Ashes"],"potions_floor_usage":[16,18,22],"damage_taken":[{"damage":0,"enemies":"Small Slimes","floor":1,"turns":1},{"damage":0,"enemies":"Jaw Worm","floor":2,"turns":1},{"damage":0,"enemies":"Cultist","floor":4,"turns":1},{"damage":13,"enemies":"Lots of Slimes","floor":12,"turns":3},{"damage":3,"enemies":"3 Louse","floor":14,"turns":3},{"damage":29,"enemies":"The Guardian","floor":16,"turns":8},{"damage":40,"enemies":"2 Thieves","floor":18,"turns":4},{"damage":25,"enemies":"Spheric Guardian","floor":22,"turns":6},{"damage":46,"enemies":"Slavers","floor":24,"turns":3}],"seed_played":"-5876904175768876989","potions_obtained":[{"floor":4,"key":"Fire Potion"},{"floor":16,"key":"Explosive Potion"},{"floor":18,"key":"PowerPotion"}],"is_trial":false,"path_per_floor":["M","M","$","M","?","R","?","$","T","T","?","M","$","M","R","B",null,"M","$","?","?","M","R","E"],"character_chosen":"IRONCLAD","items_purchased":["PanicButton","Feel No Pain","Fire Breathing","Warcry","True Grit","Whetstone"],"campfire_rested":1,"item_purchase_floors":[3,3,13,13,19,19],"current_hp_per_floor":[80,80,80,80,80,80,74,74,74,74,74,67,67,70,70,47,74,40,40,40,40,21,43,0],"gold":21,"neow_bonus":"THREE_ENEMY_KILL","is_prod":false,"is_daily":false,"chose_seed":false,"campfire_upgraded":2,"win_rate":0.0,"timestamp":1556687677,"path_taken":["M","M","$","M","?","R","?","$","T","?","?","?","?","M","R","BOSS","M","$","?","?","M","R","E"],"build_version":"2019-01-23","purchased_purges":0,"victory":false,"max_hp_per_floor":[80,80,80,80,80,80,74,74,74,74,74,74,74,74,74,74,74,74,74,74,74,74,74,74],"card_choices":[{"not_picked":["Armaments","Headbutt"],"picked":"Flex","floor":1},{"not_picked":["Flex","Body Slam"],"picked":"Thunderclap","floor":2},{"not_picked":["Sword Boomerang","Entrench"],"picked":"Combust","floor":4},{"not_picked":["Body Slam","Thunderclap"],"picked":"Infernal Blade","floor":12},{"not_picked":["Carnage","Clothesline"],"picked":"Flex","floor":14},{"not_picked":["Demon Form","Feed"],"picked":"Barricade","floor":16},{"not_picked":["Combust","Thunderclap"],"picked":"Anger","floor":18},{"not_picked":["Clash","Cleave+1"],"picked":"Armaments","floor":22}],"player_experience":26076,"relics_obtained":[{"floor":9,"key":"Du-Vu Doll"},{"floor":10,"key":"Paper Frog"}],"event_choices":[{"damage_healed":0,"gold_gain":0,"cards_transformed":["Strike_R"],"player_choice":"Change","damage_taken":0,"max_hp_gain":0,"max_hp_loss":0,"event_name":"Living Wall","floor":5,"gold_loss":0,"cards_obtained":["Clash"]},{"damage_healed":0,"gold_gain":0,"player_choice":"Lose Max HP","damage_taken":0,"relics_obtained":["Golden Idol"],"max_hp_gain":0,"max_hp_loss":6,"event_name":"Golden Idol","floor":7,"gold_loss":0},{"damage_healed":0,"gold_gain":0,"player_choice":"Rummage","damage_taken":0,"relics_obtained":["WarpedTongs"],"max_hp_gain":0,"max_hp_loss":0,"event_name":"Accursed Blacksmith","floor":11,"gold_loss":0,"cards_obtained":["Pain"]},{"cards_removed":["Pain"],"damage_healed":0,"gold_gain":0,"player_choice":"Elegance","damage_taken":0,"max_hp_gain":0,"max_hp_loss":0,"event_name":"Back to Basics","floor":20,"gold_loss":0},{"damage_healed":0,"gold_gain":0,"player_choice":"Opened","damage_taken":0,"relics_obtained":["Charon\u0027s Ashes"],"max_hp_gain":0,"max_hp_loss":0,"event_name":"The Mausoleum","floor":21,"gold_loss":0,"cards_obtained":["Writhe"]}],"is_beta":false,"boss_relics":[{"not_picked":["Velvet Choker","Empty Cage"],"picked":"Snecko Eye"}],"items_purged_floors":[],"is_endless":false,"potions_floor_spawned":[4,16,18],"killed_by":"Slavers","ascension_level":0}