{"gold_per_floor":[360,372,385,385,275,275,309,309,334,509,247,262,262,137,137,237,237,247,257,272,289,302,302,152,152,199,24,43,43,74,90,90,187,187,199,199,247,257,257,257,110,120,120,120,145,145,156,172,172,172],"floor_reached":51,"playtime":3982,"items_purged":["Defend_B","Doubt","Defend_B","Defend_B","Defend_B"],"score":697,"play_id":"62f74233-d3a6-4a5b-aece-b37326941252","local_time":"20190226053510","is_ascension_mode":false,"campfire_choices":[{"data":"Consume","floor":6.0,"key":"SMITH"},{"data":"Beam Cell","floor":8.0,"key":"SMITH"},{"data":"Defragment","floor":15.0,"key":"SMITH"},{"data":"Self Repair","floor":23.0,"key":"SMITH"},{"data":"Zap","floor":25.0,"key":"SMITH"},{"data":"Dualcast","floor":32.0,"key":"SMITH"},{"data":"Redo","floor":40,"key":"SMITH"},{"data":"Reboot","floor":44,"key":"SMITH"},{"data":"Streamline","floor":46,"key":"SMITH"},{"floor":49,"key":"REST"}],"neow_cost":"CURSE","seed_source_timestamp":3902877413999,"circlet_count":0,"master_deck":["Zap+1","Dualcast+1","Glacier","Blizzard","Beam Cell+1","Consume+1","FTL","Defragment+1","Finesse","Redo+1","Reboot+1","Reinforced Body","Loop+1","Self Repair+1","Rebound+1","BootSequence+1","Hello World+1","Double Energy+1","Skim+1","Conserve Battery","Conserve Battery+1","Redo+1","Streamline+1","Streamline+1"],"special_seed":0,"relics":["FrozenCore","Blue Candle","PreservedInsect","Bag of Marbles","Potion Belt","Blood Vial","Astrolabe","Nunchaku","Oddly Smooth Stone","Sundial","Anchor"],"potions_floor_usage":[37,37],"damage_taken":[{"damage":1.0,"enemies":"Cultist","floor":1.0,"turns":3.0},{"damage":0.0,"enemies":"2 Louse","floor":2.0,"turns":4.0},{"damage":1.0,"enemies":"Jaw Worm","floor":3.0,"turns":4.0},{"damage":12.0,"enemies":"3 Sentries","floor":7.0,"turns":10.0},{"damage":6.0,"enemies":"2 Fungi Beasts","floor":12.0,"turns":3.0},{"damage":17.0,"enemies":"Hexaghost","floor":16.0,"turns":15.0},{"damage":4.0,"enemies":"Chosen","floor":18.0,"turns":6.0},{"damage":1.0,"enemies":"Spheric Guardian","floor":19.0,"turns":7.0},{"damage":13.0,"enemies":"Snecko","floor":20.0,"turns":9.0},{"damage":13.0,"enemies":"Centurion and Healer","floor":21.0,"turns":10.0},{"damage":6.0,"enemies":"Snake Plant","floor":22.0,"turns":8.0},{"damage":0.0,"enemies":"Snecko","floor":28.0,"turns":10.0},{"damage":30.0,"enemies":"Slavers","floor":30.0,"turns":8.0},{"damage":1.0,"enemies":"Shelled Parasite and Fungi","floor":31.0,"turns":7.0},{"damage":20.0,"enemies":"Automaton","floor":33.0,"turns":15.0},{"damage":2.0,"enemies":"3 Shapes","floor":35.0,"turns":4.0},{"damage":84,"enemies":"2 Orb Walkers","floor":37,"turns":10},{"damage":8,"enemies":"Orb Walker","floor":38,"turns":5},{"damage":3,"enemies":"Sphere and 2 Shapes","floor":42,"turns":8},{"damage":0,"enemies":"Giant Head","floor":45,"turns":11},{"damage":0,"enemies":"4 Shapes","floor":47,"turns":5},{"damage":5,"enemies":"Spire Growth","floor":48,"turns":6},{"damage":67,"enemies":"Time Eater","floor":50,"turns":19}],"seed_played":"-2346369574132799837","potions_obtained":[{"floor":1.0,"key":"Explosive Potion"},{"floor":2.0,"key":"Strength Potion"},{"floor":16.0,"key":"SkillPotion"},{"floor":21.0,"key":"Poison Potion"},{"floor":28.0,"key":"Regen Potion"},{"floor":30.0,"key":"FairyPotion"},{"floor":37,"key":"SteroidPotion"},{"floor":38,"key":"EssenceOfSteel"},{"floor":47,"key":"Ancient Potion"}],"is_trial":false,"path_per_floor":["M","M","M","T","$","R","E","R","T","?","$","M","?","$","R","B",null,"M","M","M","M","M","R","$","R","T","$","M","?","E","M","R","B",null,"M","$","?","M","?","R","$","M","T","R","E","R","M","M","R","B",null],"character_chosen":"DEFECT","items_purchased":["Consume","Defragment","Finesse","Oddly Smooth Stone"],"campfire_rested":1,"item_purchase_floors":[5,11,11,41],"current_hp_per_floor":[74,74,73,73,73,73,61,61,61,61,61,55,48,48,48,31,75,71,70,57,44,45,45,45,45,45,45,55,55,35,46,46,38,75,75,75,11,15,15,15,15,24,24,24,36,36,48,55,75,18],"gold":172,"neow_bonus":"TWO_FIFTY_GOLD","is_prod":false,"is_daily":false,"chose_seed":false,"campfire_upgraded":9,"win_rate":0,"timestamp":1551148510,"path_taken":["M","M","M","?","$","R","E","R","T","?","$","?","?","?","R","BOSS","M","M","?","M","M","R","$","R","T","$","M","?","E","M","R","BOSS","M","$","?","M","?","R","$","M","T","R","E","R","M","?","R","BOSS"],"build_version":"2019-01-23","purchased_purges":5,"victory":true,"max_hp_per_floor":[75,75,75,75,75,75,75,75,75,75,75,75,75,75,75,75,75,75,75,75,75,75,75,75,75,75,75,75,75,75,75,75,75,75,75,75,75,75,75,75,75,75,75,75,75,75,75,75,75,75],"card_choices":[{"not_picked":["Compile Driver","Cold Snap"],"picked":"Glacier","floor":1.0},{"not_picked":["Go for the Eyes","Creative AI"],"picked":"Blizzard","floor":2.0},{"not_picked":["Leap","Recycle"],"picked":"Beam Cell","floor":3.0},{"not_picked":["Ball Lightning","Streamline"],"picked":"FTL","floor":7.0},{"not_picked":["Steam","Doom and Gloom"],"picked":"Redo","floor":12.0},{"not_picked":["Creative AI","Amplify"],"picked":"Reboot","floor":16.0},{"not_picked":["Barrage","Ball Lightning"],"picked":"Reinforced Body","floor":18.0},{"not_picked":["Streamline","Force Field","Redo"],"picked":"SKIP","floor":19.0},{"not_picked":["Hello World","Conserve Battery"],"picked":"Loop+1","floor":20.0},{"not_picked":["Sunder+1","Rip and Tear"],"picked":"Self Repair","floor":21.0},{"not_picked":["Turbo","Rebound","Scrape+1"],"picked":"SKIP","floor":22.0},{"not_picked":["Self Repair","Go for the Eyes"],"picked":"Rebound+1","floor":28.0},{"not_picked":["Redo","Aggregate","Thunder Strike"],"picked":"SKIP","floor":30.0},{"not_picked":["Stack","Gash"],"picked":"BootSequence+1","floor":31.0},{"not_picked":["Stack","Leap"],"picked":"Conserve Battery","floor":35.0},{"not_picked":["Undo","Skim"],"picked":"Conserve Battery+1","floor":37},{"not_picked":["Conserve Battery","Steam","Go for the Eyes+1"],"picked":"SKIP","floor":38},{"not_picked":["Recycle+1","Gash"],"picked":"Redo+1","floor":42},{"not_picked":["Genetic Algorithm","Auto Shields"],"picked":"Streamline","floor":45},{"not_picked":["Reprogram+1","All For One"],"picked":"Streamline+1","floor":47},{"not_picked":["Rebound","Compile Driver","Lockon"],"picked":"SKIP","floor":48}],"player_experience":900191,"relics_obtained":[{"floor":4.0,"key":"Blue Candle"},{"floor":7.0,"key":"PreservedInsect"},{"floor":9.0,"key":"Bag of Marbles"},{"floor":26.0,"key":"Potion Belt"},{"floor":30.0,"key":"Blood Vial"},{"floor":37,"key":"Nunchaku"},{"floor":43,"key":"Sundial"},{"floor":45,"key":"Anchor"}],"event_choices":[{"damage_healed":0.0,"max_hp_gain":0.0,"max_hp_loss":0.0,"gold_gain":175.0,"event_name":"Liars Game","player_choice":"AGREE","floor":10.0,"gold_loss":0.0,"damage_taken":0.0,"cards_obtained":["Doubt"]},{"cards_removed":["Writhe"],"damage_healed":0.0,"max_hp_gain":0.0,"max_hp_loss":0.0,"gold_gain":0.0,"event_name":"Golden Wing","player_choice":"Card Removal","floor":13.0,"gold_loss":0.0,"damage_taken":7.0},{"damage_healed":0.0,"max_hp_gain":0.0,"max_hp_loss":0.0,"gold_gain":0.0,"event_name":"Vampires","player_choice":"Ignored","floor":29.0,"gold_loss":0.0,"damage_taken":0.0},{"damage_healed":0,"gold_gain":0,"player_choice":"Fight","damage_taken":0,"max_hp_gain":0,"max_hp_loss":0,"event_name":"Mysterious Sphere","floor":37,"gold_loss":0},{"cards_removed":["Strike_B"],"damage_healed":0,"gold_gain":0,"player_choice":"Purged","damage_taken":0,"max_hp_gain":0,"max_hp_loss":0,"event_name":"Purifier","floor":39,"gold_loss":0}],"is_beta":false,"boss_relics":[{"not_picked":["Empty Cage","Coffee Dripper"],"picked":"FrozenCore"},{"not_picked":["Snecko Eye","Calling Bell"],"picked":"Astrolabe"}],"items_purged_floors":[5,11,14,24,27],"is_endless":false,"potions_floor_spawned":[1,2,16,21,28,30,37,38,47],"ascension_level":0}