{"gold_per_floor":[117,132,148,223,236,262,262,273,327,346,346],"floor_reached":11,"playtime":339,"items_purged":[],"score":96,"play_id":"35719ac3-4f73-4597-8649-151d97ac3f0c","local_time":"20190217230821","is_ascension_mode":true,"campfire_choices":[{"data":"Chaos","floor":7,"key":"SMITH"}],"neow_cost":"NONE","seed_source_timestamp":253833303418227,"circlet_count":0,"master_deck":["Strike_B","Strike_B","Strike_B","Strike_B","Defend_B","Defend_B","Defend_B","Defend_B","Zap+1","Dualcast","Redo","Chill","Chaos+1","Redo","Ball Lightning","Redo","Stack"],"relics":["Cracked Core","Letter Opener","Boot"],"potions_floor_usage":[6,11],"damage_taken":[{"damage":0,"enemies":"Jaw Worm","floor":1,"turns":3},{"damage":0,"enemies":"Cultist","floor":2,"turns":3},{"damage":0,"enemies":"2 Louse","floor":3,"turns":2},{"damage":29,"enemies":"Large Slime","floor":5,"turns":6},{"damage":18,"enemies":"Gremlin Nob","floor":6,"turns":3},{"damage":0,"enemies":"2 Fungi Beasts","floor":8,"turns":2},{"damage":3,"enemies":"Blue Slaver","floor":10,"turns":3},{"damage":23,"enemies":"Lagavulin","floor":11,"turns":4}],"seed_played":"-5293508823949996035","potions_obtained":[{"floor":2,"key":"Ancient Potion"},{"floor":3,"key":"PowerPotion"},{"floor":8,"key":"AttackPotion"}],"is_trial":false,"path_per_floor":["M","M","M","?","M","E","R","M","T","M","E"],"character_chosen":"DEFECT","items_purchased":[],"campfire_rested":0,"item_purchase_floors":[],"current_hp_per_floor":[75,75,75,68,39,21,21,21,21,18,0],"gold":346,"neow_bonus":"UPGRADE_CARD","is_prod":false,"is_daily":false,"chose_seed":false,"campfire_upgraded":1,"win_rate":0,"timestamp":1550416101,"path_taken":["M","M","M","?","?","E","R","?","T","M","E"],"build_version":"2019-01-23","purchased_purges":0,"victory":false,"max_hp_per_floor":[75,75,75,75,75,75,75,75,75,75,75],"card_choices":[{"not_picked":["Steam","Rebound"],"picked":"Redo","floor":1},{"not_picked":["Barrage","Go for the Eyes"],"picked":"Chill","floor":2},{"not_picked":["Coolheaded","Heatsinks"],"picked":"Chaos","floor":3},{"not_picked":["Hologram","Genetic Algorithm"],"picked":"Redo","floor":5},{"not_picked":["Hello World","Turbo"],"picked":"Ball Lightning","floor":6},{"not_picked":["Turbo","Heatsinks"],"picked":"Redo","floor":8},{"not_picked":["Tempest","Gash"],"picked":"Stack","floor":10}],"player_experience":219772,"relics_obtained":[{"floor":6,"key":"Letter Opener"},{"floor":9,"key":"Boot"}],"event_choices":[{"damage_healed":0,"gold_gain":75,"player_choice":"Touch","damage_taken":7,"max_hp_gain":0,"max_hp_loss":0,"event_name":"FaceTrader","floor":4,"gold_loss":0}],"is_beta":false,"boss_relics":[],"items_purged_floors":[],"is_endless":false,"potions_floor_spawned":[2,3,8],"killed_by":"Lagavulin","ascension_level":5}