{"gold_per_floor":[16,34,134,145,164,164,195,195,195,208,208,208,218,234,234,333,333,317,55,71,86,86,86,86,86],"floor_reached":25,"playtime":3033,"items_purged":[],"score":205,"play_id":"d82d20e7-801a-4f35-8c21-adf66481f03c","local_time":"20181019225500","is_ascension_mode":false,"campfire_choices":[{"data":"Armaments","floor":6.0,"key":"SMITH"},{"data":"Body Slam","floor":8.0,"key":"SMITH"},{"floor":15.0,"key":"REST"},{"data":"Power Through","floor":23,"key":"SMITH"}],"neow_cost":"NO_GOLD","seed_source_timestamp":10377865349105,"circlet_count":0,"master_deck":["Strike_R","Strike_R","Strike_R","Defend_R","Defend_R","Defend_R","Bash+1","Body Slam+1","Armaments+1","Shrug It Off","Body Slam","Reaper","Power Through+1"],"special_seed":0,"relics":["Burning Blood","Vajra","Ancient Tea Set","Busted Crown","Meat on the Bone"],"potions_floor_usage":[25],"damage_taken":[{"damage":3.0,"enemies":"2 Louse","floor":1.0,"turns":4.0},{"damage":9.0,"enemies":"Cultist","floor":2.0,"turns":4.0},{"damage":11.0,"enemies":"Jaw Worm","floor":4.0,"turns":6.0},{"damage":18.0,"enemies":"Lots of Slimes","floor":5.0,"turns":7.0},{"damage":30.0,"enemies":"Gremlin Nob","floor":7.0,"turns":5.0},{"damage":17.0,"enemies":"Gremlin Gang","floor":10.0,"turns":5.0},{"damage":9.0,"enemies":"3 Louse","floor":13.0,"turns":4.0},{"damage":0.0,"enemies":"Lots of Slimes","floor":14.0,"turns":7.0},{"damage":26.0,"enemies":"Slime Boss","floor":16.0,"turns":10.0},{"damage":7,"enemies":"2 Thieves","floor":18,"turns":4},{"damage":0,"enemies":"Chosen","floor":20,"turns":3},{"damage":36,"enemies":"3 Cultists","floor":21,"turns":8},{"damage":64,"enemies":"Gremlin Leader","floor":25,"turns":6}],"seed_played":"6342407822440233440","potions_obtained":[{"floor":2.0,"key":"SpeedPotion"},{"floor":10.0,"key":"Block Potion"},{"floor":14.0,"key":"SteroidPotion"},{"floor":16,"key":"Ancient Potion"},{"floor":21,"key":"Energy Potion"}],"is_trial":false,"path_per_floor":["M","M","?","M","M","R","E","R","T","M","?","?","M","M","R","B",null,"M","$","M","M","?","R","?"],"character_chosen":"IRONCLAD","items_purchased":["Meat on the Bone"],"campfire_rested":1,"item_purchase_floors":[19],"current_hp_per_floor":[80,77,77,72,60,60,36,36,36,25,25,18,15,21,45,25,80,80,80,80,59,43,43,43,0],"gold":86,"neow_bonus":"REMOVE_TWO","is_prod":false,"is_daily":false,"chose_seed":false,"campfire_upgraded":3,"win_rate":0,"timestamp":1539978900,"path_taken":["M","M","?","?","?","R","E","R","T","M","?","?","M","M","R","BOSS","BOSS","M","$","M","M","?","R","?","E"],"build_version":"2018-10-18","purchased_purges":0,"victory":false,"max_hp_per_floor":[80,80,80,80,80,80,80,80,80,80,80,80,80,80,80,80,80,80,80,80,80,80,80,80,80],"card_choices":[{"not_picked":["Spot Weakness","Anger"],"picked":"Body Slam","floor":1.0},{"not_picked":["Flame Barrier","Flex"],"picked":"Armaments","floor":2.0},{"not_picked":["Heavy Blade","Fire Breathing","Sword Boomerang"],"picked":"SKIP","floor":4.0},{"not_picked":["Thunderclap","Fire Breathing","Second Wind"],"picked":"SKIP","floor":5.0},{"not_picked":["Carnage","Warcry"],"picked":"Shrug It Off","floor":7.0},{"not_picked":["Heavy Blade","Hemokinesis","Cleave"],"picked":"SKIP","floor":10.0},{"not_picked":["Cleave","Armaments","Whirlwind"],"picked":"SKIP","floor":13.0},{"not_picked":["Clothesline","Sever Soul"],"picked":"Body Slam","floor":14.0},{"not_picked":["Demon Form","Fiend Fire"],"picked":"Reaper","floor":16},{"not_picked":["Cleave+1"],"picked":"SKIP","floor":18},{"not_picked":[],"picked":"Power Through","floor":20},{"not_picked":["Thunderclap"],"picked":"SKIP","floor":21}],"player_experience":80182,"relics_obtained":[{"floor":7.0,"key":"Vajra"},{"floor":9.0,"key":"Ancient Tea Set"}],"event_choices":[{"damage_healed":0.0,"max_hp_gain":0.0,"max_hp_loss":0.0,"gold_gain":100.0,"event_name":"Golden Shrine","player_choice":"Pray","floor":3.0,"gold_loss":0.0,"damage_taken":0.0},{"damage_healed":0.0,"max_hp_gain":0.0,"max_hp_loss":0.0,"gold_gain":0.0,"event_name":"Upgrade Shrine","player_choice":"Upgraded","floor":11.0,"gold_loss":0.0,"damage_taken":0.0,"cards_upgraded":["Bash"]},{"cards_removed":["Strike_R"],"damage_healed":0.0,"max_hp_gain":0.0,"max_hp_loss":0.0,"gold_gain":0.0,"event_name":"Golden Wing","player_choice":"Card Removal","floor":12.0,"gold_loss":0.0,"damage_taken":7.0},{"damage_healed":0,"gold_gain":0,"player_choice":"Obtained Book","damage_taken":16,"max_hp_gain":0,"max_hp_loss":0,"event_name":"Cursed Tome","floor":22,"gold_loss":0},{"damage_healed":0,"gold_gain":0,"player_choice":"Ignored","damage_taken":0,"max_hp_gain":0,"max_hp_loss":0,"event_name":"Ghosts","floor":24,"gold_loss":0}],"is_beta":false,"boss_relics":[{"not_picked":["Tiny House","Runic Dome"],"picked":"Busted Crown"}],"items_purged_floors":[],"is_endless":false,"potions_floor_spawned":[2,10,14,16,21],"killed_by":"Gremlin Leader","ascension_level":0}