{"gold_per_floor":[117,129,144,162,181,181,194,208,289,318,393,393,418,436,436,538,538,556,556,572,587,42,76,89,89,89,89,14,40,40,52,52,52],"floor_reached":33,"playtime":2513,"items_purged":[],"score":301,"play_id":"1ba854de-3a79-423a-ae09-dd245857d35f","local_time":"20190104173743","is_ascension_mode":false,"campfire_choices":[{"data":"Unload","floor":6,"key":"SMITH"},{"data":"Poisoned Stab","floor":15,"key":"SMITH"},{"data":"Backstab","floor":25,"key":"SMITH"},{"data":"Finisher","floor":27,"key":"SMITH"},{"floor":32,"key":"REST"}],"neow_cost":"NONE","seed_source_timestamp":73141684690671,"circlet_count":0,"master_deck":["Defend_G","Defend_G","Defend_G","Strike_G","Strike_G","Strike_G","Strike_G","Survivor","Neutralize","Poisoned Stab+1","Dagger Throw","Dash","Blur","Unload+1","Well Laid Plans","Underhanded Strike","Endless Agony","Dagger Throw","Dagger Spray","Adrenaline","Backstab+1","Prepared","Backflip","Prepared","Unload","Finisher+1","Crippling Poison+1","Slice"],"relics":["White Beast Statue","Tiny Chest","Anchor","Happy Flower","Empty Cage","Question Card","Thread and Needle","OrangePellets","Bottled Lightning","Darkstone Periapt","Centennial Puzzle"],"potions_floor_usage":[4,5,10,13,16,21,23,24,29,31,33,33],"damage_taken":[{"damage":1,"enemies":"Small Slimes","floor":1,"turns":3},{"damage":3,"enemies":"Jaw Worm","floor":2,"turns":4},{"damage":0,"enemies":"Cultist","floor":3,"turns":4},{"damage":0,"enemies":"Red Slaver","floor":4,"turns":4},{"damage":4,"enemies":"3 Louse","floor":5,"turns":5},{"damage":0,"enemies":"Looter","floor":7,"turns":2},{"damage":8,"enemies":"Large Slime","floor":8,"turns":5},{"damage":5,"enemies":"3 Sentries","floor":10,"turns":7},{"damage":11,"enemies":"Gremlin Nob","floor":13,"turns":5},{"damage":0,"enemies":"2 Fungi Beasts","floor":14,"turns":3},{"damage":29,"enemies":"The Guardian","floor":16,"turns":12},{"damage":0,"enemies":"3 Byrds","floor":18,"turns":4},{"damage":5,"enemies":"Shell Parasite","floor":20,"turns":4},{"damage":1,"enemies":"Snake Plant","floor":21,"turns":4},{"damage":8,"enemies":"Gremlin Leader","floor":23,"turns":7},{"damage":18,"enemies":"Centurion and Healer","floor":24,"turns":5},{"damage":9,"enemies":"Book of Stabbing","floor":29,"turns":5},{"damage":0,"enemies":"3 Cultists","floor":31,"turns":4},{"damage":66,"enemies":"Automaton","floor":33,"turns":8}],"seed_played":"-242889784727176047","potions_obtained":[{"floor":1,"key":"Weak Potion"},{"floor":2,"key":"Block Potion"},{"floor":3,"key":"GamblersBrew"},{"floor":4,"key":"EssenceOfSteel"},{"floor":5,"key":"Weak Potion"},{"floor":7,"key":"FairyPotion"},{"floor":10,"key":"PowerPotion"},{"floor":12,"key":"Regen Potion"},{"floor":13,"key":"Weak Potion"},{"floor":16,"key":"Energy Potion"},{"floor":20,"key":"FearPotion"},{"floor":21,"key":"Strength Potion"},{"floor":23,"key":"Ancient Potion"},{"floor":24,"key":"Ancient Potion"},{"floor":29,"key":"LiquidBronze"},{"floor":31,"key":"SkillPotion"}],"is_trial":false,"path_per_floor":["M","M","M","M","M","R","M","M","T","E","?","?","E","M","R","B",null,"M","T","M","M","$","E","M","R","T","R","?","E","?","M","R","B"],"character_chosen":"THE_SILENT","items_purchased":["Thread and Needle","OrangePellets","Prepared"],"campfire_rested":1,"item_purchase_floors":[22,22,22],"current_hp_per_floor":[69,66,66,66,62,62,62,54,54,49,38,38,41,41,41,12,70,70,70,65,64,64,56,38,38,38,38,38,29,29,29,50,0],"gold":52,"neow_bonus":"BOSS_RELIC","is_prod":false,"is_daily":false,"chose_seed":false,"campfire_upgraded":4,"win_rate":0.0,"timestamp":1546594663,"path_taken":["M","M","M","M","M","R","M","M","T","E","?","?","E","?","R","BOSS","M","?","M","M","$","E","M","R","T","R","?","E","?","M","R","BOSS"],"build_version":"2019-01-03v3","purchased_purges":0,"victory":false,"max_hp_per_floor":[70,70,70,70,70,70,70,70,70,70,70,70,70,70,70,70,70,70,70,70,70,70,70,70,70,70,70,70,70,70,70,70,70],"card_choices":[{"not_picked":["Slice","Deadly Poison"],"picked":"Poisoned Stab","floor":1},{"not_picked":["Cloak And Dagger","Prepared"],"picked":"Dagger Throw","floor":2},{"not_picked":["Deflect","Dagger Spray"],"picked":"Dash","floor":3},{"not_picked":["Reflex","Dagger Spray"],"picked":"Blur","floor":4},{"not_picked":["Dash","Quick Slash"],"picked":"Unload","floor":5},{"not_picked":["Terror","Outmaneuver"],"picked":"Well Laid Plans","floor":7},{"not_picked":["Dagger Throw","Leg Sweep"],"picked":"Underhanded Strike","floor":8},{"not_picked":["Acrobatics","Dash"],"picked":"Endless Agony","floor":10},{"not_picked":["Crippling Poison","PiercingWail"],"picked":"Dagger Throw","floor":13},{"not_picked":["Slice","Deadly Poison"],"picked":"Dagger Spray","floor":14},{"not_picked":["Bullet Time","Unload"],"picked":"Adrenaline","floor":16},{"not_picked":["Prepared+1","Expertise"],"picked":"Backstab","floor":18},{"not_picked":["Skewer+1","Flying Knee","Caltrops+1"],"picked":"Prepared","floor":20},{"not_picked":["Slice","Dodge and Roll","Deflect"],"picked":"Backflip","floor":21},{"not_picked":["Blade Dance+1","PiercingWail","Cloak And Dagger"],"picked":"Unload","floor":23},{"not_picked":["Bouncing Flask+1","Crippling Poison","Blade Dance"],"picked":"Finisher","floor":24},{"not_picked":["PiercingWail","Prepared","Outmaneuver"],"picked":"Crippling Poison+1","floor":29},{"not_picked":["Blade Dance","Skewer+1","PiercingWail"],"picked":"Slice","floor":31}],"player_experience":31201,"relics_obtained":[{"floor":9,"key":"Tiny Chest"},{"floor":10,"key":"Anchor"},{"floor":13,"key":"Happy Flower"},{"floor":19,"key":"Question Card"},{"floor":23,"key":"Bottled Lightning"},{"floor":26,"key":"Darkstone Periapt"},{"floor":29,"key":"Centennial Puzzle"}],"event_choices":[{"damage_healed":0,"gold_gain":75,"player_choice":"Gather Gold","damage_taken":11,"max_hp_gain":0,"max_hp_loss":0,"event_name":"World of Goop","floor":11,"gold_loss":0},{"damage_healed":0,"gold_gain":0,"player_choice":"Got Potions","damage_taken":0,"max_hp_gain":0,"max_hp_loss":0,"event_name":"Lab","floor":12,"gold_loss":0},{"cards_removed":["Strike_G"],"damage_healed":0,"gold_gain":0,"player_choice":"Gave Gold","damage_taken":0,"max_hp_gain":0,"max_hp_loss":0,"event_name":"Beggar","floor":28,"gold_loss":75}],"is_beta":false,"boss_relics":[{"not_picked":["Fusion Hammer","Ectoplasm"],"picked":"Empty Cage"}],"items_purged_floors":[],"is_endless":false,"potions_floor_spawned":[1,2,3,4,5,7,8,10,13,14,16,18,20,21,23,24,29,31],"killed_by":"Automaton","ascension_level":0}