{"gold_per_floor":[115,165,180,199,213,213,223,223,223,234,262,262,262,282,282,282],"floor_reached":16,"playtime":1024,"items_purged":[],"score":192,"play_id":"8a60333e-b30c-490a-bd5c-8f0e6848e231","local_time":"20190112224010","is_ascension_mode":true,"campfire_choices":[{"data":"Neutralize","floor":6,"key":"SMITH"},{"data":"Bouncing Flask","floor":8,"key":"SMITH"},{"floor":12,"key":"REST"},{"floor":15,"key":"REST"}],"neow_cost":"TEN_PERCENT_HP_LOSS","seed_source_timestamp":44747800200909,"circlet_count":0,"master_deck":["AscendersBane","Defend_G","Defend_G","Defend_G","Defend_G","Strike_G","Strike_G","Strike_G","Strike_G","Survivor","Neutralize+1","Backflip","Blur","Infinite Blades","Dagger Throw+1","Bouncing Flask+1","Flying Knee+1","Wraith Form v2"],"special_seed":0,"relics":["Ring of the Snake","Kunai","Whetstone","Frozen Egg 2"],"potions_floor_usage":[16,16],"damage_taken":[{"damage":0.0,"enemies":"Small Slimes","floor":1.0,"turns":4.0},{"damage":1,"enemies":"Cultist","floor":3,"turns":4},{"damage":0,"enemies":"2 Louse","floor":4,"turns":4},{"damage":1,"enemies":"2 Fungi Beasts","floor":5,"turns":5},{"damage":0,"enemies":"Blue Slaver","floor":7,"turns":7},{"damage":2,"enemies":"Large Slime","floor":10,"turns":6},{"damage":28,"enemies":"3 Sentries","floor":11,"turns":11},{"damage":11,"enemies":"Gremlin Gang","floor":14,"turns":7},{"damage":30,"enemies":"Slime Boss","floor":16,"turns":11}],"seed_played":"6729578743927597015","potions_obtained":[{"floor":3,"key":"Strength Potion"},{"floor":4,"key":"Dexterity Potion"}],"is_trial":false,"path_per_floor":["M","?","M","M","M","R","M","R","T","M","E","R","?","M","R","B"],"character_chosen":"THE_SILENT","items_purchased":[],"campfire_rested":2,"item_purchase_floors":[],"current_hp_per_floor":[59,53,52,52,51,51,51,51,51,49,21,39,21,10,28,0],"gold":282,"neow_bonus":"REMOVE_TWO","is_prod":false,"is_daily":false,"chose_seed":false,"campfire_upgraded":2,"win_rate":0,"timestamp":1547322010,"path_taken":["M","?","?","?","M","R","M","R","T","M","E","R","?","M","R","BOSS"],"build_version":"2019-01-10","purchased_purges":0,"victory":false,"max_hp_per_floor":[60,60,60,60,60,60,60,60,60,60,60,60,60,60,60,60],"card_choices":[{"not_picked":["Slice","Acrobatics"],"picked":"Backflip","floor":1.0},{"not_picked":["Slice","Flechettes"],"picked":"Blur","floor":3},{"not_picked":["Quick Slash","Crippling Poison"],"picked":"Infinite Blades","floor":4},{"not_picked":["Dagger Spray","Eviscerate"],"picked":"Dagger Throw","floor":5},{"not_picked":["Infinite Blades","Deadly Poison"],"picked":"Bouncing Flask","floor":7},{"not_picked":["Dagger Spray","Underhanded Strike"],"picked":"Flying Knee","floor":10},{"not_picked":["Deadly Poison","Reflex"],"picked":"Wraith Form v2","floor":11},{"not_picked":["Crippling Poison","Bane","Acrobatics"],"picked":"SKIP","floor":14}],"player_experience":456861,"relics_obtained":[{"floor":9,"key":"Kunai"},{"floor":11,"key":"Whetstone"}],"event_choices":[{"damage_healed":0,"gold_gain":50,"player_choice":"Touch","damage_taken":6,"max_hp_gain":0,"max_hp_loss":0,"event_name":"FaceTrader","floor":2,"gold_loss":0},{"damage_healed":0,"gold_gain":0,"player_choice":"Success","damage_taken":18,"relics_obtained":["Frozen Egg 2"],"max_hp_gain":0,"max_hp_loss":0,"event_name":"Scrap Ooze","floor":13,"gold_loss":0}],"is_beta":false,"boss_relics":[],"items_purged_floors":[],"is_endless":false,"potions_floor_spawned":[3,4,5,11],"killed_by":"Slime Boss","ascension_level":17}