{"gold_per_floor":[119,194,212,212,226,226,237,253,304,316,333,333,347,363,363,363],"floor_reached":16,"playtime":1202,"items_purged":[],"score":98,"play_id":"e003161e-da6b-44cf-82c2-d851768e8582","local_time":"20181125165551","is_ascension_mode":false,"campfire_choices":[{"data":"After Image","floor":6,"key":"SMITH"},{"floor":15,"key":"REST"}],"neow_cost":"TEN_PERCENT_HP_LOSS","seed_source_timestamp":14362104338923,"circlet_count":0,"master_deck":["Defend_G","Defend_G","Defend_G","Defend_G","Defend_G","Strike_G","Strike_G","Strike_G","Strike_G","Strike_G","Survivor","Neutralize","Prepared","Backflip","Blur","After Image+1","Deadly Poison","Glass Knife"],"relics":["Ring of the Snake","Prayer Wheel","SsserpentHead"],"potions_floor_usage":[7,14,16],"damage_taken":[{"damage":0,"enemies":"Small Slimes","floor":1,"turns":5},{"damage":6,"enemies":"Cultist","floor":3,"turns":6},{"damage":0,"enemies":"2 Louse","floor":5,"turns":4},{"damage":30,"enemies":"Gremlin Gang","floor":7,"turns":11},{"damage":0,"enemies":"3 Louse","floor":8,"turns":4},{"damage":0,"enemies":"Large Slime","floor":10,"turns":14},{"damage":11,"enemies":"Lots of Slimes","floor":11,"turns":8},{"damage":0,"enemies":"Exordium Wildlife","floor":13,"turns":3},{"damage":1,"enemies":"2 Fungi Beasts","floor":14,"turns":5},{"damage":45,"enemies":"Slime Boss","floor":16,"turns":18}],"seed_played":"-3747691906198138123","potions_obtained":[{"floor":1,"key":"Dexterity Potion"},{"floor":3,"key":"FearPotion"},{"floor":11,"key":"FairyPotion"},{"floor":14,"key":"Fruit Juice"}],"is_trial":false,"path_per_floor":["M","?","M","?","M","R","M","M","T","M","M","?","M","M","R","B"],"character_chosen":"THE_SILENT","items_purchased":[],"campfire_rested":1,"item_purchase_floors":[],"current_hp_per_floor":[63,52,46,46,46,46,16,16,16,16,5,5,5,9,29,0],"gold":363,"neow_bonus":"ONE_RARE_RELIC","is_prod":false,"is_daily":false,"chose_seed":false,"campfire_upgraded":1,"win_rate":0,"timestamp":1543154151,"path_taken":["M","?","M","?","M","R","M","M","T","?","M","?","M","M","R","BOSS"],"build_version":"2018-11-15","purchased_purges":0,"victory":false,"max_hp_per_floor":[63,63,63,63,63,63,63,63,63,63,63,63,63,68,68,68],"card_choices":[{"not_picked":["Setup","PiercingWail"],"picked":"Prepared","floor":1},{"not_picked":["PiercingWail","Skewer","Sucker Punch"],"picked":"SKIP","floor":1},{"not_picked":["Cloak And Dagger","PiercingWail"],"picked":"Backflip","floor":3},{"not_picked":["Blade Dance","Bane"],"picked":"Blur","floor":3},{"not_picked":["Quick Slash","Sucker Punch"],"picked":"Deadly Poison","floor":5},{"not_picked":["Tactician","Poisoned Stab","Outmaneuver"],"picked":"SKIP","floor":5},{"not_picked":["All Out Attack","Backflip","Acrobatics"],"picked":"SKIP","floor":7},{"not_picked":["Masterful Stab","Dagger Spray","PiercingWail"],"picked":"SKIP","floor":7},{"not_picked":["Deadly Poison","Outmaneuver","Underhanded Strike"],"picked":"SKIP","floor":8},{"not_picked":["Endless Agony","Deflect","Underhanded Strike"],"picked":"SKIP","floor":8},{"not_picked":["Corpse Explosion","Quick Slash","Underhanded Strike"],"picked":"SKIP","floor":10},{"not_picked":["Expertise","Underhanded Strike","Slice"],"picked":"SKIP","floor":10},{"not_picked":["Finisher","Cloak And Dagger"],"picked":"Glass Knife","floor":11},{"not_picked":["Bane","Backstab","Eviscerate"],"picked":"SKIP","floor":11},{"not_picked":["Dodge and Roll","Acrobatics","Underhanded Strike"],"picked":"SKIP","floor":13},{"not_picked":["Backflip","Prepared","Deadly Poison"],"picked":"SKIP","floor":13},{"not_picked":["Blade Dance","Distraction","Deflect"],"picked":"SKIP","floor":14},{"not_picked":["Well Laid Plans","Flying Knee","Die Die Die"],"picked":"SKIP","floor":14}],"player_experience":223777,"relics_obtained":[],"event_choices":[{"damage_healed":0,"gold_gain":75,"player_choice":"Gather Gold","damage_taken":11,"max_hp_gain":0,"max_hp_loss":0,"event_name":"World of Goop","floor":2,"gold_loss":0},{"damage_healed":0,"gold_gain":0,"player_choice":"1 cards matched","damage_taken":0,"max_hp_gain":0,"max_hp_loss":0,"event_name":"Match and Keep!","floor":4,"gold_loss":0,"cards_obtained":["After Image"]},{"damage_healed":0,"gold_gain":0,"player_choice":"1 cards matched","damage_taken":0,"max_hp_gain":0,"max_hp_loss":0,"event_name":"Match and Keep!","floor":4,"gold_loss":0,"cards_obtained":["After Image"]},{"damage_healed":0,"gold_gain":0,"player_choice":"Trade","damage_taken":0,"relics_obtained":["SsserpentHead"],"max_hp_gain":0,"max_hp_loss":0,"event_name":"FaceTrader","floor":12,"gold_loss":0}],"is_beta":false,"boss_relics":[],"items_purged_floors":[],"is_endless":false,"potions_floor_spawned":[1,3,11,14],"killed_by":"Slime Boss","ascension_level":0}