{"gold_per_floor":[119,129,7,18,33,33,33,59,59,76,31,47,63,18,18,123,123,135,150,168,83,95,95,95,20,20,20,33,33,33,43,43,43],"floor_reached":33,"playtime":2003,"items_purged":[],"score":251,"play_id":"bbe5ec1c-f24f-426f-b20b-60b3a6b93e4f","local_time":"20190102123010","is_ascension_mode":false,"campfire_choices":[{"data":"Perfected Strike","floor":6,"key":"SMITH"},{"data":"Perfected Strike","floor":15,"key":"SMITH"},{"data":"Double Tap","floor":23,"key":"SMITH"},{"floor":29,"key":"REST"},{"data":"Clash","floor":32,"key":"SMITH"}],"neow_cost":"","seed_source_timestamp":629021943813657,"circlet_count":0,"master_deck":["Strike_R+1","Strike_R+1","Strike_R+1","Strike_R+1","Strike_R+1","Defend_R+1","Defend_R+1","Defend_R+1","Bash","Sword Boomerang","Pommel Strike","Perfected Strike+1","Flex","Anger","Headbutt+1","Headbutt","Cleave","Rage","Perfected Strike+1","Intimidate","Reckless Charge+1","Clash+1","Double Tap+1","Inflame+1","Shrug It Off+1","Twin Strike+1","Shrug It Off","Flame Barrier","Double Tap+1","Rage+1","Headbutt+1"],"relics":["Burning Blood","Bronze Scales","Dodecahedron","Velvet Choker","Pear","Whetstone"],"potions_floor_usage":[19,33],"damage_taken":[{"damage":6,"enemies":"Jaw Worm","floor":1,"turns":5},{"damage":1,"enemies":"Cultist","floor":2,"turns":3},{"damage":10,"enemies":"Small Slimes","floor":4,"turns":2},{"damage":0,"enemies":"2 Fungi Beasts","floor":5,"turns":2},{"damage":11,"enemies":"Gremlin Nob","floor":8,"turns":3},{"damage":6,"enemies":"Exordium Thugs","floor":10,"turns":3},{"damage":0,"enemies":"Exordium Wildlife","floor":12,"turns":3},{"damage":0,"enemies":"Looter","floor":13,"turns":1},{"damage":53,"enemies":"The Guardian","floor":16,"turns":7},{"damage":30,"enemies":"2 Thieves","floor":18,"turns":3},{"damage":10,"enemies":"Chosen","floor":19,"turns":3},{"damage":30,"enemies":"Centurion and Healer","floor":20,"turns":5},{"damage":13,"enemies":"Shelled Parasite and Fungi","floor":22,"turns":3},{"damage":2,"enemies":"Sentry and Sphere","floor":28,"turns":3},{"damage":4,"enemies":"Snecko","floor":31,"turns":3},{"damage":82,"enemies":"Champ","floor":33,"turns":9}],"seed_played":"-3245439498956743209","potions_obtained":[{"floor":5,"key":"FearPotion"},{"floor":10,"key":"Swift Potion"},{"floor":12,"key":"Ancient Potion"},{"floor":13,"key":"Weak Potion"},{"floor":22,"key":"SpeedPotion"}],"is_trial":false,"path_per_floor":["M","M","$","M","M","R","?","E","T","M","$","M","M","$","R","B",null,"M","M","M","?","M","R","?","$","T","?","M","R","$","M","R","B"],"character_chosen":"IRONCLAD","items_purchased":["Perfected Strike","Flex","Anger","Perfected Strike","Clash","Flame Barrier"],"campfire_rested":1,"item_purchase_floors":[3,3,3,11,14,25],"current_hp_per_floor":[80,80,80,76,80,80,80,75,75,75,75,80,80,80,80,33,80,56,52,28,38,31,31,31,31,31,31,35,62,62,64,64,0],"gold":43,"neow_bonus":"","is_prod":false,"is_daily":false,"chose_seed":false,"campfire_upgraded":4,"win_rate":0.0,"timestamp":1546403410,"path_taken":["M","M","$","M","M","R","?","E","T","M","?","M","M","$","R","BOSS","M","M","M","?","M","R","?","$","T","?","?","R","$","M","R","BOSS"],"build_version":"2018-12-20","purchased_purges":0,"victory":false,"max_hp_per_floor":[80,80,80,80,80,80,80,80,80,80,80,80,80,80,80,80,80,80,80,80,90,90,90,90,90,90,90,90,90,90,90,90,90],"card_choices":[{"not_picked":["Clothesline","Searing Blow"],"picked":"Sword Boomerang","floor":1},{"not_picked":["Searing Blow","Sword Boomerang"],"picked":"Pommel Strike","floor":2},{"not_picked":["Clash","Warcry"],"picked":"Headbutt","floor":4},{"not_picked":["Flex","Clothesline"],"picked":"Headbutt","floor":5},{"not_picked":["Body Slam","Entrench"],"picked":"Cleave","floor":8},{"not_picked":["Metallicize","Berserk"],"picked":"Rage","floor":10},{"not_picked":["True Grit","Rupture"],"picked":"Intimidate","floor":12},{"not_picked":["Sword Boomerang","Headbutt"],"picked":"Reckless Charge","floor":13},{"not_picked":["Feed","Demon Form"],"picked":"Double Tap","floor":16},{"not_picked":["Sever Soul","Metallicize"],"picked":"Inflame+1","floor":18},{"not_picked":["Headbutt","Clothesline"],"picked":"Shrug It Off+1","floor":19},{"not_picked":["Entrench+1","Perfected Strike"],"picked":"Twin Strike+1","floor":20},{"not_picked":["Impervious","Entrench"],"picked":"Shrug It Off","floor":22},{"not_picked":["Intimidate","Twin Strike"],"picked":"Rage+1","floor":28},{"not_picked":["Shockwave+1","Cleave"],"picked":"Headbutt+1","floor":31}],"player_experience":0,"relics_obtained":[{"floor":8,"key":"Bronze Scales"},{"floor":9,"key":"Dodecahedron"},{"floor":26,"key":"Whetstone"}],"event_choices":[{"cards_removed":["Defend_R"],"damage_healed":0,"gold_gain":0,"player_choice":"Offered Basic","damage_taken":0,"max_hp_gain":0,"max_hp_loss":0,"event_name":"Bonfire Elementals","floor":7,"gold_loss":0},{"damage_healed":0,"gold_gain":0,"player_choice":"Obtained Relic","damage_taken":0,"relics_obtained":["Pear"],"max_hp_gain":0,"max_hp_loss":0,"event_name":"Addict","floor":21,"gold_loss":85},{"damage_healed":0,"gold_gain":0,"player_choice":"Simplicity","damage_taken":0,"max_hp_gain":0,"max_hp_loss":0,"event_name":"Back to Basics","floor":24,"gold_loss":0,"cards_upgraded":["Strike_R","Strike_R","Strike_R","Strike_R","Strike_R","Defend_R","Defend_R","Defend_R"]},{"damage_healed":0,"gold_gain":0,"player_choice":"Copied","damage_taken":0,"max_hp_gain":0,"max_hp_loss":0,"event_name":"Duplicator","floor":27,"gold_loss":0,"cards_obtained":["Double Tap"]}],"is_beta":false,"boss_relics":[{"not_picked":["Black Blood","Astrolabe"],"picked":"Velvet Choker"}],"items_purged_floors":[],"is_endless":false,"potions_floor_spawned":[5,10,12,13,18,22],"killed_by":"Champ","ascension_level":0}