{"gold_per_floor":[110,185,31,31,50,50,50,93,118,162,162,162,186,226,226,350,350,374,397,12,12,30,73,73,73],"floor_reached":25,"playtime":609,"items_purged":["Defend_R"],"score":419,"play_id":"cb7bd224-3d95-4289-acd4-a11bc8b80e64","local_time":"20190425014056","is_ascension_mode":true,"campfire_choices":[{"data":"Uppercut","floor":6,"key":"SMITH"},{"data":"Bash","floor":12,"key":"SMITH"},{"data":"Cleave","floor":15,"key":"SMITH"},{"data":"Armaments","floor":24,"key":"SMITH"}],"neow_cost":"NONE","seed_source_timestamp":743267274559296,"circlet_count":0,"master_deck":["Strike_R","Strike_R","Strike_R","Strike_R","Strike_R","Defend_R","Defend_R","Bash+1","Uppercut+1","Clash","Clothesline","Cleave+1","Anger","Cleave","Demon Form","Anger","Warcry","Armaments+1","Pommel Strike","Uppercut","Twin Strike"],"relics":["Burning Blood","NeowsBlessing","Juzu Bracelet","Golden Idol","Happy Flower","Omamori","Lantern","Art of War","Regal Pillow","Pen Nib","Coffee Dripper","Gremlin Horn","Blue Candle"],"potions_floor_usage":[18,18,23],"damage_taken":[{"damage":0,"enemies":"Small Slimes","floor":1,"turns":1},{"damage":0,"enemies":"Jaw Worm","floor":5,"turns":1},{"damage":0,"enemies":"Gremlin Nob","floor":8,"turns":1},{"damage":25,"enemies":"3 Sentries","floor":10,"turns":6},{"damage":20,"enemies":"Lagavulin","floor":14,"turns":4},{"damage":0,"enemies":"Slime Boss","floor":16,"turns":7},{"damage":13,"enemies":"2 Thieves","floor":18,"turns":3},{"damage":22,"enemies":"3 Byrds","floor":19,"turns":4},{"damage":12,"enemies":"Centurion and Healer","floor":22,"turns":4},{"damage":25,"enemies":"Book of Stabbing","floor":23,"turns":3},{"damage":21,"enemies":"Slavers","floor":25,"turns":1}],"seed_played":"-8010938771860785007","potions_obtained":[{"floor":1,"key":"GamblersBrew"},{"floor":8,"key":"SkillPotion"},{"floor":10,"key":"SkillPotion"},{"floor":22,"key":"AttackPotion"}],"is_trial":false,"path_per_floor":["M","?","$","?","M","R","?","E","T","E","?","R","T","E","R","B",null,"M","M","$","?","M","E","R","E"],"character_chosen":"IRONCLAD","items_purchased":["Juzu Bracelet","Gremlin Horn","Armaments"],"campfire_rested":0,"item_purchase_floors":[3,20,20],"current_hp_per_floor":[78,67,67,67,73,73,73,74,74,55,48,48,48,34,34,40,66,59,43,43,43,37,18,18,0],"gold":73,"neow_bonus":"THREE_ENEMY_KILL","is_prod":false,"is_daily":false,"chose_seed":false,"campfire_upgraded":4,"win_rate":0,"timestamp":1556127656,"path_taken":["M","?","$","?","M","R","?","E","T","E","?","R","?","E","R","BOSS","M","M","$","?","M","E","R","E"],"build_version":"2019-01-23","purchased_purges":1,"victory":false,"max_hp_per_floor":[80,80,80,74,74,74,74,74,74,74,74,74,74,74,74,74,74,74,74,74,74,74,74,74,74],"card_choices":[{"not_picked":["Corruption","Power Through"],"picked":"Uppercut","floor":1},{"not_picked":["Dropkick","Flex"],"picked":"Clash","floor":5},{"not_picked":["Ghostly Armor","Feel No Pain"],"picked":"Cleave","floor":8},{"not_picked":["Heavy Blade","True Grit"],"picked":"Anger","floor":10},{"not_picked":["Headbutt","Wild Strike"],"picked":"Cleave","floor":14},{"not_picked":["Immolate","Berserk"],"picked":"Demon Form","floor":16},{"not_picked":["Flame Barrier","Combust"],"picked":"Anger","floor":18},{"not_picked":["True Grit","Sword Boomerang"],"picked":"Warcry","floor":19},{"not_picked":["Combust","Clothesline"],"picked":"Uppercut","floor":22},{"not_picked":["Limit Break","Evolve+1"],"picked":"Twin Strike","floor":23}],"player_experience":246607,"relics_obtained":[{"floor":8,"key":"Happy Flower"},{"floor":9,"key":"Omamori"},{"floor":10,"key":"Lantern"},{"floor":13,"key":"Regal Pillow"},{"floor":14,"key":"Pen Nib"},{"floor":23,"key":"Blue Candle"}],"event_choices":[{"damage_healed":0,"gold_gain":75,"player_choice":"Gather Gold","damage_taken":11,"max_hp_gain":0,"max_hp_loss":0,"event_name":"World of Goop","floor":2,"gold_loss":0},{"damage_healed":0,"gold_gain":0,"player_choice":"Lose Max HP","damage_taken":0,"relics_obtained":["Golden Idol"],"max_hp_gain":0,"max_hp_loss":6,"event_name":"Golden Idol","floor":4,"gold_loss":0},{"damage_healed":0,"gold_gain":0,"cards_transformed":["Defend_R"],"player_choice":"Change","damage_taken":0,"max_hp_gain":0,"max_hp_loss":0,"event_name":"Living Wall","floor":7,"gold_loss":0,"cards_obtained":["Clothesline"]},{"damage_healed":0,"gold_gain":0,"player_choice":"Success","damage_taken":7,"relics_obtained":["Art of War"],"max_hp_gain":0,"max_hp_loss":0,"event_name":"Scrap Ooze","floor":11,"gold_loss":0},{"damage_healed":0,"gold_gain":0,"player_choice":"Read","damage_taken":0,"max_hp_gain":0,"max_hp_loss":0,"event_name":"The Library","floor":21,"gold_loss":0,"cards_obtained":["Pommel Strike"]}],"is_beta":false,"boss_relics":[{"not_picked":["Mark of Pain","Pandora\u0027s Box"],"picked":"Coffee Dripper"}],"items_purged_floors":[20],"is_endless":false,"potions_floor_spawned":[1,8,10,22],"killed_by":"Slavers","ascension_level":7}