{"gold_per_floor":[11,11,111,122,134,166,179,179,179,195,41,41,41,55,55,156,156,166,166,91,91,54,54,54,54,54,85,85,104,104,30,30,130,130,148,167,267,287,287,287,298,298,325,325,339,350,369,383,383,383,383,383,35,66,66],"floor_reached":55,"playtime":2338,"items_purged":[],"score":687,"play_id":"d381c46b-c9b7-41d3-a39a-05f41b8c5a53","local_time":"20190501170915","is_ascension_mode":false,"campfire_choices":[{"data":"Defragment","floor":8.0,"key":"SMITH"},{"data":"Dualcast","floor":12.0,"key":"SMITH"},{"data":"Self Repair","floor":15.0,"key":"SMITH"},{"data":"Defragment","floor":23.0,"key":"SMITH"},{"floor":25.0,"key":"RECALL"},{"data":"RitualDagger","floor":30.0,"key":"SMITH"},{"data":"Defragment","floor":32.0,"key":"SMITH"},{"data":"Echo Form","floor":40.0,"key":"SMITH"},{"data":"FTL","floor":42.0,"key":"SMITH"},{"data":"Defragment","floor":49.0,"key":"SMITH"},{"data":"Cold Snap","floor":52,"key":"SMITH"}],"neow_cost":"NO_GOLD","seed_source_timestamp":390050558457741,"circlet_count":0,"master_deck":["Strike_B","Defend_B","Defend_B","Defend_B","Zap+1","Dualcast+1","Electrodynamics","Defragment+1","Cold Snap","FTL+1","Cold Snap+1","Self Repair+1","Machine Learning","Chill","Defragment+1","Ball Lightning+1","RitualDagger+1","Defragment+1","Echo Form+1","Cold Snap+1","Chill","Hologram+1","Defragment+1","Echo Form+1","Seek"],"special_seed":0,"relics":["Cracked Core","Unceasing Top","Gremlin Horn","Strawberry","Empty Cage","MutagenicStrength","Dodecahedron","Inserter","Ginger","Anchor","Symbiotic Virus","DollysMirror","DataDisk","Blue Candle"],"potions_floor_usage":[50,54,55],"damage_taken":[{"damage":6.0,"enemies":"Jaw Worm","floor":1.0,"turns":3.0},{"damage":1.0,"enemies":"Cultist","floor":4.0,"turns":3.0},{"damage":10.0,"enemies":"Small Slimes","floor":5.0,"turns":3.0},{"damage":19.0,"enemies":"Gremlin Nob","floor":6.0,"turns":4.0},{"damage":4.0,"enemies":"2 Fungi Beasts","floor":7.0,"turns":2.0},{"damage":0.0,"enemies":"Large Slime","floor":10.0,"turns":3.0},{"damage":0.0,"enemies":"Looter","floor":14.0,"turns":3.0},{"damage":15.0,"enemies":"The Guardian","floor":16.0,"turns":13.0},{"damage":9.0,"enemies":"Chosen","floor":18.0,"turns":5.0},{"damage":20.0,"enemies":"Slavers","floor":27.0,"turns":3.0},{"damage":15.0,"enemies":"3 Byrds","floor":29.0,"turns":3.0},{"damage":50.0,"enemies":"Collector","floor":33.0,"turns":7.0},{"damage":17.0,"enemies":"Orb Walker","floor":35.0,"turns":4.0},{"damage":39.0,"enemies":"3 Darklings","floor":36.0,"turns":4.0},{"damage":18.0,"enemies":"Mind Bloom Boss Battle","floor":37.0,"turns":7.0},{"damage":5.0,"enemies":"4 Shapes","floor":38.0,"turns":4.0},{"damage":5.0,"enemies":"Jaw Worm Horde","floor":41.0,"turns":2.0},{"damage":0.0,"enemies":"Sphere and 2 Shapes","floor":45.0,"turns":4.0},{"damage":0.0,"enemies":"3 Darklings","floor":46.0,"turns":5.0},{"damage":0.0,"enemies":"Maw","floor":47.0,"turns":6.0},{"damage":2.0,"enemies":"4 Shapes","floor":48.0,"turns":4.0},{"damage":24,"enemies":"Time Eater","floor":50,"turns":10},{"damage":22,"enemies":"Shield and Spear","floor":54,"turns":8},{"damage":83,"enemies":"The Heart","floor":55,"turns":5}],"seed_played":"-5243010635640675498","potions_obtained":[{"floor":1.0,"key":"EntropicBrew"},{"floor":4.0,"key":"SkillPotion"},{"floor":6.0,"key":"Explosive Potion"},{"floor":7.0,"key":"Energy Potion"},{"floor":29.0,"key":"Regen Potion"},{"floor":33.0,"key":"Swift Potion"},{"floor":36.0,"key":"Poison Potion"},{"floor":37.0,"key":"Explosive Potion"},{"floor":41.0,"key":"SteroidPotion"},{"floor":54,"key":"EssenceOfSteel"}],"is_trial":false,"path_per_floor":["M","$","?","M","M","E","M","R","T","M","$","R","?","M","R","B",null,"M","?","?","?","$","R","?","R","T","E","?","M","R","$","R","B",null,"M","M","?","M","?","R","M","R","T","T","M","M","M","M","R","B",null,"R","$","E","B"],"character_chosen":"DEFECT","items_purchased":["Strawberry","Defragment","Defragment","DollysMirror","DataDisk"],"campfire_rested":0,"item_purchase_floors":[11,22,31,53,53],"current_hp_per_floor":[69,69,69,68,58,39,35,35,35,35,42,42,42,42,42,37,82,82,82,82,82,82,82,82,82,82,72,66,61,61,61,61,36,82,82,63,65,70,70,70,75,75,75,75,82,82,82,82,82,68,82,82,82,80,0],"gold":66,"neow_bonus":"THREE_RARE_CARDS","is_prod":false,"is_daily":false,"chose_seed":false,"campfire_upgraded":10,"win_rate":0,"timestamp":1556701755,"path_taken":["M","$","?","M","M","E","M","R","T","M","?","R","?","?","R","BOSS","M","?","?","?","$","R","?","R","T","E","?","?","R","?","R","BOSS","M","M","?","M","?","R","M","R","T","?","M","M","M","?","R","BOSS","R","$","E","BOSS"],"build_version":"2019-01-23","purchased_purges":0,"victory":false,"max_hp_per_floor":[75,75,75,75,75,75,75,75,75,75,82,82,82,82,82,82,82,82,82,82,82,82,82,82,82,82,82,82,82,82,82,82,82,82,82,82,82,82,82,82,82,82,82,82,82,82,82,82,82,82,82,82,82,82,82],"card_choices":[{"not_picked":["Biased Cognition","Reboot"],"picked":"Electrodynamics","floor":0.0},{"not_picked":["Beam Cell","Steam"],"picked":"Defragment","floor":1.0},{"not_picked":["Stack","Storm"],"picked":"Cold Snap","floor":4.0},{"not_picked":["Turbo","Streamline"],"picked":"FTL","floor":5.0},{"not_picked":["Rebound","Barrage"],"picked":"Cold Snap","floor":6.0},{"not_picked":["Leap","Darkness","Cold Snap"],"picked":"SKIP","floor":7.0},{"not_picked":["Chaos","Rebound","Heatsinks"],"picked":"SKIP","floor":10.0},{"not_picked":["Ball Lightning","Consume"],"picked":"Self Repair","floor":14.0},{"not_picked":["Multi-Cast","Rainbow"],"picked":"Machine Learning","floor":16.0},{"not_picked":["Leap","Stack","Rip and Tear"],"picked":"SKIP","floor":18.0},{"not_picked":["Rebound","Compile Driver"],"picked":"Ball Lightning+1","floor":27.0},{"not_picked":["Rebound+1","Steam Power","Steam"],"picked":"SKIP","floor":29.0},{"not_picked":["Meteor Strike","Rainbow"],"picked":"Echo Form","floor":33.0},{"not_picked":["Sunder","Chaos+1","Ball Lightning"],"picked":"SKIP","floor":35.0},{"not_picked":["Ball Lightning+1","Lockon+1"],"picked":"Cold Snap+1","floor":36.0},{"not_picked":["Beam Cell+1","Sweeping Beam+1","Leap"],"picked":"SKIP","floor":38.0},{"not_picked":["Capacitor","Scrape"],"picked":"Chill","floor":41.0},{"not_picked":["Rebound","Streamline"],"picked":"Hologram+1","floor":45.0},{"not_picked":["Beam Cell+1","Redo"],"picked":"Defragment","floor":46.0},{"not_picked":["Recycle","Sweeping Beam+1","Barrage"],"picked":"SKIP","floor":47.0},{"not_picked":["Recycle","Sweeping Beam+1","Barrage"],"picked":"SKIP","floor":47.0},{"not_picked":["Redo","Darkness","Force Field"],"picked":"SKIP","floor":48.0},{"not_picked":["Conserve Battery","Beam Cell+1"],"picked":"Seek","floor":54}],"player_experience":462607,"relics_obtained":[{"floor":6.0,"key":"Unceasing Top"},{"floor":9.0,"key":"Gremlin Horn"},{"floor":27.0,"key":"Dodecahedron"},{"floor":37.0,"key":"Ginger"},{"floor":43.0,"key":"Anchor"},{"floor":44.0,"key":"Symbiotic Virus"},{"floor":54,"key":"Blue Candle"}],"event_choices":[{"damage_healed":0.0,"max_hp_gain":0.0,"max_hp_loss":0.0,"gold_gain":100.0,"event_name":"Golden Shrine","player_choice":"Pray","floor":3.0,"gold_loss":0.0,"damage_taken":0.0},{"damage_healed":0.0,"max_hp_gain":0.0,"max_hp_loss":0.0,"gold_gain":0.0,"event_name":"Upgrade Shrine","player_choice":"Upgraded","floor":13.0,"gold_loss":0.0,"damage_taken":0.0,"cards_upgraded":["Zap"]},{"damage_healed":0.0,"max_hp_gain":0.0,"max_hp_loss":0.0,"gold_gain":0.0,"event_name":"The Library","player_choice":"Read","floor":19.0,"gold_loss":0.0,"damage_taken":0.0,"cards_obtained":["Chill"]},{"cards_removed":["Strike_B"],"damage_healed":0.0,"max_hp_gain":0.0,"max_hp_loss":0.0,"gold_gain":0.0,"event_name":"Beggar","player_choice":"Gave Gold","floor":20.0,"gold_loss":75.0,"damage_taken":0.0},{"damage_healed":0.0,"max_hp_gain":0.0,"max_hp_loss":0.0,"gold_gain":0.0,"event_name":"Drug Dealer","player_choice":"Inject Mutagens","floor":21.0,"gold_loss":0.0,"damage_taken":0.0,"relics_obtained":["MutagenicStrength"]},{"damage_healed":0.0,"max_hp_gain":0.0,"max_hp_loss":0.0,"gold_gain":0.0,"event_name":"Vampires","player_choice":"Ignored","floor":24.0,"gold_loss":0.0,"damage_taken":0.0},{"damage_healed":0.0,"max_hp_gain":0.0,"max_hp_loss":0.0,"gold_gain":0.0,"event_name":"Nest","player_choice":"Joined the Cult","floor":28.0,"gold_loss":0.0,"damage_taken":6.0,"cards_obtained":["RitualDagger"]},{"damage_healed":0.0,"max_hp_gain":0.0,"max_hp_loss":0.0,"gold_gain":0.0,"event_name":"MindBloom","player_choice":"Fight","floor":37.0,"gold_loss":0.0,"damage_taken":0.0},{"cards_removed":["Strike_B"],"damage_healed":0.0,"max_hp_gain":0.0,"max_hp_loss":0.0,"gold_gain":0.0,"event_name":"Falling","player_choice":"Removed Attack","floor":39.0,"gold_loss":0.0,"damage_taken":0.0}],"is_beta":false,"boss_relics":[{"not_picked":["Astrolabe","Sozu"],"picked":"Empty Cage"},{"not_picked":["Philosopher\u0027s Stone","Velvet Choker"],"picked":"Inserter"}],"items_purged_floors":[],"is_endless":false,"potions_floor_spawned":[1,4,6,7,18,29,33,36,37,41,47,54],"killed_by":"The Heart","ascension_level":0}