{"gold_per_floor":[361,286,303,303,303,303,378,156,225,251,251,270,286,319,319,319],"floor_reached":16,"playtime":793,"items_purged":["Strike_G","Strike_G"],"score":133,"play_id":"8a9937e9-431c-4174-bbdb-50cb171c00f6","local_time":"20190303132328","is_ascension_mode":false,"campfire_choices":[{"data":"Neutralize","floor":6,"key":"SMITH"},{"floor":11,"key":"REST"},{"data":"Deadly Poison","floor":15,"key":"SMITH"}],"neow_cost":"TEN_PERCENT_HP_LOSS","seed_source_timestamp":18931765778014,"circlet_count":0,"master_deck":["Defend_G","Defend_G","Defend_G","Defend_G","Defend_G","Strike_G","Strike_G","Strike_G","Survivor","Neutralize+1","Deadly Poison+1","Heel Hook","PiercingWail"],"relics":["Ring of the Snake","Orichalcum","Matryoshka","Molten Egg 2"],"potions_floor_usage":[10,10,14,16],"damage_taken":[{"damage":0,"enemies":"Small Slimes","floor":1,"turns":5},{"damage":0,"enemies":"Jaw Worm","floor":3,"turns":5},{"damage":0,"enemies":"3 Sentries","floor":10,"turns":12},{"damage":0,"enemies":"2 Louse","floor":12,"turns":2},{"damage":0,"enemies":"Blue Slaver","floor":13,"turns":5},{"damage":11,"enemies":"Gremlin Nob","floor":14,"turns":4},{"damage":20,"enemies":"Hexaghost","floor":16,"turns":13}],"seed_played":"3523658671575132185","potions_obtained":[{"floor":10,"key":"Dexterity Potion"},{"floor":13,"key":"Poison Potion"},{"floor":14,"key":"Strength Potion"}],"is_trial":false,"path_per_floor":["M","$","M","?","?","R","?","$","T","E","R","M","M","E","R","B"],"character_chosen":"THE_SILENT","items_purchased":["FearPotion","EssenceOfSteel"],"campfire_rested":1,"item_purchase_floors":[8,8],"current_hp_per_floor":[63,63,63,63,21,21,10,10,10,10,28,28,28,17,17,0],"gold":319,"neow_bonus":"TWO_FIFTY_GOLD","is_prod":false,"is_daily":false,"chose_seed":false,"campfire_upgraded":2,"win_rate":0,"timestamp":1551608608,"path_taken":["M","$","M","?","?","R","?","?","T","E","R","?","M","E","R","BOSS"],"build_version":"2019-01-23","purchased_purges":2,"victory":false,"max_hp_per_floor":[63,63,63,63,63,63,63,63,63,63,63,63,63,63,63,63],"card_choices":[{"not_picked":["Quick Slash","Flying Knee"],"picked":"Deadly Poison","floor":1},{"not_picked":["Eviscerate","Quick Slash"],"picked":"Heel Hook","floor":3},{"not_picked":["Quick Slash","Poisoned Stab","Dagger Throw"],"picked":"SKIP","floor":10},{"not_picked":["Deadly Poison","Prepared","Bouncing Flask"],"picked":"SKIP","floor":12},{"not_picked":["Dodge and Roll","Setup","Dagger Spray"],"picked":"SKIP","floor":13},{"not_picked":["Dodge and Roll","Setup","Dagger Spray"],"picked":"SKIP","floor":13},{"not_picked":["Glass Knife","Deadly Poison"],"picked":"PiercingWail","floor":14}],"player_experience":950907,"relics_obtained":[{"floor":10,"key":"Matryoshka"},{"floor":14,"key":"Molten Egg 2"}],"event_choices":[{"damage_healed":0,"gold_gain":0,"player_choice":"Ignored","damage_taken":0,"max_hp_gain":0,"max_hp_loss":0,"event_name":"Liars Game","floor":4,"gold_loss":0},{"damage_healed":0,"gold_gain":0,"player_choice":"Success","damage_taken":42,"relics_obtained":["Orichalcum"],"max_hp_gain":0,"max_hp_loss":0,"event_name":"Scrap Ooze","floor":5,"gold_loss":0},{"damage_healed":0,"gold_gain":75,"player_choice":"Gather Gold","damage_taken":11,"max_hp_gain":0,"max_hp_loss":0,"event_name":"World of Goop","floor":7,"gold_loss":0}],"is_beta":false,"boss_relics":[],"items_purged_floors":[2,8],"is_endless":false,"potions_floor_spawned":[10,13,14],"killed_by":"Hexaghost","ascension_level":0}