{"gold_per_floor":[368,293,50,67,84,84,115,115,115,147,159,24,24,36,36,36],"floor_reached":16,"playtime":491,"items_purged":["Strike_G"],"score":198,"play_id":"545e5746-7863-46e0-9733-c832a5620a05","local_time":"20190429192948","is_ascension_mode":true,"campfire_choices":[{"data":"Tactician","floor":6.0,"key":"SMITH"},{"floor":8.0,"key":"REST"},{"floor":15,"key":"REST"}],"neow_cost":"CURSE","seed_source_timestamp":33974660202106,"circlet_count":0,"master_deck":["AscendersBane","Defend_G","Defend_G","Defend_G","Defend_G","Defend_G","Strike_G","Strike_G","Strike_G","Strike_G","Survivor","Neutralize","Tactician+1","Cloak And Dagger","Backstab","Catalyst","A Thousand Cuts+1","Calculated Gamble","Bouncing Flask","Poisoned Stab","Acrobatics"],"special_seed":0,"relics":["Ring of the Snake","PreservedInsect","Shuriken","Bag of Preparation","Omamori"],"potions_floor_usage":[],"damage_taken":[{"damage":0.0,"enemies":"Small Slimes","floor":1.0,"turns":5.0},{"damage":6.0,"enemies":"Cultist","floor":4.0,"turns":3.0},{"damage":1.0,"enemies":"Jaw Worm","floor":5.0,"turns":5.0},{"damage":39.0,"enemies":"Gremlin Nob","floor":7.0,"turns":5.0},{"damage":29.0,"enemies":"Lagavulin","floor":10.0,"turns":7.0},{"damage":0.0,"enemies":"Exordium Wildlife","floor":11.0,"turns":3.0},{"damage":0,"enemies":"2 Fungi Beasts","floor":14,"turns":2},{"damage":12,"enemies":"Slime Boss","floor":16,"turns":7}],"seed_played":"-6392389552445136909","potions_obtained":[{"floor":1.0,"key":"FearPotion"},{"floor":5.0,"key":"Swift Potion"},{"floor":7.0,"key":"Weak Potion"}],"is_trial":false,"path_per_floor":["M","?","$","M","M","R","E","R","T","E","M","$","?","M","R","B"],"character_chosen":"THE_SILENT","items_purchased":["PreservedInsect","Bouncing Flask","Poisoned Stab"],"campfire_rested":2,"item_purchase_floors":[3,12,12],"current_hp_per_floor":[59,59,59,53,52,52,13,32,32,3,3,3,3,3,22,10],"gold":36,"neow_bonus":"TWO_FIFTY_GOLD","is_prod":false,"is_daily":false,"chose_seed":false,"campfire_upgraded":1,"win_rate":0,"timestamp":1556533788,"path_taken":["M","?","$","M","M","R","E","R","T","E","M","$","?","M","R","BOSS"],"build_version":"2019-01-23","purchased_purges":1,"victory":false,"max_hp_per_floor":[66,66,66,66,66,66,66,66,66,66,66,66,66,66,66,66],"card_choices":[{"not_picked":["Blur","Prepared"],"picked":"Tactician","floor":1.0},{"not_picked":["Finisher","Prepared"],"picked":"Cloak And Dagger","floor":4.0},{"not_picked":["Backflip","Deflect"],"picked":"Backstab","floor":5.0},{"not_picked":["Dodge and Roll","Sucker Punch"],"picked":"Catalyst","floor":7.0},{"not_picked":["PiercingWail","Backflip"],"picked":"A Thousand Cuts","floor":10.0},{"not_picked":["Blade Dance","Dagger Throw"],"picked":"Calculated Gamble","floor":11.0},{"not_picked":["Envenom","Eviscerate"],"picked":"Acrobatics","floor":14}],"player_experience":724017,"relics_obtained":[{"floor":7.0,"key":"Shuriken"},{"floor":9.0,"key":"Bag of Preparation"},{"floor":10.0,"key":"Omamori"}],"event_choices":[{"cards_removed":["Injury"],"damage_healed":0.0,"max_hp_gain":0.0,"max_hp_loss":0.0,"gold_gain":0.0,"event_name":"The Cleric","player_choice":"Card Removal","floor":2.0,"gold_loss":75.0,"damage_taken":0.0},{"damage_healed":0.0,"max_hp_gain":0.0,"max_hp_loss":0.0,"gold_gain":0.0,"event_name":"Accursed Blacksmith","player_choice":"Forge","floor":13.0,"gold_loss":0.0,"damage_taken":0.0,"cards_upgraded":["A Thousand Cuts"]}],"is_beta":false,"boss_relics":[],"items_purged_floors":[3],"is_endless":false,"potions_floor_spawned":[1,5,7],"killed_by":"Slime Boss","ascension_level":16}