{"gold_per_floor":[109,109,129,54,67,97,114,114,114,114,114,114,45,55,55,151,151,167,167,184,201,22,22,42,42,42,42,71,82,94,94,94,190,190,201,301,102,102,113,141,141,141],"floor_reached":42,"playtime":3741,"items_purged":["Strike_G","Strike_G","Strike_G"],"score":521,"play_id":"78dc16a5-a3ce-44fb-a72d-9de1a673a906","local_time":"20181125143734","is_ascension_mode":false,"campfire_choices":[{"floor":8.0,"key":"REST"},{"data":"Neutralize","floor":11.0,"key":"SMITH"},{"data":"Footwork","floor":15.0,"key":"SMITH"},{"data":"Caltrops","floor":23.0,"key":"SMITH"},{"data":"After Image","floor":25.0,"key":"SMITH"},{"data":"Backflip","floor":27.0,"key":"SMITH"},{"floor":32.0,"key":"REST"},{"data":"Burst","floor":41.0,"key":"SMITH"}],"neow_cost":"NONE","seed_source_timestamp":3057446767082,"circlet_count":0,"master_deck":["Defend_G","Defend_G","Defend_G","Defend_G","Defend_G","Survivor","Neutralize+1","Backflip+1","Caltrops+1","Footwork+1","After Image+1","Setup+1","Caltrops+1","Dodge and Roll","Endless Agony","Burst+1","Caltrops","Caltrops"],"special_seed":0,"relics":["Ring of the Snake","NeowsBlessing","Dodecahedron","StoneCalendar","Singing Bowl","Velvet Choker","The Specimen","Runic Pyramid","FossilizedHelix","Shovel"],"potions_floor_usage":[],"damage_taken":[{"damage":0.0,"enemies":"Cultist","floor":1.0,"turns":1.0},{"damage":0.0,"enemies":"Jaw Worm","floor":3.0,"turns":1.0},{"damage":0.0,"enemies":"Small Slimes","floor":5.0,"turns":1.0},{"damage":24.0,"enemies":"Gremlin Nob","floor":6.0,"turns":5.0},{"damage":16.0,"enemies":"Gremlin Gang","floor":7.0,"turns":6.0},{"damage":9.0,"enemies":"3 Louse","floor":14.0,"turns":6.0},{"damage":8.0,"enemies":"Hexaghost","floor":16.0,"turns":11.0},{"damage":0.0,"enemies":"Shell Parasite","floor":18.0,"turns":7.0},{"damage":4.0,"enemies":"Spheric Guardian","floor":20.0,"turns":7.0},{"damage":3.0,"enemies":"Cultist and Chosen","floor":21.0,"turns":9.0},{"damage":3.0,"enemies":"Snake Plant","floor":24.0,"turns":4.0},{"damage":0.0,"enemies":"Book of Stabbing","floor":28.0,"turns":5.0},{"damage":4.0,"enemies":"Snecko","floor":29.0,"turns":7.0},{"damage":4.0,"enemies":"Shelled Parasite and Fungi","floor":30.0,"turns":5.0},{"damage":83.0,"enemies":"Collector","floor":33.0,"turns":26.0},{"damage":1.0,"enemies":"3 Darklings","floor":35.0,"turns":7.0},{"damage":1.0,"enemies":"Mind Bloom Boss Battle","floor":36.0,"turns":10.0},{"damage":0.0,"enemies":"3 Shapes","floor":39.0,"turns":7.0},{"damage":19.0,"enemies":"Giant Head","floor":40.0,"turns":27.0},{"damage":4,"enemies":"Nemesis","floor":42,"turns":19}],"seed_played":"7506167149788488645","potions_obtained":[{"floor":2.0,"key":"AttackPotion"},{"floor":2.0,"key":"Weak Potion"},{"floor":2.0,"key":"Strength Potion"},{"floor":6.0,"key":"Poison Potion"},{"floor":7.0,"key":"GhostInAJar"},{"floor":14.0,"key":"Weak Potion"},{"floor":20.0,"key":"GhostInAJar"},{"floor":24.0,"key":"FearPotion"},{"floor":30.0,"key":"FairyPotion"},{"floor":35.0,"key":"Energy Potion"},{"floor":36.0,"key":"Weak Potion"}],"is_trial":false,"path_per_floor":["M","?","M","$","M","E","M","R","T","?","R","T","$","M","R","B",null,"M","?","M","M","$","R","M","R","T","R","E","M","M","?","R","B",null,"M","?","$","?","M","E","R","E"],"character_chosen":"THE_SILENT","items_purchased":["Footwork","Caltrops","Caltrops"],"campfire_rested":2,"item_purchase_floors":[13,22,37],"current_hp_per_floor":[70,70,70,70,70,46,30,51,51,51,51,51,51,44,44,36,72,74,67,65,62,62,62,61,61,61,61,63,59,57,57,81,8,82,83,84,84,84,84,67,67,63],"gold":141,"neow_bonus":"THREE_ENEMY_KILL","is_prod":false,"is_daily":false,"chose_seed":false,"campfire_upgraded":6,"win_rate":0,"timestamp":1543145854,"path_taken":["M","?","?","$","M","E","M","R","T","?","R","?","$","M","R","BOSS","M","?","?","M","$","R","M","R","T","R","E","M","M","?","R","BOSS","M","?","$","?","M","E","R","E"],"build_version":"2018-11-15","purchased_purges":3,"victory":false,"max_hp_per_floor":[70,70,70,70,70,70,70,70,70,70,70,70,70,72,72,72,72,74,74,76,76,76,76,78,78,78,78,80,80,82,82,82,82,82,84,86,86,86,86,88,88,88],"card_choices":[{"not_picked":["Blade Dance","Choke"],"picked":"Backflip","floor":1.0},{"not_picked":["PiercingWail","Dagger Spray","Slice"],"picked":"SKIP","floor":3.0},{"not_picked":["Heel Hook","Dagger Throw"],"picked":"Caltrops","floor":5.0},{"not_picked":["Backflip","Outmaneuver","Crippling Poison"],"picked":"SKIP","floor":6.0},{"not_picked":["Wraith Form v2","Cloak And Dagger","Endless Agony"],"picked":"SKIP","floor":7.0},{"not_picked":["Underhanded Strike","Blade Dance","Masterful Stab"],"picked":"Singing Bowl","floor":14.0},{"not_picked":["Venomology","Envenom"],"picked":"After Image","floor":16.0},{"not_picked":["Flying Knee","Quick Slash+1","Deadly Poison"],"picked":"Singing Bowl","floor":18.0},{"not_picked":["Prepared","Poisoned Stab","Catalyst"],"picked":"Singing Bowl","floor":20.0},{"not_picked":["Expertise","Backflip"],"picked":"Setup+1","floor":21.0},{"not_picked":["Quick Slash+1","Distraction","Outmaneuver"],"picked":"Singing Bowl","floor":24.0},{"not_picked":["Glass Knife","Cloak And Dagger","Acrobatics"],"picked":"Singing Bowl","floor":28.0},{"not_picked":["Poisoned Stab+1","Cloak And Dagger"],"picked":"Dodge and Roll","floor":29.0},{"not_picked":["Dagger Spray","Underhanded Strike+1","Dash"],"picked":"Singing Bowl","floor":30.0},{"not_picked":["Night Terror","Die Die Die"],"picked":"Burst","floor":33.0},{"not_picked":["Acrobatics+1","Backflip","Quick Slash"],"picked":"Singing Bowl","floor":35.0},{"not_picked":["Acrobatics+1","Dagger Spray","Cloak And Dagger"],"picked":"Singing Bowl","floor":36.0},{"not_picked":["Bouncing Flask+1","Flying Knee"],"picked":"Caltrops","floor":39.0},{"not_picked":["Backflip","Dagger Spray+1","Wraith Form v2"],"picked":"Singing Bowl","floor":40.0}],"player_experience":214175,"relics_obtained":[{"floor":6.0,"key":"Dodecahedron"},{"floor":9.0,"key":"StoneCalendar"},{"floor":12.0,"key":"Singing Bowl"},{"floor":28.0,"key":"The Specimen"},{"floor":36.0,"key":"FossilizedHelix"},{"floor":40.0,"key":"Shovel"}],"event_choices":[{"damage_healed":0.0,"max_hp_gain":0.0,"max_hp_loss":0.0,"gold_gain":0.0,"event_name":"Lab","player_choice":"Got Potions","floor":2.0,"gold_loss":0.0,"damage_taken":0.0},{"damage_healed":0.0,"max_hp_gain":0.0,"max_hp_loss":0.0,"gold_gain":0.0,"event_name":"Living Wall","player_choice":"Grow","floor":10.0,"gold_loss":0.0,"damage_taken":0.0,"cards_upgraded":["Caltrops"]},{"damage_healed":0.0,"max_hp_gain":0.0,"max_hp_loss":0.0,"gold_gain":0.0,"event_name":"Wheel of Change","player_choice":"Damaged","floor":19.0,"gold_loss":0.0,"damage_taken":7.0},{"damage_healed":0.0,"max_hp_gain":0.0,"max_hp_loss":0.0,"gold_gain":0.0,"cards_transformed":["Strike_G","Strike_G"],"event_name":"Drug Dealer","player_choice":"Became Test Subject","floor":31.0,"gold_loss":0.0,"damage_taken":0.0,"cards_obtained":["Endless Agony","Unload"]},{"damage_healed":0.0,"max_hp_gain":0.0,"max_hp_loss":0.0,"gold_gain":0.0,"event_name":"MindBloom","player_choice":"Fight","floor":36.0,"gold_loss":0.0,"damage_taken":0.0},{"cards_removed":["Unload"],"damage_healed":0.0,"max_hp_gain":0.0,"max_hp_loss":0.0,"gold_gain":0.0,"event_name":"Falling","player_choice":"Removed Attack","floor":38.0,"gold_loss":0.0,"damage_taken":0.0}],"is_beta":false,"boss_relics":[{"not_picked":["Coffee Dripper","Ring of the Serpent"],"picked":"Velvet Choker"},{"not_picked":["Runic Dome","Fusion Hammer"],"picked":"Runic Pyramid"}],"items_purged_floors":[4,22,37],"is_endless":false,"potions_floor_spawned":[6,7,14,20,24,30,35,36],"killed_by":"Nemesis","ascension_level":0}