{"gold_per_floor":[113,127,127,52,68,68,82,94,120,181,196,226,226,31,31,132,132,114,114,130,144,104,104,118,118],"floor_reached":25,"playtime":2516,"items_purged":["Strike_R"],"score":215,"play_id":"f0c00b72-2d5f-4628-85d2-ee407df6fb72","local_time":"20181010225035","is_ascension_mode":false,"campfire_choices":[{"data":"Battle Trance","floor":6,"key":"SMITH"},{"data":"Flex","floor":13,"key":"SMITH"},{"floor":15,"key":"REST"},{"floor":23,"key":"REST"}],"neow_cost":"NONE","seed_source_timestamp":11999274311997,"circlet_count":0,"master_deck":["Strike_R","Strike_R","Strike_R","Strike_R","Defend_R","Defend_R","Defend_R","Defend_R","Bash","Battle Trance+1","Spot Weakness","Ghostly Armor","Ghostly Armor","Flex+1","Sentinel","Shrug It Off","Dropkick","Panache","Barricade","Headbutt+1","RitualDagger+1","Thunderclap","Flex+1","Body Slam"],"relics":["Burning Blood","Happy Flower","PreservedInsect","Vajra","Tiny Chest","Omamori","Black Star"],"potions_floor_usage":[10,12,24,24,24,25],"damage_taken":[{"damage":8,"enemies":"Cultist","floor":1,"turns":5},{"damage":4,"enemies":"Small Slimes","floor":2,"turns":4},{"damage":2,"enemies":"2 Louse","floor":5,"turns":3},{"damage":10,"enemies":"Looter","floor":7,"turns":3},{"damage":25,"enemies":"Exordium Thugs","floor":8,"turns":7},{"damage":17,"enemies":"3 Sentries","floor":10,"turns":8},{"damage":5,"enemies":"2 Fungi Beasts","floor":11,"turns":6},{"damage":12,"enemies":"Lagavulin","floor":12,"turns":7},{"damage":48,"enemies":"The Guardian","floor":16,"turns":11},{"damage":22,"enemies":"2 Thieves","floor":18,"turns":4},{"damage":40,"enemies":"Spheric Guardian","floor":20,"turns":11},{"damage":15,"enemies":"Centurion and Healer","floor":21,"turns":17},{"damage":24,"enemies":"Shelled Parasite and Fungi","floor":24,"turns":4},{"damage":21,"enemies":"3 Cultists","floor":25,"turns":5}],"seed_played":"2951800111303027402","potions_obtained":[{"floor":2,"key":"SteroidPotion"},{"floor":7,"key":"Swift Potion"},{"floor":11,"key":"Weak Potion"},{"floor":16,"key":"Fire Potion"},{"floor":21,"key":"SkillPotion"},{"floor":24,"key":"Weak Potion"}],"is_trial":false,"path_per_floor":["M","M","?","$","M","R","M","M","T","E","M","E","R","$","R","B",null,"M","?","M","M","?","R","M"],"character_chosen":"IRONCLAD","items_purchased":["Panache"],"campfire_rested":2,"item_purchase_floors":[14],"current_hp_per_floor":[78,80,68,68,72,72,68,49,49,38,39,33,33,33,57,15,80,64,58,24,15,15,39,21,0],"gold":118,"neow_bonus":"RANDOM_COMMON_RELIC","is_prod":false,"is_daily":false,"chose_seed":false,"campfire_upgraded":2,"win_rate":0,"timestamp":1539201035,"path_taken":["M","?","?","$","M","R","M","?","T","E","M","E","R","$","R","BOSS","M","?","M","M","?","R","M","M"],"build_version":"2018-10-04v2","purchased_purges":1,"victory":false,"max_hp_per_floor":[80,80,80,80,80,80,80,80,80,80,80,80,80,80,80,80,80,80,80,80,80,80,80,80,80],"card_choices":[{"not_picked":["Cleave","Flex"],"picked":"Battle Trance","floor":1},{"not_picked":["Dual Wield","True Grit"],"picked":"Spot Weakness","floor":2},{"not_picked":["Headbutt","Wild Strike"],"picked":"Ghostly Armor","floor":5},{"not_picked":["Armaments","Thunderclap"],"picked":"Ghostly Armor","floor":7},{"not_picked":["Cleave","Clothesline"],"picked":"Flex","floor":8},{"not_picked":["Whirlwind","Armaments"],"picked":"Sentinel","floor":10},{"not_picked":["Evolve","Pommel Strike"],"picked":"Shrug It Off","floor":11},{"not_picked":["Ghostly Armor","Sentinel"],"picked":"Dropkick","floor":12},{"not_picked":["Immolate","Double Tap"],"picked":"Barricade","floor":16},{"not_picked":["Ghostly Armor","Disarm+1"],"picked":"Headbutt+1","floor":18},{"not_picked":["Disarm","Cleave"],"picked":"Thunderclap","floor":20},{"not_picked":["Twin Strike","Bloodletting+1"],"picked":"Flex+1","floor":21},{"not_picked":["Thunderclap+1","Headbutt"],"picked":"Body Slam","floor":24}],"player_experience":63452,"relics_obtained":[{"floor":9,"key":"Vajra"},{"floor":10,"key":"Tiny Chest"},{"floor":12,"key":"Omamori"}],"event_choices":[{"event_name":"Scrap Ooze","player_choice":"success","floor":3,"damage_taken":12},{"event_name":"Nest","player_choice":"Joined the Cult","floor":19,"damage_taken":0},{"event_name":"Designer","player_choice":"Upgrade Card","floor":22,"damage_taken":0}],"is_beta":false,"boss_relics":[{"not_picked":["Empty Cage","Mark of Pain"],"picked":"Black Star"}],"items_purged_floors":[4],"is_endless":false,"potions_floor_spawned":[2,7,11,16,21,24],"killed_by":"3 Cultists","ascension_level":0}