{"gold_per_floor":[118,118,68,343,118,145,145,78,78,97,107,136,154,179,179,179],"floor_reached":16,"playtime":514,"items_purged":["Regret"],"score":159,"play_id":"b25ce92c-15c9-4c8d-a9d4-56b3a9acc328","local_time":"20190418160643","is_ascension_mode":true,"campfire_choices":[{"data":"Bash","floor":7,"key":"SMITH"},{"data":"Armaments","floor":15,"key":"SMITH"}],"neow_cost":"NONE","seed_source_timestamp":190483984587439,"circlet_count":0,"master_deck":["Strike_R","Strike_R","Strike_R","Strike_R","Defend_R","Defend_R","Defend_R","Defend_R","Bash+1","Juggernaut","Battle Trance","Flex","Spot Weakness","Cleave","Warcry","Armaments+1","Anger","Rage"],"relics":["Burning Blood","Peace Pipe","Pen Nib","Ornamental Fan","Mercury Hourglass","Bronze Scales","Kunai"],"potions_floor_usage":[14],"damage_taken":[{"damage":11,"enemies":"2 Louse","floor":1,"turns":3},{"damage":42,"enemies":"Gremlin Nob","floor":6,"turns":5},{"damage":10,"enemies":"Small Slimes","floor":10,"turns":3},{"damage":0,"enemies":"Cultist","floor":11,"turns":3},{"damage":20,"enemies":"Lagavulin","floor":12,"turns":5},{"damage":1,"enemies":"Looter","floor":13,"turns":3},{"damage":17,"enemies":"Gremlin Nob","floor":14,"turns":4},{"damage":19,"enemies":"Slime Boss","floor":16,"turns":6}],"seed_played":"-7895489868736690184","potions_obtained":[{"floor":1,"key":"Ancient Potion"},{"floor":13,"key":"BloodPotion"},{"floor":14,"key":"SpeedPotion"}],"is_trial":false,"path_per_floor":["M","?","?","?","$","E","R","$","T","M","M","E","M","E","R","B"],"character_chosen":"IRONCLAD","items_purchased":["Pen Nib","Spot Weakness"],"campfire_rested":0,"item_purchase_floors":[5,8],"current_hp_per_floor":[67,55,55,55,55,19,19,19,19,15,21,7,12,9,9,0],"gold":179,"neow_bonus":"ONE_RANDOM_RARE_CARD","is_prod":false,"is_daily":false,"chose_seed":false,"campfire_upgraded":2,"win_rate":0,"timestamp":1555574803,"path_taken":["M","?","?","?","$","E","R","$","T","?","M","E","M","E","R","BOSS"],"build_version":"2019-01-23","purchased_purges":1,"victory":false,"max_hp_per_floor":[80,80,80,80,80,80,80,80,80,80,80,80,80,80,80,80],"card_choices":[{"not_picked":["Bloodletting","Reckless Charge"],"picked":"Battle Trance","floor":1},{"not_picked":["True Grit","Headbutt"],"picked":"Flex","floor":6},{"not_picked":["Ghostly Armor","Infernal Blade"],"picked":"Cleave","floor":10},{"not_picked":["Power Through","Shockwave"],"picked":"Warcry","floor":11},{"not_picked":["Reckless Charge","Sever Soul"],"picked":"Armaments","floor":12},{"not_picked":["Metallicize","Second Wind"],"picked":"Anger","floor":13},{"not_picked":["Corruption","Sever Soul"],"picked":"Rage","floor":14}],"player_experience":246093,"relics_obtained":[{"floor":6,"key":"Ornamental Fan"},{"floor":9,"key":"Mercury Hourglass"},{"floor":12,"key":"Bronze Scales"},{"floor":14,"key":"Kunai"}],"event_choices":[{"damage_healed":0,"gold_gain":0,"player_choice":"Success","damage_taken":12,"relics_obtained":["Peace Pipe"],"max_hp_gain":0,"max_hp_loss":0,"event_name":"Scrap Ooze","floor":2,"gold_loss":0},{"cards_removed":["Strike_R"],"damage_healed":0,"gold_gain":0,"player_choice":"Card Removal","damage_taken":0,"max_hp_gain":0,"max_hp_loss":0,"event_name":"The Cleric","floor":3,"gold_loss":50},{"damage_healed":0,"gold_gain":275,"player_choice":"Desecrate","damage_taken":0,"max_hp_gain":0,"max_hp_loss":0,"event_name":"Golden Shrine","floor":4,"gold_loss":0,"cards_obtained":["Regret"]}],"is_beta":false,"boss_relics":[],"items_purged_floors":[5],"is_endless":false,"potions_floor_spawned":[1,13,14],"killed_by":"Slime Boss","ascension_level":7}