{"gold_per_floor":[215,215,390,413,432,432,455,32,101,142,142,165,183,207,207,330,330,344,244,244,259,81,81,102,120,120,120,120,139,154,29,29,148,148,163,182,32,32,58,70,103,115,127,160,172,207,240,276,288,300],"floor_reached":51,"playtime":3983,"items_purged":["Doubt","Defend_B","Strike_B","Strike_B"],"score":682,"play_id":"aefa94a8-5b1d-47d1-8f56-029b8b813724","local_time":"20181213223247","is_ascension_mode":false,"campfire_choices":[{"data":"Zap","floor":6,"key":"SMITH"},{"data":"Reinforced Body","floor":11,"key":"SMITH"},{"floor":15,"key":"REST"},{"data":"Apotheosis","floor":23,"key":"SMITH"},{"data":"Loop","floor":27,"key":"SMITH"},{"floor":32,"key":"REST"},{"data":"Seek","floor":40,"key":"SMITH"},{"floor":42,"key":"REST"},{"floor":45,"key":"REST"},{"data":"Double Energy","floor":49,"key":"SMITH"}],"neow_cost":"NONE","seed_source_timestamp":10007035210270,"circlet_count":0,"master_deck":["Strike_B+1","Strike_B+1","Defend_B","Defend_B","Defend_B","Zap+1","Dualcast","Steam","Reinforced Body+1","FTL","Coolheaded","Multi-Cast","Core Surge","Reinforced Body","Double Energy+1","Seek+1","Go for the Eyes+1","Apotheosis+1","Loop+1","Capacitor","White Noise+1","Biased Cognition","Cold Snap+1","Hologram+1","Ball Lightning","BootSequence+1"],"relics":["Cracked Core","Golden Idol","ClockworkSouvenir","Matryoshka","Whetstone","Philosopher\u0027s Stone","Centennial Puzzle","Pear","Runic Pyramid","MawBank","Bag of Preparation","Dodecahedron"],"potions_floor_usage":[7,7,10,10,13,21,25,25,33,50,50,50],"damage_taken":[{"damage":0,"enemies":"Small Slimes","floor":1,"turns":2},{"damage":3,"enemies":"2 Louse","floor":4,"turns":2},{"damage":0,"enemies":"Jaw Worm","floor":5,"turns":3},{"damage":2,"enemies":"Exordium Thugs","floor":7,"turns":4},{"damage":9,"enemies":"3 Sentries","floor":10,"turns":14},{"damage":0,"enemies":"Red Slaver","floor":12,"turns":3},{"damage":10,"enemies":"Lots of Slimes","floor":13,"turns":2},{"damage":0,"enemies":"Blue Slaver","floor":14,"turns":3},{"damage":18,"enemies":"Slime Boss","floor":16,"turns":12},{"damage":0,"enemies":"Chosen","floor":18,"turns":6},{"damage":29,"enemies":"3 Byrds","floor":21,"turns":5},{"damage":0,"enemies":"Snecko","floor":24,"turns":4},{"damage":8,"enemies":"Snake Plant","floor":25,"turns":3},{"damage":3,"enemies":"Cultist and Chosen","floor":29,"turns":5},{"damage":3,"enemies":"Sentry and Sphere","floor":30,"turns":7},{"damage":30,"enemies":"Collector","floor":33,"turns":12},{"damage":6,"enemies":"Orb Walker","floor":35,"turns":3},{"damage":3,"enemies":"3 Shapes","floor":36,"turns":4},{"damage":10,"enemies":"Spire Growth","floor":39,"turns":7},{"damage":20,"enemies":"4 Shapes","floor":41,"turns":5},{"damage":0,"enemies":"Transient","floor":44,"turns":5},{"damage":0,"enemies":"Maw","floor":46,"turns":6},{"damage":0,"enemies":"Writhing Mass","floor":47,"turns":7},{"damage":0,"enemies":"Sphere and 2 Shapes","floor":48,"turns":5},{"damage":0,"enemies":"Donu and Deca","floor":50,"turns":8}],"seed_played":"-3594872478740440670","potions_obtained":[{"floor":4,"key":"AttackPotion"},{"floor":5,"key":"EntropicBrew"},{"floor":10,"key":"Explosive Potion"},{"floor":14,"key":"Regen Potion"},{"floor":16,"key":"Poison Potion"},{"floor":21,"key":"Block Potion"},{"floor":24,"key":"EssenceOfSteel"},{"floor":29,"key":"Explosive Potion"},{"floor":39,"key":"Ancient Potion"},{"floor":44,"key":"SteroidPotion"},{"floor":46,"key":"PowerPotion"}],"is_trial":false,"path_per_floor":["M","?","?","M","M","R","M","$","T","E","R","M","M","M","R","B",null,"M","$","?","M","$","R","M","M","T","R","$","M","M","$","R","B",null,"M","M","$","?","M","R","M","R","T","M","R","M","M","M","R","B",null],"character_chosen":"DEFECT","items_purchased":["Multi-Cast","ClockworkSouvenir","Apotheosis"],"campfire_rested":4,"item_purchase_floors":[8,8,22],"current_hp_per_floor":[75,57,57,54,54,54,52,52,52,43,43,43,33,33,55,37,75,75,75,75,46,46,46,46,47,57,57,57,54,51,51,76,46,85,79,76,76,76,66,66,46,71,71,71,85,85,85,85,85,85],"gold":312,"neow_bonus":"HUNDRED_GOLD","is_prod":false,"is_daily":false,"chose_seed":false,"campfire_upgraded":6,"win_rate":0,"timestamp":1544729567,"path_taken":["M","?","?","M","M","R","M","?","T","E","R","M","M","M","R","BOSS","M","$","?","M","$","R","M","M","T","R","?","M","?","?","R","BOSS","M","?","$","?","M","R","M","R","T","M","R","M","M","M","R","BOSS"],"build_version":"2018-12-06","purchased_purges":4,"victory":true,"max_hp_per_floor":[75,75,75,75,75,75,75,75,75,75,75,75,75,75,75,75,75,75,75,75,75,75,75,75,75,85,85,85,85,85,85,85,85,85,85,85,85,85,85,85,85,85,85,85,85,85,85,85,85,85],"card_choices":[{"not_picked":["Cold Snap","Aggregate"],"picked":"Steam","floor":1},{"not_picked":["Coolheaded","Doom and Gloom"],"picked":"Reinforced Body","floor":4},{"not_picked":["Rip and Tear","Rebound"],"picked":"FTL","floor":5},{"not_picked":["Auto Shields","Go for the Eyes"],"picked":"Coolheaded","floor":7},{"not_picked":["Gash","Barrage"],"picked":"Core Surge","floor":10},{"not_picked":["Barrage","Reprogram"],"picked":"Reinforced Body","floor":12},{"not_picked":["Sunder","Gash"],"picked":"Double Energy","floor":13},{"not_picked":["Cold Snap","Hologram","Aggregate"],"picked":"SKIP","floor":14},{"not_picked":["Amplify","Electrodynamics"],"picked":"Seek","floor":16},{"not_picked":["Coolheaded","Streamline+1","Hologram"],"picked":"SKIP","floor":18},{"not_picked":["Blizzard","Redo+1"],"picked":"Go for the Eyes+1","floor":21},{"not_picked":["Leap","Rebound","Darkness"],"picked":"SKIP","floor":24},{"not_picked":["Genetic Algorithm","Steam"],"picked":"Loop","floor":25},{"not_picked":["Sweeping Beam","Redo+1"],"picked":"Capacitor","floor":29},{"not_picked":["Turbo","Tempest"],"picked":"White Noise+1","floor":30},{"not_picked":["Hyperbeam","Amplify"],"picked":"Biased Cognition","floor":33},{"not_picked":["Beam Cell","Barrage+1"],"picked":"Cold Snap+1","floor":35},{"not_picked":["Turbo+1","Compile Driver","Beam Cell+1"],"picked":"SKIP","floor":36},{"not_picked":["Electrodynamics","Steam+1"],"picked":"Hologram+1","floor":39},{"not_picked":["Steam Power+1","Darkness+1","Steam"],"picked":"SKIP","floor":41},{"not_picked":["Undo","Rebound"],"picked":"Ball Lightning","floor":44},{"not_picked":["Fusion","Sunder+1","Go for the Eyes+1"],"picked":"SKIP","floor":46},{"not_picked":["Coolheaded+1","Self Repair"],"picked":"BootSequence+1","floor":47},{"not_picked":["Beam Cell","Coolheaded","Capacitor"],"picked":"SKIP","floor":48}],"player_experience":298993,"relics_obtained":[{"floor":9,"key":"Matryoshka"},{"floor":10,"key":"Whetstone"},{"floor":26,"key":"Centennial Puzzle"},{"floor":26,"key":"Pear"},{"floor":43,"key":"Bag of Preparation"},{"floor":43,"key":"Dodecahedron"}],"event_choices":[{"damage_healed":0,"gold_gain":0,"player_choice":"Take Damage","damage_taken":18,"relics_obtained":["Golden Idol"],"max_hp_gain":0,"max_hp_loss":0,"event_name":"Golden Idol","floor":2,"gold_loss":0},{"damage_healed":0,"gold_gain":175,"player_choice":"AGREE","damage_taken":0,"max_hp_gain":0,"max_hp_loss":0,"event_name":"Liars Game","floor":3,"gold_loss":0,"cards_obtained":["Doubt"]},{"damage_healed":0,"gold_gain":0,"player_choice":"Ignored","damage_taken":0,"max_hp_gain":0,"max_hp_loss":0,"event_name":"NoteForYourself","floor":20,"gold_loss":0},{"damage_healed":0,"gold_gain":0,"player_choice":"Gave Potion","damage_taken":0,"relics_obtained":["MawBank"],"max_hp_gain":0,"max_hp_loss":0,"event_name":"WeMeetAgain","floor":38,"gold_loss":0}],"is_beta":false,"boss_relics":[{"not_picked":["Ectoplasm","Astrolabe"],"picked":"Philosopher\u0027s Stone"},{"not_picked":["Busted Crown","FrozenCore"],"picked":"Runic Pyramid"}],"items_purged_floors":[8,19,31,37],"is_endless":false,"potions_floor_spawned":[4,5,10,14,16,21,24,29,39,44,46,47],"ascension_level":0}