{"gold_per_floor":[116,127,140,69,144,144,171,121,171,184,359,359,459,473,473,573,573,587,129,145,158,168,196,196,224,248,248,248,248,265,284,284,387,387,398,2,20,20,40,40,140,140,140,140,156,156,175,203,203,203],"floor_reached":51,"playtime":3792,"items_purged":["Doubt","Strike_G"],"score":672,"play_id":"c8f240d4-21bb-4eaa-8b4d-c03de11227fa","local_time":"20181222214549","is_ascension_mode":false,"campfire_choices":[{"data":"Terror","floor":6.0,"key":"SMITH"},{"data":"Bouncing Flask","floor":12.0,"key":"SMITH"},{"data":"Escape Plan","floor":15.0,"key":"SMITH"},{"floor":24,"key":"REST"},{"floor":29,"key":"REST"},{"data":"Flechettes","floor":32,"key":"SMITH"},{"data":"Adrenaline","floor":40,"key":"SMITH"},{"data":"Noxious Fumes","floor":42,"key":"SMITH"},{"data":"Adrenaline","floor":44,"key":"SMITH"},{"data":"Dodge and Roll","floor":49,"key":"SMITH"}],"neow_cost":"NONE","seed_source_timestamp":38856656669710,"circlet_count":0,"master_deck":["Defend_G","Defend_G","Defend_G","Defend_G","Defend_G","Strike_G","Strike_G","Survivor","Neutralize+1","Flying Knee","Backflip","Terror+1","Blur","Bouncing Flask+1","Escape Plan+1","Die Die Die","Backflip","Corpse Explosion","Dodge and Roll+1","Deflect+1","Flechettes+1","PiercingWail","Bullet Time","Parasite","Adrenaline+1","Adrenaline+1","Noxious Fumes+1","Calculated Gamble+1","Madness","Madness","Dagger Throw+1","Predator+1","Deadly Poison+1","Cloak And Dagger+1"],"special_seed":0,"relics":["Ring of the Snake","PreservedInsect","Strawberry","Cursed Key","Pantograph","Blood Vial","Red Mask","Vajra","Nilry\u0027s Codex","Runic Pyramid","Potion Belt","Tingsha","Centennial Puzzle"],"potions_floor_usage":[25,47,50,50,50],"damage_taken":[{"damage":5.0,"enemies":"Jaw Worm","floor":1.0,"turns":4.0},{"damage":0.0,"enemies":"Small Slimes","floor":2.0,"turns":3.0},{"damage":0.0,"enemies":"2 Louse","floor":3.0,"turns":2.0},{"damage":8.0,"enemies":"Gremlin Nob","floor":7.0,"turns":4.0},{"damage":0.0,"enemies":"2 Fungi Beasts","floor":10.0,"turns":4.0},{"damage":0.0,"enemies":"Red Slaver","floor":14.0,"turns":3.0},{"damage":12.0,"enemies":"Hexaghost","floor":16.0,"turns":9.0},{"damage":17.0,"enemies":"2 Thieves","floor":18.0,"turns":4.0},{"damage":0.0,"enemies":"3 Byrds","floor":20.0,"turns":4.0},{"damage":0.0,"enemies":"3 Cultists","floor":21.0,"turns":3.0},{"damage":0.0,"enemies":"Snake Plant","floor":22.0,"turns":4.0},{"damage":24,"enemies":"Slavers","floor":23,"turns":4},{"damage":0,"enemies":"Masked Bandits","floor":25,"turns":2},{"damage":11,"enemies":"Sentry and Sphere","floor":30,"turns":7},{"damage":0,"enemies":"3 Cultists","floor":31,"turns":3},{"damage":45,"enemies":"Automaton","floor":33,"turns":10},{"damage":0,"enemies":"3 Darklings","floor":35,"turns":3},{"damage":0,"enemies":"Orb Walker","floor":37,"turns":3},{"damage":0,"enemies":"Jaw Worm Horde","floor":39,"turns":2},{"damage":1,"enemies":"Mind Bloom Boss Battle","floor":41,"turns":7},{"damage":24,"enemies":"Spire Growth","floor":45,"turns":5},{"damage":0,"enemies":"Sphere and 2 Shapes","floor":47,"turns":3},{"damage":3,"enemies":"Nemesis","floor":48,"turns":5},{"damage":26,"enemies":"Awakened One","floor":50,"turns":13}],"seed_played":"-667957317533245323","potions_obtained":[{"floor":1.0,"key":"GhostInAJar"},{"floor":2.0,"key":"SpeedPotion"},{"floor":7.0,"key":"Regen Potion"},{"floor":20.0,"key":"Regen Potion"},{"floor":33,"key":"LiquidBronze"},{"floor":45,"key":"Explosive Potion"},{"floor":47,"key":"Ancient Potion"}],"is_trial":false,"path_per_floor":["M","M","M","$","?","R","E","?","T","M","?","R","?","M","R","B",null,"M","$","M","M","M","E","R","?","T","?","?","R","M","M","R","B",null,"M","$","M","?","M","R","?","R","T","R","M","?","M","E","R","B",null],"character_chosen":"THE_SILENT","items_purchased":["Terror","Pantograph","Corpse Explosion","Potion Belt","Adrenaline","Noxious Fumes"],"campfire_rested":2,"item_purchase_floors":[4,19,19,36,36,36],"current_hp_per_floor":[65,65,65,65,54,54,46,46,53,53,53,53,53,53,53,41,77,60,60,60,60,60,36,59,70,70,56,40,64,55,57,57,37,82,82,82,82,72,74,74,81,81,81,81,58,58,60,59,59,68],"gold":203,"neow_bonus":"UPGRADE_CARD","is_prod":false,"is_daily":false,"chose_seed":false,"campfire_upgraded":8,"win_rate":0,"timestamp":1545504349,"path_taken":["M","M","M","$","?","R","E","?","T","?","?","R","?","M","R","BOSS","M","$","M","M","M","E","R","?","T","?","?","R","M","M","R","BOSS","M","$","M","?","M","R","?","R","T","R","M","?","M","E","R","BOSS"],"build_version":"2018-12-20","purchased_purges":2,"victory":true,"max_hp_per_floor":[70,70,70,70,70,70,70,70,77,77,77,77,77,77,77,77,77,77,77,77,77,77,77,77,77,77,82,82,82,82,82,82,82,82,82,82,82,82,82,82,82,82,82,82,82,82,82,82,82,82],"card_choices":[{"not_picked":["Quick Slash","Acrobatics"],"picked":"Flying Knee","floor":1.0},{"not_picked":["Dagger Throw","Outmaneuver","Blade Dance"],"picked":"SKIP","floor":2.0},{"not_picked":["Sucker Punch","Quick Slash"],"picked":"Backflip","floor":3.0},{"not_picked":["Malaise","Deadly Poison"],"picked":"Blur","floor":7.0},{"not_picked":["Dagger Throw","Underhanded Strike"],"picked":"Bouncing Flask","floor":10.0},{"not_picked":["Masterful Stab","PiercingWail"],"picked":"Escape Plan","floor":14.0},{"not_picked":["Phantasmal Killer","Storm of Steel"],"picked":"Die Die Die","floor":16.0},{"not_picked":["Dodge and Roll","Slice"],"picked":"Backflip","floor":18.0},{"not_picked":["Bouncing Flask","Deflect"],"picked":"Dodge and Roll","floor":20.0},{"not_picked":["Malaise","Dodge and Roll"],"picked":"Deflect+1","floor":21.0},{"not_picked":["Dagger Throw+1","Skewer"],"picked":"Flechettes","floor":22.0},{"not_picked":["Prepared","Bane"],"picked":"PiercingWail","floor":23},{"not_picked":["Quick Slash","Choke"],"picked":"Bullet Time","floor":25},{"not_picked":["Masterful Stab+1","Underhanded Strike","Blade Dance"],"picked":"SKIP","floor":30},{"not_picked":["Infinite Blades","Flying Knee","Dagger Throw"],"picked":"SKIP","floor":31},{"not_picked":["Corpse Explosion","Envenom"],"picked":"Adrenaline","floor":33},{"not_picked":["Prepared+1","Flechettes","Concentrate"],"picked":"SKIP","floor":35},{"not_picked":["Deadly Poison","Dagger Throw+1"],"picked":"Calculated Gamble+1","floor":37},{"not_picked":["Underhanded Strike","Blade Dance+1"],"picked":"Dagger Throw+1","floor":39},{"not_picked":["Backflip","Caltrops"],"picked":"Predator+1","floor":45},{"not_picked":["Wraith Form v2","Blade Dance"],"picked":"Deadly Poison+1","floor":47},{"not_picked":["Tactician","Flying Knee"],"picked":"Cloak And Dagger+1","floor":48}],"player_experience":364121,"relics_obtained":[{"floor":7.0,"key":"PreservedInsect"},{"floor":9.0,"key":"Strawberry"},{"floor":23,"key":"Blood Vial"},{"floor":25,"key":"Red Mask"},{"floor":26,"key":"Vajra"},{"floor":28,"key":"Nilry\u0027s Codex"},{"floor":41,"key":"Tingsha"},{"floor":48,"key":"Centennial Puzzle"}],"event_choices":[{"damage_healed":0.0,"max_hp_gain":0.0,"max_hp_loss":0.0,"gold_gain":75.0,"event_name":"World of Goop","player_choice":"Gather Gold","floor":5.0,"gold_loss":0.0,"damage_taken":11.0},{"cards_removed":["Strike_G"],"damage_healed":0.0,"max_hp_gain":0.0,"max_hp_loss":0.0,"gold_gain":0.0,"event_name":"The Cleric","player_choice":"Card Removal","floor":8.0,"gold_loss":50.0,"damage_taken":0.0},{"damage_healed":0.0,"max_hp_gain":0.0,"max_hp_loss":0.0,"gold_gain":175.0,"event_name":"Liars Game","player_choice":"AGREE","floor":11.0,"gold_loss":0.0,"damage_taken":0.0,"cards_obtained":["Doubt"]},{"damage_healed":0.0,"max_hp_gain":0.0,"max_hp_loss":0.0,"gold_gain":100.0,"event_name":"Golden Shrine","player_choice":"Pray","floor":13.0,"gold_loss":0.0,"damage_taken":0.0},{"damage_healed":0,"gold_gain":0,"player_choice":"Fought Bandits","damage_taken":0,"max_hp_gain":0,"max_hp_loss":0,"event_name":"Masked Bandits","floor":25,"gold_loss":0},{"damage_healed":0,"gold_gain":0,"player_choice":"Shed Blood","damage_taken":19,"max_hp_gain":5,"max_hp_loss":0,"event_name":"Forgotten Altar","floor":27,"gold_loss":0},{"damage_healed":0,"gold_gain":0,"player_choice":"Obtained Book","damage_taken":16,"max_hp_gain":0,"max_hp_loss":0,"event_name":"Cursed Tome","floor":28,"gold_loss":0},{"damage_healed":0,"gold_gain":0,"player_choice":"Embrace Madness","damage_taken":10,"max_hp_gain":0,"max_hp_loss":0,"event_name":"Winding Halls","floor":38,"gold_loss":0,"cards_obtained":["Madness","Madness"]},{"damage_healed":0,"gold_gain":0,"player_choice":"Fight","damage_taken":0,"max_hp_gain":0,"max_hp_loss":0,"event_name":"MindBloom","floor":41,"gold_loss":0},{"cards_removed":["Strike_G"],"damage_healed":0,"gold_gain":0,"player_choice":"Removed Attack","damage_taken":0,"max_hp_gain":0,"max_hp_loss":0,"event_name":"Falling","floor":46,"gold_loss":0}],"is_beta":false,"boss_relics":[{"not_picked":["Eternal Feather","Runic Dome"],"picked":"Cursed Key"},{"not_picked":["Sozu","WristBlade"],"picked":"Runic Pyramid"}],"items_purged_floors":[19,36],"is_endless":false,"potions_floor_spawned":[1,2,7,16,20,21,33,35,45,47,48],"ascension_level":0}