{"gold_per_floor":[114,128,139,139,69,69,85,85,154,154,154,154,169,185,185,306,306,330,345,345],"floor_reached":20,"playtime":1386,"items_purged":[],"score":216,"play_id":"bf485b18-f461-4217-a1bc-f5297f4a2a7f","local_time":"20190102163330","is_ascension_mode":false,"campfire_choices":[{"data":"Dagger Throw","floor":6,"key":"SMITH"},{"data":"Bullet Time","floor":8,"key":"SMITH"},{"data":"Endless Agony","floor":10,"key":"SMITH"},{"data":"Poisoned Stab","floor":12,"key":"SMITH"},{"floor":15,"key":"REST"}],"neow_cost":"NONE","seed_source_timestamp":644241510971758,"circlet_count":0,"master_deck":["Defend_G","Defend_G","Defend_G","Defend_G","Defend_G","Strike_G","Strike_G","Strike_G","Strike_G","Strike_G","Survivor","Neutralize","Poisoned Stab+1","Quick Slash+1","Endless Agony+1","Slice","Dagger Throw+1","Bullet Time+1","All Out Attack","Distraction+1","Tools of the Trade","Reflex+1","Choke"],"relics":["Runic Pyramid","Toxic Egg 2","Golden Idol","Coffee Dripper"],"potions_floor_usage":[],"damage_taken":[{"damage":0,"enemies":"Cultist","floor":1,"turns":5},{"damage":0,"enemies":"Jaw Worm","floor":2,"turns":4},{"damage":0,"enemies":"Small Slimes","floor":3,"turns":3},{"damage":13,"enemies":"Exordium Wildlife","floor":7,"turns":4},{"damage":8,"enemies":"Lots of Slimes","floor":13,"turns":3},{"damage":5,"enemies":"Exordium Thugs","floor":14,"turns":3},{"damage":0,"enemies":"Slime Boss","floor":16,"turns":6},{"damage":14,"enemies":"Spheric Guardian","floor":18,"turns":4},{"damage":15,"enemies":"Shell Parasite","floor":19,"turns":5},{"damage":45,"enemies":"Sentry and Sphere","floor":20,"turns":5}],"seed_played":"3731872942786638088","potions_obtained":[{"floor":2,"key":"SpeedPotion"},{"floor":7,"key":"GamblersBrew"},{"floor":13,"key":"GamblersBrew"},{"floor":14,"key":"AttackPotion"}],"is_trial":false,"path_per_floor":["M","M","M","?","$","R","M","R","T","R","?","R","M","M","R","B",null,"M","M","M"],"character_chosen":"THE_SILENT","items_purchased":["Slice","Dagger Throw"],"campfire_rested":1,"item_purchase_floors":[5,5],"current_hp_per_floor":[70,70,70,70,70,70,57,57,57,57,40,40,32,27,48,48,70,56,41,0],"gold":345,"neow_bonus":"BOSS_RELIC","is_prod":false,"is_daily":false,"chose_seed":false,"campfire_upgraded":4,"win_rate":0.0,"timestamp":1546418010,"path_taken":["M","M","?","?","$","R","M","R","T","R","?","R","M","M","R","BOSS","M","M","M"],"build_version":"2018-12-20","purchased_purges":0,"victory":false,"max_hp_per_floor":[70,70,70,70,70,70,70,70,70,70,70,70,70,70,70,70,70,70,70,70],"card_choices":[{"not_picked":["Backflip","Acrobatics"],"picked":"Poisoned Stab","floor":1},{"not_picked":["Dagger Throw","Backflip"],"picked":"Quick Slash","floor":2},{"not_picked":["Slice","Riddle With Holes"],"picked":"Endless Agony","floor":3},{"not_picked":["Calculated Gamble","Heel Hook"],"picked":"Bullet Time","floor":7},{"not_picked":["Dodge and Roll+1","Noxious Fumes"],"picked":"All Out Attack","floor":13},{"not_picked":["Choke","Flying Knee"],"picked":"Distraction+1","floor":14},{"not_picked":["Wraith Form v2","Burst+1"],"picked":"Tools of the Trade","floor":16},{"not_picked":["Leg Sweep+1","Backstab"],"picked":"Reflex+1","floor":18},{"not_picked":["PiercingWail+1","Dagger Throw+1"],"picked":"Choke","floor":19}],"player_experience":2003,"relics_obtained":[{"floor":9,"key":"Toxic Egg 2"}],"event_choices":[{"damage_healed":0,"gold_gain":0,"player_choice":"Grow","damage_taken":0,"max_hp_gain":0,"max_hp_loss":0,"event_name":"Living Wall","floor":4,"gold_loss":0,"cards_upgraded":["Quick Slash"]},{"damage_healed":0,"gold_gain":0,"player_choice":"Take Damage","damage_taken":17,"relics_obtained":["Golden Idol"],"max_hp_gain":0,"max_hp_loss":0,"event_name":"Golden Idol","floor":11,"gold_loss":0}],"is_beta":false,"boss_relics":[{"not_picked":["Ectoplasm","WristBlade"],"picked":"Coffee Dripper"}],"items_purged_floors":[],"is_endless":false,"potions_floor_spawned":[2,7,13,14],"killed_by":"Sentry and Sphere","ascension_level":0}