{"gold_per_floor":[119,119,69,82,82,111,111,127,151,151,163,163,176,176,176,275,275,264,189,189,189,207,234,234,254,277,277,289,307,318,318,318,418,418,428,428,213,229,249,249,264,264,290,290,305,305],"floor_reached":46,"playtime":3042,"items_purged":["Strike_B","Defend_B"],"score":442,"play_id":"1b4dbf0b-d325-47a7-9748-0135985e4955","local_time":"20181208213912","is_ascension_mode":false,"campfire_choices":[{"data":"Dualcast","floor":7.0,"key":"SMITH"},{"data":"Capacitor","floor":10.0,"key":"SMITH"},{"data":"Self Repair","floor":12.0,"key":"SMITH"},{"data":"Go for the Eyes","floor":15.0,"key":"SMITH"},{"floor":24,"key":"REST"},{"floor":27,"key":"REST"},{"data":"Reinforced Body","floor":32,"key":"SMITH"},{"data":"Defragment","floor":40,"key":"SMITH"},{"floor":42,"key":"RECALL"}],"neow_cost":"NONE","seed_source_timestamp":37120098334994,"circlet_count":0,"master_deck":["Defend_B","Defend_B","Defend_B","Zap","Dualcast+1","Coolheaded","Leap","Darkness","Capacitor+1","Self Repair+1","Go for the Eyes+1","Echo Form","Reinforced Body+1","Turbo","Defragment+1","Coolheaded+1","Reboot","Conserve Battery+1","Self Repair+1","Self Repair+1","Secret Technique","Go for the Eyes+1"],"special_seed":0,"relics":["Cracked Core","Ancient Tea Set","Pen Nib","Bag of Marbles","Lantern","Question Card","Empty Cage","Nilry\u0027s Codex","Vajra","Regal Pillow","Pantograph","Sozu","Tiny Chest"],"potions_floor_usage":[30,30],"damage_taken":[{"damage":1.0,"enemies":"Cultist","floor":1.0,"turns":3.0},{"damage":9.0,"enemies":"Small Slimes","floor":4.0,"turns":4.0},{"damage":20.0,"enemies":"Lagavulin","floor":6.0,"turns":10.0},{"damage":0.0,"enemies":"2 Louse","floor":8.0,"turns":3.0},{"damage":0.0,"enemies":"Large Slime","floor":11.0,"turns":5.0},{"damage":0.0,"enemies":"3 Louse","floor":13.0,"turns":5.0},{"damage":6.0,"enemies":"The Guardian","floor":16.0,"turns":11.0},{"damage":17.0,"enemies":"2 Thieves","floor":18.0,"turns":4.0},{"damage":13.0,"enemies":"Shell Parasite","floor":22.0,"turns":6.0},{"damage":48,"enemies":"Book of Stabbing","floor":23,"turns":11},{"damage":16,"enemies":"3 Cultists","floor":25,"turns":6},{"damage":47,"enemies":"Cultist and Chosen","floor":28,"turns":9},{"damage":21,"enemies":"Snake Plant","floor":29,"turns":5},{"damage":0,"enemies":"Chosen and Byrds","floor":30,"turns":10},{"damage":10,"enemies":"Champ","floor":33,"turns":21},{"damage":22,"enemies":"3 Darklings","floor":35,"turns":11},{"damage":15,"enemies":"3 Shapes","floor":38,"turns":6},{"damage":23,"enemies":"Sphere and 2 Shapes","floor":39,"turns":4},{"damage":32,"enemies":"Jaw Worm Horde","floor":41,"turns":8},{"damage":0,"enemies":"Maw","floor":45,"turns":10},{"damage":77,"enemies":"Reptomancer","floor":46,"turns":4}],"seed_played":"2814405750927299592","potions_obtained":[{"floor":8.0,"key":"FearPotion"},{"floor":11.0,"key":"Ancient Potion"},{"floor":16.0,"key":"Regen Potion"},{"floor":22.0,"key":"Poison Potion"},{"floor":30,"key":"Ancient Potion"}],"is_trial":false,"path_per_floor":["M","?","?","M","?","E","R","M","T","R","M","R","M","T","R","B",null,"M","$","?","?","M","E","R","M","T","R","M","M","M","T","R","B",null,"M","?","$","M","M","R","M","R","T","?","M","E"],"character_chosen":"DEFECT","items_purchased":["Tiny Chest"],"campfire_rested":2,"item_purchase_floors":[37],"current_hp_per_floor":[74,67,67,58,75,55,55,55,55,55,55,55,65,65,65,69,75,58,58,58,42,54,16,38,32,32,69,32,21,41,41,41,66,75,63,63,63,68,55,55,53,53,53,53,75,0],"gold":305,"neow_bonus":"RANDOM_COMMON_RELIC","is_prod":false,"is_daily":false,"chose_seed":false,"campfire_upgraded":6,"win_rate":0,"timestamp":1544294352,"path_taken":["M","?","?","M","?","E","R","M","T","R","M","R","M","?","R","BOSS","M","$","?","?","M","E","R","M","T","R","M","M","M","?","R","BOSS","M","?","$","M","M","R","M","R","T","?","M","E"],"build_version":"2018-12-06","purchased_purges":2,"victory":false,"max_hp_per_floor":[75,75,75,75,75,75,75,75,75,75,75,75,75,75,75,75,75,75,75,75,75,75,75,75,75,75,75,75,75,75,75,75,75,75,75,75,75,75,75,75,75,75,75,75,75,75],"card_choices":[{"not_picked":["Leap","White Noise"],"picked":"Coolheaded","floor":1.0},{"not_picked":["Stack","Cold Snap"],"picked":"Leap","floor":4.0},{"not_picked":["Tempest","Steam"],"picked":"Darkness","floor":6.0},{"not_picked":["Recycle","Reprogram"],"picked":"Capacitor","floor":8.0},{"not_picked":["FTL","Rebound"],"picked":"Self Repair","floor":11.0},{"not_picked":["Static Discharge","Streamline"],"picked":"Go for the Eyes","floor":13.0},{"not_picked":["Rainbow","Electrodynamics","Thunder Strike"],"picked":"Echo Form","floor":16.0},{"not_picked":["Gash+1","Compile Driver","Recycle+1","Genetic Algorithm"],"picked":"SKIP","floor":18.0},{"not_picked":["Compile Driver+1","Sweeping Beam+1","Stack+1"],"picked":"Turbo","floor":22.0},{"not_picked":["Streamline","Leap","Steam"],"picked":"Defragment","floor":23},{"not_picked":["Go for the Eyes","Beam Cell+1","Heatsinks","Core Surge"],"picked":"SKIP","floor":25},{"not_picked":["Doom and Gloom","Stack+1","Hologram","Cold Snap"],"picked":"SKIP","floor":28},{"not_picked":["Barrage+1","Doom and Gloom","Tempest"],"picked":"Chill","floor":29},{"not_picked":["Steam","Capacitor","Ball Lightning"],"picked":"Coolheaded+1","floor":30},{"not_picked":["Thunder Strike","Rainbow","Creative AI"],"picked":"Reboot","floor":33},{"not_picked":["Barrage+1","Hologram+1","Gash+1"],"picked":"Conserve Battery+1","floor":35},{"not_picked":["Auto Shields+1","Recycle+1","Gash"],"picked":"Self Repair+1","floor":38},{"not_picked":["Streamline","Biased Cognition","Force Field"],"picked":"Self Repair+1","floor":39},{"not_picked":["Redo","Steam","Go for the Eyes","Compile Driver"],"picked":"SKIP","floor":41},{"not_picked":["Trip","Sadistic Nature","HandOfGreed"],"picked":"Secret Technique","floor":44},{"not_picked":["Beam Cell","Gash","Reprogram"],"picked":"Go for the Eyes+1","floor":45}],"player_experience":284893,"relics_obtained":[{"floor":6.0,"key":"Bag of Marbles"},{"floor":9.0,"key":"Lantern"},{"floor":14.0,"key":"Question Card"},{"floor":21.0,"key":"Nilry\u0027s Codex"},{"floor":23,"key":"Vajra"},{"floor":26,"key":"Regal Pillow"},{"floor":31,"key":"Pantograph"}],"event_choices":[{"damage_healed":0.0,"max_hp_gain":0.0,"max_hp_loss":0.0,"gold_gain":0.0,"event_name":"Scrap Ooze","player_choice":"Success","floor":2.0,"gold_loss":0.0,"damage_taken":7.0,"relics_obtained":["Pen Nib"]},{"cards_removed":["Strike_B"],"damage_healed":0.0,"max_hp_gain":0.0,"max_hp_loss":0.0,"gold_gain":0.0,"event_name":"The Cleric","player_choice":"Card Removal","floor":3.0,"gold_loss":50.0,"damage_taken":0.0},{"damage_healed":25.0,"max_hp_gain":0.0,"max_hp_loss":0.0,"gold_gain":0.0,"event_name":"Big Fish","player_choice":"Banana","floor":5.0,"gold_loss":0.0,"damage_taken":0.0},{"damage_healed":0.0,"max_hp_gain":0.0,"max_hp_loss":0.0,"gold_gain":0.0,"event_name":"The Library","player_choice":"Read","floor":20.0,"gold_loss":0.0,"damage_taken":0.0,"cards_obtained":["Reinforced Body"]},{"damage_healed":0.0,"max_hp_gain":0.0,"max_hp_loss":0.0,"gold_gain":0.0,"event_name":"Cursed Tome","player_choice":"Obtained Book","floor":21.0,"gold_loss":0.0,"damage_taken":16.0},{"cards_removed":["Chill"],"damage_healed":0,"gold_gain":0,"player_choice":"Removed Skill","damage_taken":0,"max_hp_gain":0,"max_hp_loss":0,"event_name":"Falling","floor":36,"gold_loss":0},{"damage_healed":0,"gold_gain":0,"player_choice":"Memory 1","damage_taken":0,"max_hp_gain":0,"max_hp_loss":0,"event_name":"SensoryStone","floor":44,"gold_loss":0}],"is_beta":false,"boss_relics":[{"not_picked":["Coffee Dripper","Calling Bell"],"picked":"Empty Cage"},{"not_picked":["Philosopher\u0027s Stone","Orrery"],"picked":"Sozu"}],"items_purged_floors":[19,37],"is_endless":false,"potions_floor_spawned":[8,11,16,22,23,29,30,35,39,45],"killed_by":"Reptomancer","ascension_level":0}