{"gold_per_floor":[117,117,42,42,42,70,70,101,113,144,174,186,211,56,56,159,159,171,186,61,76,175,175,205,221,221,221,221,271,221,247,247,344,344,355,368,368,385,397,397,408,408,433,450,450,6,6,26,26,26],"floor_reached":51,"playtime":2569,"items_purged":["Strike_R","Strike_R","Defend_R","Defend_R","Strike_R"],"score":806,"play_id":"2cffb9cc-08d8-437d-b7be-1d81153d132f","local_time":"20181108213424","is_ascension_mode":true,"campfire_choices":[{"data":"Ghostly Armor","floor":7,"key":"SMITH"},{"data":"Bash","floor":12,"key":"SMITH"},{"data":"Whirlwind","floor":15,"key":"SMITH"},{"data":"Rampage","floor":23,"key":"SMITH"},{"floor":27,"key":"REST"},{"data":"Limit Break","floor":28,"key":"SMITH"},{"floor":32,"key":"REST"},{"floor":40,"key":"REST"},{"floor":42,"key":"REST"},{"data":"Enlightenment","floor":45,"key":"SMITH"},{"floor":49,"key":"REST"}],"neow_cost":"NONE","seed_source_timestamp":7694563325022,"circlet_count":0,"master_deck":["Strike_R","Strike_R+1","Defend_R","Defend_R","Bash+1","Shrug It Off+1","Ghostly Armor+1","Rage","Whirlwind+1","Limit Break+1","Rampage+1","Spot Weakness+1","Shrug It Off+1","Juggernaut","Heavy Blade+1","Enlightenment+1","Dark Shackles"],"relics":["Burning Blood","NeowsBlessing","Pen Nib","Bronze Scales","MawBank","Mango","Sozu","WingedGreaves","Smiling Mask","PreservedInsect","Runic Cube","Boot","Kunai","Anchor"],"potions_floor_usage":[33,38,50],"damage_taken":[{"damage":0,"enemies":"2 Louse","floor":1,"turns":1},{"damage":0,"enemies":"Gremlin Nob","floor":6,"turns":1},{"damage":0,"enemies":"Lagavulin","floor":8,"turns":1},{"damage":0,"enemies":"Jaw Worm","floor":10,"turns":3},{"damage":1,"enemies":"Cultist","floor":11,"turns":3},{"damage":10,"enemies":"Exordium Thugs","floor":13,"turns":5},{"damage":51,"enemies":"The Guardian","floor":16,"turns":14},{"damage":9,"enemies":"2 Thieves","floor":18,"turns":4},{"damage":14,"enemies":"Spheric Guardian","floor":19,"turns":6},{"damage":25,"enemies":"Snecko","floor":21,"turns":6},{"damage":15,"enemies":"Book of Stabbing","floor":24,"turns":5},{"damage":15,"enemies":"Snake Plant","floor":25,"turns":3},{"damage":33,"enemies":"Gremlin Leader","floor":31,"turns":6},{"damage":66,"enemies":"Collector","floor":33,"turns":7},{"damage":10,"enemies":"3 Shapes","floor":35,"turns":5},{"damage":22,"enemies":"3 Darklings","floor":36,"turns":4},{"damage":40,"enemies":"Maw","floor":38,"turns":8},{"damage":8,"enemies":"Transient","floor":39,"turns":5},{"damage":34,"enemies":"Jaw Worm Horde","floor":41,"turns":4},{"damage":4,"enemies":"Spire Growth","floor":44,"turns":5},{"damage":29,"enemies":"Maw","floor":48,"turns":7},{"damage":71,"enemies":"Awakened One","floor":50,"turns":8}],"seed_played":"735106084456933052","potions_obtained":[{"floor":1,"key":"Swift Potion"},{"floor":5,"key":"Swift Potion"},{"floor":5,"key":"FairyPotion"},{"floor":10,"key":"Strength Potion"},{"floor":13,"key":"SpeedPotion"}],"is_trial":false,"path_per_floor":["M","?","$","?","?","E","R","E","T","M","M","R","M","$","R","B",null,"M","M","$","M","?","R","E","M","T","R","R","?","$","E","R","B",null,"M","M","?","M","M","R","M","R","T","M","R","$","?","M","R","B",null],"character_chosen":"IRONCLAD","items_purchased":["Whirlwind","Kunai","Anchor"],"campfire_rested":5,"item_purchase_floors":[14,46,46],"current_hp_per_floor":[80,62,62,46,46,52,52,58,72,78,83,83,79,79,79,34,94,91,83,83,64,64,64,55,46,46,74,74,74,74,47,75,15,94,90,74,74,40,38,66,38,66,66,68,68,68,68,45,73,8],"gold":26,"neow_bonus":"THREE_ENEMY_KILL","is_prod":false,"is_daily":false,"chose_seed":false,"campfire_upgraded":6,"win_rate":0,"timestamp":1541702064,"path_taken":["M","?","$","?","?","E","R","E","T","?","M","R","M","?","R","BOSS","M","M","$","M","?","R","E","M","T","R","R","?","$","E","R","BOSS","M","?","?","M","M","R","M","R","T","M","R","$","?","M","R","BOSS"],"build_version":"2018-11-01","purchased_purges":5,"victory":true,"max_hp_per_floor":[80,80,80,80,80,80,80,80,94,94,94,94,94,94,94,94,94,94,94,94,94,94,94,94,94,94,94,94,94,94,94,94,94,94,94,94,94,94,94,94,94,94,94,94,94,94,94,94,94,94],"card_choices":[{"not_picked":["Warcry","Thunderclap"],"picked":"Shrug It Off","floor":1},{"not_picked":["Battle Trance","Pummel"],"picked":"Ghostly Armor","floor":6},{"not_picked":["Havoc","Flex","Headbutt"],"picked":"SKIP","floor":8},{"not_picked":["Havoc","Flex","Headbutt"],"picked":"SKIP","floor":8},{"not_picked":["Anger","Pommel Strike","Bloodletting"],"picked":"SKIP","floor":10},{"not_picked":["Wild Strike","Pommel Strike","Rupture"],"picked":"SKIP","floor":11},{"not_picked":["Twin Strike","Wild Strike"],"picked":"Rage","floor":13},{"not_picked":["Feed","Exhume"],"picked":"Limit Break","floor":16},{"not_picked":["Headbutt","Evolve+1","Thunderclap+1"],"picked":"SKIP","floor":18},{"not_picked":["Power Through","Seeing Red"],"picked":"Rampage","floor":19},{"not_picked":["Wild Strike","Evolve"],"picked":"Spot Weakness+1","floor":21},{"not_picked":["Combust+1","Thunderclap","Clothesline+1"],"picked":"SKIP","floor":24},{"not_picked":["Combust+1","Thunderclap","Clothesline+1"],"picked":"SKIP","floor":24},{"not_picked":["Thunderclap","Sword Boomerang"],"picked":"Shrug It Off+1","floor":25},{"not_picked":["Dropkick","Armaments+1","Power Through"],"picked":"SKIP","floor":31},{"not_picked":["Feed","Bludgeon"],"picked":"Juggernaut","floor":33},{"not_picked":["Dropkick","Thunderclap+1"],"picked":"Heavy Blade+1","floor":35},{"not_picked":["Spot Weakness+1","Perfected Strike","Clash+1"],"picked":"SKIP","floor":36},{"not_picked":["Madness","Dark Shackles"],"picked":"Enlightenment","floor":37},{"not_picked":["Wild Strike+1","Heavy Blade","Intimidate+1"],"picked":"SKIP","floor":38},{"not_picked":["Warcry","Power Through","Perfected Strike"],"picked":"SKIP","floor":39},{"not_picked":["Flex+1","Shockwave+1","Rage"],"picked":"SKIP","floor":41},{"not_picked":["Combust","Corruption+1","Double Tap"],"picked":"SKIP","floor":44},{"not_picked":["Reckless Charge+1","Blood for Blood+1","Bloodletting"],"picked":"SKIP","floor":48}],"player_experience":149799,"relics_obtained":[{"floor":6,"key":"Bronze Scales"},{"floor":8,"key":"MawBank"},{"floor":9,"key":"Mango"},{"floor":24,"key":"WingedGreaves"},{"floor":26,"key":"Smiling Mask"},{"floor":31,"key":"PreservedInsect"},{"floor":43,"key":"Boot"}],"event_choices":[{"damage_healed":0,"gold_gain":0,"player_choice":"Success","damage_taken":18,"relics_obtained":["Pen Nib"],"max_hp_gain":0,"max_hp_loss":0,"event_name":"Scrap Ooze","floor":2,"gold_loss":0},{"damage_healed":0,"gold_gain":0,"player_choice":"Entered Light","damage_taken":16,"max_hp_gain":0,"max_hp_loss":0,"event_name":"Shining Light","floor":4,"gold_loss":0,"cards_upgraded":["Strike_R","Shrug It Off"]},{"damage_healed":0,"gold_gain":0,"player_choice":"Got Potions","damage_taken":0,"max_hp_gain":0,"max_hp_loss":0,"event_name":"Lab","floor":5,"gold_loss":0},{"damage_healed":0,"gold_gain":99,"player_choice":"Stole From Cult","damage_taken":0,"max_hp_gain":0,"max_hp_loss":0,"event_name":"Nest","floor":22,"gold_loss":0},{"damage_healed":0,"gold_gain":100,"player_choice":"Bet on Murderer","damage_taken":0,"max_hp_gain":0,"max_hp_loss":0,"event_name":"The Joust","floor":29,"gold_loss":50},{"damage_healed":0,"gold_gain":0,"player_choice":"Memory 1","damage_taken":0,"max_hp_gain":0,"max_hp_loss":0,"event_name":"SensoryStone","floor":37,"gold_loss":0},{"damage_healed":0,"gold_gain":0,"player_choice":"1 cards matched","damage_taken":0,"max_hp_gain":0,"max_hp_loss":0,"event_name":"Match and Keep!","floor":47,"gold_loss":0,"cards_obtained":["Dark Shackles"]}],"is_beta":false,"boss_relics":[{"not_picked":["Fusion Hammer","Cursed Key"],"picked":"Sozu"},{"not_picked":["Busted Crown","White Beast Statue"],"picked":"Runic Cube"}],"items_purged_floors":[3,14,20,30,46],"is_endless":false,"potions_floor_spawned":[1,10,13,18,21,24,25,38,39,41],"ascension_level":1}