{"gold_per_floor":[112,9,59,8,8,8,38,38,85,118,118,135,154,173,173,245,245,245],"floor_reached":18,"playtime":576,"items_purged":["Strike_G"],"score":392,"play_id":"52d77e1b-ec96-478a-867b-713dee7be7d9","local_time":"20190429221611","is_ascension_mode":true,"campfire_choices":[{"data":"Cloak And Dagger","floor":6,"key":"SMITH"},{"data":"Night Terror","floor":8,"key":"SMITH"},{"data":"Reflex","floor":15,"key":"SMITH"}],"neow_cost":"NONE","seed_source_timestamp":1560274123339616,"circlet_count":0,"master_deck":["AscendersBane","Defend_G","Defend_G","Defend_G","Defend_G","Defend_G","Strike_G","Strike_G","Strike_G","Strike_G","Survivor","Neutralize","Masterful Stab","Acrobatics","Cloak And Dagger+1","Night Terror+1","Backflip","Dash","Deadly Poison","Reflex+1","Tools of the Trade"],"relics":["Ring of the Serpent","NeowsBlessing","Singing Bowl","Dream Catcher","StoneCalendar","Sundial"],"potions_floor_usage":[16,18],"damage_taken":[{"damage":0,"enemies":"2 Louse","floor":1,"turns":1},{"damage":0,"enemies":"Gremlin Nob","floor":7,"turns":1},{"damage":0,"enemies":"3 Sentries","floor":10,"turns":1},{"damage":0,"enemies":"Cultist","floor":12,"turns":2},{"damage":1,"enemies":"Small Slimes","floor":13,"turns":5},{"damage":1,"enemies":"Looter","floor":14,"turns":3},{"damage":24,"enemies":"The Guardian","floor":16,"turns":11},{"damage":19,"enemies":"3 Byrds","floor":18,"turns":4}],"seed_played":"5120910584059873420","potions_obtained":[{"floor":1,"key":"Dexterity Potion"},{"floor":14,"key":"Block Potion"},{"floor":16,"key":"SpeedPotion"}],"is_trial":false,"path_per_floor":["M","$","?","$","?","R","E","R","T","E","T","M","M","M","R","B",null,"M"],"character_chosen":"THE_SILENT","items_purchased":["Acrobatics","Cloak And Dagger"],"campfire_rested":0,"item_purchase_floors":[2,4],"current_hp_per_floor":[59,59,59,59,59,59,59,59,59,59,59,59,58,57,57,33,58,39],"gold":245,"neow_bonus":"THREE_ENEMY_KILL","is_prod":false,"is_daily":false,"chose_seed":false,"campfire_upgraded":3,"win_rate":0,"timestamp":1556543771,"path_taken":["M","$","?","?","?","R","E","R","T","E","?","?","M","M","R","BOSS","M"],"build_version":"2019-01-23","purchased_purges":1,"victory":false,"max_hp_per_floor":[66,66,66,66,66,66,66,66,66,66,66,66,66,66,66,66,66,66],"card_choices":[{"not_picked":["Dodge and Roll","Slice"],"picked":"Masterful Stab","floor":1},{"not_picked":["Caltrops","Choke"],"picked":"Night Terror","floor":7},{"not_picked":["Choke","Riddle With Holes"],"picked":"Backflip","floor":10},{"not_picked":["Poisoned Stab","Quick Slash"],"picked":"Dash","floor":12},{"not_picked":["Eviscerate","Dagger Throw"],"picked":"Deadly Poison","floor":13},{"not_picked":["Acrobatics","Quick Slash"],"picked":"Reflex","floor":14},{"not_picked":["Bullet Time","Malaise"],"picked":"Tools of the Trade","floor":16}],"player_experience":724908,"relics_obtained":[{"floor":7,"key":"Singing Bowl"},{"floor":9,"key":"Dream Catcher"},{"floor":10,"key":"StoneCalendar"},{"floor":11,"key":"Sundial"}],"event_choices":[{"damage_healed":0,"gold_gain":50,"player_choice":"Pray","damage_taken":0,"max_hp_gain":0,"max_hp_loss":0,"event_name":"Golden Shrine","floor":3,"gold_loss":0},{"damage_healed":0,"gold_gain":0,"player_choice":"Leave","damage_taken":0,"max_hp_gain":0,"max_hp_loss":0,"event_name":"The Cleric","floor":5,"gold_loss":0}],"is_beta":false,"boss_relics":[{"not_picked":["Velvet Choker","Calling Bell"],"picked":"Ring of the Serpent"}],"items_purged_floors":[2],"is_endless":false,"potions_floor_spawned":[1,14,16],"killed_by":"3 Byrds","ascension_level":16}