{"gold_per_floor":[111,32,32,0,0,0,15,15,15,31,47,47,79,95,95,95],"floor_reached":16,"playtime":1171,"items_purged":[],"score":100,"play_id":"6955a4f2-a1b5-41ef-bd85-6b89fc0e31f2","local_time":"20180924223947","is_ascension_mode":false,"campfire_choices":[{"data":"Envenom","floor":6,"key":"SMITH"},{"data":"Masterful Stab","floor":12,"key":"SMITH"},{"floor":15,"key":"REST"}],"neow_cost":"PERCENT_DAMAGE","seed_source_timestamp":13382453597967,"circlet_count":0,"master_deck":["Defend_G","Defend_G","Defend_G","Defend_G","Defend_G","Strike_G","Strike_G","Strike_G","Strike_G","Survivor","Neutralize","Envenom+1","Masterful Stab+1","Deadly Poison","Poisoned Stab","Poisoned Stab","Backstab","Outmaneuver","Blade Dance","Footwork"],"relics":["Ring of the Snake","Bag of Preparation","Tingsha"],"potions_floor_usage":[16,16],"damage_taken":[{"damage":0,"enemies":"Small Slimes","floor":1,"turns":7},{"damage":1,"enemies":"Cultist","floor":7,"turns":3},{"damage":0,"enemies":"2 Louse","floor":10,"turns":2},{"damage":4,"enemies":"Blue Slaver","floor":11,"turns":2},{"damage":23,"enemies":"Lagavulin","floor":13,"turns":6},{"damage":4,"enemies":"Gremlin Gang","floor":14,"turns":3},{"damage":46,"enemies":"Slime Boss","floor":16,"turns":8}],"seed_played":"195625049503039212","potions_obtained":[{"floor":10,"key":"Explosive Potion"},{"floor":13,"key":"Weak Potion"}],"is_trial":false,"path_per_floor":["M","$","?","?","?","R","M","$","T","M","M","R","E","M","R"],"character_chosen":"THE_SILENT","items_purchased":["Deadly Poison","Poisoned Stab"],"campfire_rested":1,"item_purchase_floors":[2,2],"current_hp_per_floor":[49,49,49,49,54,54,53,53,53,53,49,49,26,22,44,0],"gold":95,"neow_bonus":"THREE_RARE_CARDS","is_prod":false,"is_daily":false,"chose_seed":false,"campfire_upgraded":2,"win_rate":0,"timestamp":1537817987,"path_taken":["M","$","?","?","?","R","M","$","T","M","M","R","E","?","R","BOSS"],"build_version":"2018-09-20","purchased_purges":0,"victory":false,"max_hp_per_floor":[70,70,70,70,75,75,75,75,75,75,75,75,75,75,75,75],"card_choices":[{"not_picked":["Phantasmal Killer","Burst"],"picked":"Envenom","floor":0},{"not_picked":["PiercingWail","Catalyst"],"picked":"Masterful Stab","floor":1},{"not_picked":["Sucker Punch","Outmaneuver"],"picked":"Poisoned Stab","floor":7},{"not_picked":["Predator","Sucker Punch"],"picked":"Backstab","floor":10},{"not_picked":["Flying Knee","Acrobatics"],"picked":"Outmaneuver","floor":11},{"not_picked":["PiercingWail","Eviscerate"],"picked":"Blade Dance","floor":13},{"not_picked":["Venomology","Underhanded Strike"],"picked":"Footwork","floor":14}],"player_experience":34314,"relics_obtained":[{"floor":9,"key":"Bag of Preparation"},{"floor":13,"key":"Tingsha"}],"event_choices":[{"event_name":"Purifier","player_choice":"One Purge","floor":3,"damage_taken":0},{"event_name":"World of Goop","player_choice":"Left","floor":4,"damage_taken":0},{"event_name":"Big Fish","player_choice":"Donut","floor":5,"damage_taken":0}],"is_beta":false,"boss_relics":[],"items_purged_floors":[],"is_endless":false,"potions_floor_spawned":[10,13],"killed_by":"Slime Boss","ascension_level":0}