{"gold_per_floor":[119,119,69,83,83,83,111,111,135,157,180,221,233,263,275,387,399,430,458,385,413,195,222,222,68,68,100,100,134,134,150,150,245,245,259,269,269,65,81,81,181,181,229,256,270,297,198,214,214,214,214,214,20,50,50],"floor_reached":56,"playtime":3116,"items_purged":["Strike_R","Strike_R","Strike_R"],"score":1243,"play_id":"ab62b346-70b7-4f7c-bf94-68a4d005d8b8","local_time":"20181123235327","is_ascension_mode":false,"campfire_choices":[{"data":"Armaments","floor":6.0,"key":"SMITH"},{"data":"Shrug It Off","floor":8.0,"key":"SMITH"},{"floor":13.0,"key":"REST"},{"data":"Body Slam","floor":15.0,"key":"SMITH"},{"data":"Metallicize","floor":24,"key":"SMITH"},{"data":"Body Slam","floor":32,"key":"SMITH"},{"data":"Metallicize","floor":40,"key":"SMITH"},{"data":"Berserk","floor":42,"key":"SMITH"},{"floor":49,"key":"RECALL"},{"data":"Body Slam","floor":52,"key":"SMITH"}],"neow_cost":"NONE","seed_source_timestamp":13383813719432,"circlet_count":0,"master_deck":["Defend_R","Defend_R","Defend_R","Defend_R","Bash","Armaments+1","Shrug It Off+1","Body Slam+1","Fiend Fire","Iron Wave+1","Metallicize+1","Iron Wave+1","Seeing Red","Body Slam+1","Body Slam+1","Shrug It Off+1","Berserk+1","Metallicize+1","Evolve+1"],"special_seed":0,"relics":["Black Blood","Centennial Puzzle","MawBank","Odd Mushroom","Runic Pyramid","Regal Pillow","Lantern","Mummified Hand","Self Forming Clay","StoneCalendar","Whetstone","Calipers","Art of War","Bottled Flame","TheAbacus","Anchor"],"potions_floor_usage":[23,23,33,33,39,39,46,46,50,50,54,55],"damage_taken":[{"damage":1.0,"enemies":"Cultist","floor":1.0,"turns":3.0},{"damage":2.0,"enemies":"Small Slimes","floor":4.0,"turns":5.0},{"damage":31.0,"enemies":"Lagavulin","floor":7.0,"turns":10.0},{"damage":1.0,"enemies":"Jaw Worm","floor":10.0,"turns":4.0},{"damage":7.0,"enemies":"Large Slime","floor":11.0,"turns":12.0},{"damage":31.0,"enemies":"The Mushroom Lair","floor":12.0,"turns":6.0},{"damage":0.0,"enemies":"Exordium Wildlife","floor":14.0,"turns":5.0},{"damage":35.0,"enemies":"Slime Boss","floor":16.0,"turns":21.0},{"damage":20,"enemies":"3 Byrds","floor":18,"turns":7},{"damage":1,"enemies":"Shell Parasite","floor":19,"turns":5},{"damage":1,"enemies":"Cultist and Chosen","floor":21,"turns":6},{"damage":1,"enemies":"Slavers","floor":23,"turns":11},{"damage":3,"enemies":"Book of Stabbing","floor":27,"turns":4},{"damage":18,"enemies":"Slavers","floor":29,"turns":4},{"damage":0,"enemies":"Shelled Parasite and Fungi","floor":31,"turns":6},{"damage":26,"enemies":"Automaton","floor":33,"turns":10},{"damage":12,"enemies":"Orb Walker","floor":35,"turns":3},{"damage":7,"enemies":"3 Shapes","floor":36,"turns":4},{"damage":0,"enemies":"Transient","floor":39,"turns":5},{"damage":0,"enemies":"Mind Bloom Boss Battle","floor":41,"turns":6},{"damage":5,"enemies":"Nemesis","floor":44,"turns":7},{"damage":3,"enemies":"Spire Growth","floor":45,"turns":4},{"damage":10,"enemies":"Reptomancer","floor":46,"turns":5},{"damage":9,"enemies":"Sphere and 2 Shapes","floor":48,"turns":5},{"damage":12,"enemies":"Donu and Deca","floor":50,"turns":10},{"damage":16,"enemies":"Shield and Spear","floor":54,"turns":7},{"damage":68,"enemies":"The Heart","floor":55,"turns":9}],"seed_played":"8586246592609948261","potions_obtained":[{"floor":4.0,"key":"Block Potion"},{"floor":7.0,"key":"Energy Potion"},{"floor":14.0,"key":"GamblersBrew"},{"floor":19,"key":"Dexterity Potion"},{"floor":21,"key":"Swift Potion"},{"floor":29,"key":"Weak Potion"},{"floor":30,"key":"GamblersBrew"},{"floor":36,"key":"EntropicBrew"},{"floor":41,"key":"Poison Potion"},{"floor":48,"key":"Swift Potion"},{"floor":54,"key":"PowerPotion"}],"is_trial":false,"path_per_floor":["M","?","?","M","?","R","E","R","T","M","M","?","R","M","R","B",null,"M","M","?","M","$","E","R","$","T","E","?","E","?","M","R","B",null,"M","M","T","$","M","R","?","R","T","E","M","E","$","M","R","B",null,"R","$","E","B",null],"character_chosen":"IRONCLAD","items_purchased":["Lantern","Body Slam","Metallicize","AttackPotion","Block Potion","TheAbacus"],"campfire_rested":1,"item_purchase_floors":[22,25,38,47,47,53],"current_hp_per_floor":[80,80,80,80,85,85,60,60,60,65,64,39,64,70,70,41,85,71,76,76,81,81,85,85,85,85,85,69,57,57,63,63,43,90,88,90,90,90,90,90,90,90,90,90,90,90,90,90,90,88,90,90,90,84,26],"gold":50,"neow_bonus":"THREE_CARDS","is_prod":false,"is_daily":false,"chose_seed":false,"campfire_upgraded":8,"win_rate":0,"timestamp":1543006407,"path_taken":["M","?","?","M","?","R","E","R","T","M","?","?","R","M","R","BOSS","M","M","?","M","$","E","R","$","T","E","?","E","?","M","R","BOSS","M","M","?","$","?","R","?","R","T","E","M","E","$","M","R","BOSS","R","$","E","BOSS"],"build_version":"2018-11-15","purchased_purges":3,"victory":true,"max_hp_per_floor":[80,80,80,80,85,85,85,85,85,85,85,85,85,85,85,85,85,85,85,85,85,85,85,85,85,85,85,90,90,90,90,90,90,90,90,90,90,90,90,90,90,90,90,90,90,90,90,90,90,90,90,90,90,90,90],"card_choices":[{"not_picked":["Battle Trance","Rage"],"picked":"Armaments","floor":0.0},{"not_picked":["Body Slam","Battle Trance"],"picked":"Shrug It Off","floor":1.0},{"not_picked":["Cleave","Heavy Blade","Sword Boomerang"],"picked":"SKIP","floor":4.0},{"not_picked":["Battle Trance","Flex"],"picked":"Body Slam","floor":7.0},{"not_picked":["Headbutt","Spot Weakness","Flex"],"picked":"SKIP","floor":10.0},{"not_picked":["Evolve","Reckless Charge","Uppercut"],"picked":"SKIP","floor":11.0},{"not_picked":["Combust","Clothesline","Inflame"],"picked":"SKIP","floor":14.0},{"not_picked":["Dark Embrace","Limit Break"],"picked":"Fiend Fire","floor":16.0},{"not_picked":["Headbutt+1","Cleave"],"picked":"Iron Wave","floor":18},{"not_picked":["Thunderclap+1","Twin Strike"],"picked":"Metallicize","floor":19},{"not_picked":["Perfected Strike+1","Blood for Blood"],"picked":"Iron Wave","floor":21},{"not_picked":["Searing Blow","Fire Breathing"],"picked":"Seeing Red","floor":23},{"not_picked":["Corruption","Impervious","Burning Pact"],"picked":"SKIP","floor":27},{"not_picked":["Uppercut+1","Thunderclap"],"picked":"Body Slam","floor":29},{"not_picked":["Hemokinesis","Bloodletting+1"],"picked":"Shrug It Off+1","floor":31},{"not_picked":["Bludgeon","Offering"],"picked":"Berserk","floor":33},{"not_picked":["Cleave+1","Thunderclap+1","Havoc"],"picked":"SKIP","floor":35},{"not_picked":["Iron Wave","Offering","Intimidate"],"picked":"SKIP","floor":36},{"not_picked":["Sword Boomerang","Clothesline+1","Cleave+1"],"picked":"SKIP","floor":39},{"not_picked":["Limit Break","Perfected Strike","Pommel Strike+1"],"picked":"SKIP","floor":44},{"not_picked":["Armaments+1","Sword Boomerang+1","Impervious"],"picked":"SKIP","floor":45},{"not_picked":["Clothesline+1","Armaments+1","Uppercut+1"],"picked":"SKIP","floor":46},{"not_picked":["Twin Strike+1","Feel No Pain","Combust+1"],"picked":"SKIP","floor":48},{"not_picked":["Bludgeon","Power Through+1"],"picked":"Evolve+1","floor":54}],"player_experience":210723,"relics_obtained":[{"floor":7.0,"key":"Centennial Puzzle"},{"floor":9.0,"key":"MawBank"},{"floor":12.0,"key":"Odd Mushroom"},{"floor":23,"key":"Mummified Hand"},{"floor":26,"key":"Self Forming Clay"},{"floor":27,"key":"StoneCalendar"},{"floor":37,"key":"Whetstone"},{"floor":41,"key":"Calipers"},{"floor":44,"key":"Art of War"},{"floor":46,"key":"Bottled Flame"},{"floor":54,"key":"Anchor"}],"event_choices":[{"cards_removed":["Strike_R"],"damage_healed":0.0,"max_hp_gain":0.0,"max_hp_loss":0.0,"gold_gain":0.0,"event_name":"Living Wall","player_choice":"Forget","floor":2.0,"gold_loss":0.0,"damage_taken":0.0},{"cards_removed":["Strike_R"],"damage_healed":0.0,"max_hp_gain":0.0,"max_hp_loss":0.0,"gold_gain":0.0,"event_name":"The Cleric","player_choice":"Card Removal","floor":3.0,"gold_loss":50.0,"damage_taken":0.0},{"damage_healed":0.0,"max_hp_gain":5.0,"max_hp_loss":0.0,"gold_gain":0.0,"event_name":"Big Fish","player_choice":"Donut","floor":5.0,"gold_loss":0.0,"damage_taken":0.0},{"damage_healed":0.0,"max_hp_gain":0.0,"max_hp_loss":0.0,"gold_gain":0.0,"event_name":"Mushrooms","player_choice":"Fought Mushrooms","floor":12.0,"gold_loss":0.0,"damage_taken":0.0},{"damage_healed":0,"gold_gain":0,"player_choice":"Obtained Relic","damage_taken":0,"relics_obtained":["Regal Pillow"],"max_hp_gain":0,"max_hp_loss":0,"event_name":"Addict","floor":20,"gold_loss":85},{"damage_healed":0,"gold_gain":0,"player_choice":"Shed Blood","damage_taken":21,"max_hp_gain":5,"max_hp_loss":0,"event_name":"Forgotten Altar","floor":28,"gold_loss":0},{"damage_healed":0,"gold_gain":0,"player_choice":"Got Potions","damage_taken":0,"max_hp_gain":0,"max_hp_loss":0,"event_name":"Lab","floor":30,"gold_loss":0},{"damage_healed":0,"gold_gain":0,"player_choice":"Fight","damage_taken":0,"max_hp_gain":0,"max_hp_loss":0,"event_name":"MindBloom","floor":41,"gold_loss":0}],"is_beta":false,"boss_relics":[{"not_picked":["Tiny House","Lizard Tail"],"picked":"Runic Pyramid"},{"not_picked":["Eternal Feather","Coffee Dripper"],"picked":"Black Blood"}],"items_purged_floors":[22,25,38],"is_endless":false,"potions_floor_spawned":[4,7,14,19,21,29,31,36,41,45,48,54],"ascension_level":0}