{"gold_per_floor":[361,536,536,57,22,22,55,55,107,67,167,181,181,193,193,289,289,299,315,315,315,315,315,345,357,357,357,368,402,10,22,22,125,125,135,149,85,100,113,113,147,147,222,233,233,51,61,78,78,78],"floor_reached":51,"playtime":3152,"items_purged":["Strike_G"],"score":824,"play_id":"f37d8d1b-02c9-4a2a-a5cc-4a41a7b039e8","local_time":"20190106182018","is_ascension_mode":true,"campfire_choices":[{"data":"Envenom","floor":6,"key":"SMITH"},{"floor":8,"key":"REST"},{"data":"Neutralize","floor":13,"key":"SMITH"},{"data":"Dash","floor":15,"key":"SMITH"},{"data":"Footwork","floor":23,"key":"SMITH"},{"floor":27,"key":"REST"},{"data":"Writhe","floor":32,"key":"PURGE"},{"data":"Blade Dance","floor":40,"key":"SMITH"},{"data":"Well Laid Plans","floor":42,"key":"SMITH"},{"floor":45,"key":"REST"},{"data":"Panache","floor":49,"key":"SMITH"}],"neow_cost":"PERCENT_DAMAGE","seed_source_timestamp":19537679120686,"circlet_count":0,"master_deck":["Defend_G+1","Defend_G+1","Defend_G+1","Defend_G+1","Defend_G+1","Strike_G+1","Strike_G+1","Strike_G+1","Strike_G+1","Survivor","Neutralize+1","Slice","Deadly Poison","Envenom+1","Crippling Poison","Corpse Explosion","Dash+1","Storm of Steel","Blade Dance+1","Footwork+1","Backflip+1","Blur","Well Laid Plans+1","Blur","Dash+1","Dodge and Roll+1","Dodge and Roll+1","Night Terror","Prepared+1","Panache+1","Deflect+1","Prepared+1"],"relics":["Ring of the Snake","TwistedFunnel","Kunai","Dream Catcher","Eternal Feather","Regal Pillow","Red Mask","Boot","Peace Pipe","Pantograph","Sozu","Tiny Chest","Omamori","Ninja Scroll"],"potions_floor_usage":[16,29,29,33,41],"damage_taken":[{"damage":3,"enemies":"Small Slimes","floor":1,"turns":5},{"damage":32,"enemies":"3 Sentries","floor":7,"turns":10},{"damage":0,"enemies":"2 Louse","floor":12,"turns":2},{"damage":0,"enemies":"Cultist","floor":14,"turns":3},{"damage":40,"enemies":"Slime Boss","floor":16,"turns":12},{"damage":3,"enemies":"Shell Parasite","floor":18,"turns":6},{"damage":9,"enemies":"3 Byrds","floor":19,"turns":4},{"damage":31,"enemies":"Masked Bandits","floor":24,"turns":4},{"damage":32,"enemies":"Shelled Parasite and Fungi","floor":25,"turns":8},{"damage":0,"enemies":"Chosen and Byrds","floor":28,"turns":6},{"damage":14,"enemies":"Slavers","floor":29,"turns":3},{"damage":4,"enemies":"Centurion and Healer","floor":31,"turns":7},{"damage":57,"enemies":"Champ","floor":33,"turns":18},{"damage":0,"enemies":"Orb Walker","floor":35,"turns":5},{"damage":3,"enemies":"3 Darklings","floor":36,"turns":4},{"damage":3,"enemies":"Sphere and 2 Shapes","floor":38,"turns":5},{"damage":0,"enemies":"Maw","floor":39,"turns":9},{"damage":27,"enemies":"Giant Head","floor":41,"turns":12},{"damage":35,"enemies":"Writhing Mass","floor":44,"turns":9},{"damage":0,"enemies":"Spire Growth","floor":47,"turns":6},{"damage":7,"enemies":"Sphere and 2 Shapes","floor":48,"turns":6},{"damage":29,"enemies":"Awakened One","floor":50,"turns":22}],"seed_played":"-3850486501341373300","potions_obtained":[{"floor":12,"key":"Weak Potion"},{"floor":18,"key":"Block Potion"},{"floor":24,"key":"Poison Potion"},{"floor":28,"key":"SteroidPotion"},{"floor":33,"key":"SpeedPotion"}],"is_trial":false,"path_per_floor":["M","?","?","$","?","R","E","R","T","$","?","M","R","M","R","B",null,"M","M","?","?","?","R","?","M","T","R","M","E","$","M","R","B",null,"M","M","?","M","M","R","E","R","T","M","R","$","M","M","R","B",null],"character_chosen":"THE_SILENT","items_purchased":["Deadly Poison","TwistedFunnel","Envenom","Crippling Poison","Well Laid Plans","Pantograph","Blur","Panache"],"campfire_rested":3,"item_purchase_floors":[4,4,4,10,30,30,30,46],"current_hp_per_floor":[46,46,39,39,56,56,24,45,45,45,45,45,45,45,45,5,70,67,58,58,58,58,70,39,7,7,55,55,41,41,37,52,13,70,70,67,67,64,64,70,43,58,58,23,70,70,70,63,70,41],"gold":78,"neow_bonus":"TWO_FIFTY_GOLD","is_prod":false,"is_daily":false,"chose_seed":false,"campfire_upgraded":7,"win_rate":0,"timestamp":1546788018,"path_taken":["M","?","?","$","?","R","E","R","T","?","?","M","R","M","R","BOSS","M","?","?","?","?","R","?","M","T","R","M","E","?","M","R","BOSS","M","M","?","?","M","R","E","R","T","M","R","$","M","M","R","BOSS"],"build_version":"2019-01-03v4","purchased_purges":1,"victory":true,"max_hp_per_floor":[70,70,70,70,70,70,70,70,70,70,70,70,70,70,70,70,70,70,70,70,70,70,70,70,70,70,70,70,70,70,70,70,70,70,70,70,70,70,70,70,70,70,70,70,70,70,70,70,70,70],"card_choices":[{"not_picked":["Underhanded Strike","Bane"],"picked":"Slice","floor":1},{"not_picked":["Masterful Stab","Quick Slash","Setup"],"picked":"SKIP","floor":7},{"not_picked":["Accuracy","Deflect"],"picked":"Corpse Explosion","floor":12},{"not_picked":["Well Laid Plans","Dodge and Roll"],"picked":"Dash","floor":14},{"not_picked":["Doppelganger","Phantasmal Killer"],"picked":"Storm of Steel","floor":16},{"not_picked":["Flying Knee","Prepared+1"],"picked":"Blade Dance","floor":18},{"not_picked":["Acrobatics","Predator"],"picked":"Footwork","floor":19},{"not_picked":["Prepared","Dodge and Roll"],"picked":"Backflip+1","floor":24},{"not_picked":["Bane","Accuracy+1","Distraction"],"picked":"SKIP","floor":25},{"not_picked":["Flechettes","Underhanded Strike+1"],"picked":"Blur","floor":27},{"not_picked":["Underhanded Strike","Storm of Steel","Flying Knee"],"picked":"SKIP","floor":28},{"not_picked":["All Out Attack","Prepared","Glass Knife"],"picked":"SKIP","floor":29},{"not_picked":["Prepared","Skewer+1"],"picked":"Dash+1","floor":31},{"not_picked":["Sucker Punch","Escape Plan"],"picked":"Dodge and Roll+1","floor":35},{"not_picked":["Quick Slash","Acrobatics","Dagger Spray"],"picked":"SKIP","floor":36},{"not_picked":["Riddle With Holes+1","Prepared"],"picked":"Dodge and Roll+1","floor":38},{"not_picked":["PiercingWail+1","Bane","Prepared"],"picked":"SKIP","floor":39},{"not_picked":["Cloak And Dagger","Dagger Throw+1"],"picked":"Night Terror","floor":41},{"not_picked":["Deflect","Dodge and Roll+1"],"picked":"Prepared+1","floor":44},{"not_picked":["Well Laid Plans","Underhanded Strike"],"picked":"Deflect+1","floor":47},{"not_picked":["Phantasmal Killer","Outmaneuver"],"picked":"Prepared+1","floor":48}],"player_experience":391986,"relics_obtained":[{"floor":7,"key":"Kunai"},{"floor":9,"key":"Dream Catcher"},{"floor":24,"key":"Red Mask"},{"floor":26,"key":"Boot"},{"floor":29,"key":"Peace Pipe"},{"floor":41,"key":"Omamori"},{"floor":43,"key":"Ninja Scroll"}],"event_choices":[{"damage_healed":0,"gold_gain":175,"player_choice":"AGREE","damage_taken":0,"max_hp_gain":0,"max_hp_loss":0,"event_name":"Liars Game","floor":2,"gold_loss":0,"cards_obtained":["Doubt"]},{"cards_removed":["Doubt"],"damage_healed":0,"gold_gain":0,"player_choice":"Card Removal","damage_taken":7,"max_hp_gain":0,"max_hp_loss":0,"event_name":"Golden Wing","floor":3,"gold_loss":0},{"damage_healed":17,"gold_gain":0,"player_choice":"Healed","damage_taken":0,"max_hp_gain":0,"max_hp_loss":0,"event_name":"The Cleric","floor":5,"gold_loss":35},{"damage_healed":0,"gold_gain":100,"player_choice":"Pray","damage_taken":0,"max_hp_gain":0,"max_hp_loss":0,"event_name":"Golden Shrine","floor":11,"gold_loss":0},{"damage_healed":0,"gold_gain":0,"player_choice":"Opened","damage_taken":0,"relics_obtained":["Regal Pillow"],"max_hp_gain":0,"max_hp_loss":0,"event_name":"The Mausoleum","floor":20,"gold_loss":0,"cards_obtained":["Writhe"]},{"damage_healed":0,"gold_gain":0,"player_choice":"Ignored","damage_taken":0,"max_hp_gain":0,"max_hp_loss":0,"event_name":"Ghosts","floor":21,"gold_loss":0},{"damage_healed":0,"gold_gain":0,"player_choice":"Simplicity","damage_taken":0,"max_hp_gain":0,"max_hp_loss":0,"event_name":"Back to Basics","floor":22,"gold_loss":0,"cards_upgraded":["Defend_G","Defend_G","Defend_G","Defend_G","Defend_G","Strike_G","Strike_G","Strike_G","Strike_G"]},{"damage_healed":0,"gold_gain":0,"player_choice":"Fought Bandits","damage_taken":0,"max_hp_gain":0,"max_hp_loss":0,"event_name":"Masked Bandits","floor":24,"gold_loss":0},{"damage_healed":0,"gold_gain":0,"player_choice":"Paid Gold","damage_taken":0,"relics_obtained":["Tiny Chest"],"max_hp_gain":0,"max_hp_loss":0,"event_name":"WeMeetAgain","floor":37,"gold_loss":94}],"is_beta":false,"boss_relics":[{"not_picked":["Black Star","Empty Cage"],"picked":"Eternal Feather"},{"not_picked":["Coffee Dripper","Velvet Choker"],"picked":"Sozu"}],"items_purged_floors":[4],"is_endless":false,"potions_floor_spawned":[12,18,24,28,33,36,39,41,47],"ascension_level":4}