{"gold_per_floor":[119,131,143,163,34,34,63,63,63,78,98,108,108,140,140,238,238,254,179,1,12,12,12,32,32],"floor_reached":25,"playtime":1574,"items_purged":["Strike_R"],"score":230,"play_id":"0d8b7e97-806d-44de-8d69-122183596194","local_time":"20181022204717","is_ascension_mode":false,"campfire_choices":[{"data":"Armaments","floor":6,"key":"SMITH"},{"data":"Limit Break","floor":8,"key":"SMITH"},{"data":"True Grit","floor":13,"key":"SMITH"},{"floor":15,"key":"REST"},{"data":"Demon Form","floor":23,"key":"SMITH"}],"neow_cost":"NONE","seed_source_timestamp":6159763322806,"circlet_count":0,"master_deck":["Strike_R","Strike_R","Strike_R","Defend_R","Defend_R","Defend_R","Defend_R","Bash","Inflame","True Grit+1","Body Slam","Armaments+1","Limit Break+1","Flame Barrier","Shrug It Off","Iron Wave","Iron Wave","Demon Form+1","Panache","Flex","Berserk"],"relics":["Burning Blood","Potion Belt","Strawberry","Paper Frog","Mango","Cursed Key","Matryoshka"],"potions_floor_usage":[7,14,25,25],"damage_taken":[{"damage":0,"enemies":"Small Slimes","floor":1,"turns":3},{"damage":6,"enemies":"2 Louse","floor":2,"turns":3},{"damage":6,"enemies":"Cultist","floor":3,"turns":3},{"damage":13,"enemies":"2 Fungi Beasts","floor":4,"turns":5},{"damage":22,"enemies":"3 Sentries","floor":7,"turns":10},{"damage":14,"enemies":"Gremlin Gang","floor":10,"turns":6},{"damage":9,"enemies":"Exordium Thugs","floor":11,"turns":5},{"damage":5,"enemies":"Exordium Wildlife","floor":12,"turns":5},{"damage":20,"enemies":"Gremlin Nob","floor":14,"turns":4},{"damage":50,"enemies":"Hexaghost","floor":16,"turns":11},{"damage":23,"enemies":"Spheric Guardian","floor":18,"turns":5},{"damage":8,"enemies":"Shell Parasite","floor":21,"turns":7},{"damage":24,"enemies":"Chosen and Byrds","floor":24,"turns":10},{"damage":72,"enemies":"Gremlin Leader","floor":25,"turns":3}],"seed_played":"-4549069399870138543","potions_obtained":[{"floor":2,"key":"Fire Potion"},{"floor":3,"key":"Weak Potion"},{"floor":10,"key":"EssenceOfSteel"},{"floor":11,"key":"AttackPotion"},{"floor":12,"key":"Block Potion"},{"floor":24,"key":"EssenceOfSteel"}],"is_trial":false,"path_per_floor":["M","M","M","M","$","R","E","R","T","M","M","M","R","?","R","B",null,"M","?","$","M","?","R","M"],"character_chosen":"IRONCLAD","items_purchased":["Armaments","Panache"],"campfire_rested":1,"item_purchase_floors":[5,20],"current_hp_per_floor":[80,80,80,73,73,73,64,64,64,56,53,54,54,54,84,40,101,84,84,84,82,82,82,64,0],"gold":32,"neow_bonus":"RANDOM_COMMON_RELIC","is_prod":false,"is_daily":false,"chose_seed":false,"campfire_upgraded":4,"win_rate":0,"timestamp":1540230437,"path_taken":["M","M","M","M","$","R","E","R","T","M","M","M","R","?","R","BOSS","M","?","$","M","?","R","M","E"],"build_version":"2018-10-18","purchased_purges":1,"victory":false,"max_hp_per_floor":[80,80,80,80,80,80,87,87,87,87,87,87,87,101,101,101,101,101,101,101,101,101,101,101,101],"card_choices":[{"not_picked":["Cleave","Dropkick"],"picked":"Inflame","floor":1},{"not_picked":["Heavy Blade","Thunderclap","Dropkick"],"picked":"SKIP","floor":2},{"not_picked":["Body Slam","Warcry"],"picked":"True Grit","floor":3},{"not_picked":["Twin Strike","Dropkick"],"picked":"Body Slam","floor":4},{"not_picked":["True Grit","Double Tap"],"picked":"Limit Break","floor":7},{"not_picked":["True Grit","Body Slam"],"picked":"Flame Barrier","floor":10},{"not_picked":["Thunderclap","Seeing Red"],"picked":"Shrug It Off","floor":11},{"not_picked":["Perfected Strike","Sword Boomerang"],"picked":"Iron Wave","floor":12},{"not_picked":["Twin Strike","Carnage"],"picked":"Iron Wave","floor":14},{"not_picked":["Brutality","Feed"],"picked":"Demon Form","floor":16},{"not_picked":["Spot Weakness","Havoc+1","Thunderclap"],"picked":"SKIP","floor":18},{"not_picked":["Anger","Sever Soul"],"picked":"Flex","floor":21},{"not_picked":["Burning Pact","Pommel Strike"],"picked":"Berserk","floor":24}],"player_experience":88733,"relics_obtained":[{"floor":7,"key":"Strawberry"},{"floor":9,"key":"Paper Frog"},{"floor":14,"key":"Mango"}],"event_choices":[{"damage_healed":0,"gold_gain":30,"player_choice":"Searched \u00272\u0027 times","damage_taken":0,"max_hp_gain":0,"max_hp_loss":0,"event_name":"Dead Adventurer","floor":14,"gold_loss":0},{"cards_removed":["Strike_R"],"damage_healed":0,"gold_gain":0,"player_choice":"Gave Gold","damage_taken":0,"max_hp_gain":0,"max_hp_loss":0,"event_name":"Beggar","floor":19,"gold_loss":75},{"damage_healed":0,"gold_gain":0,"player_choice":"Gave Potion","damage_taken":0,"relics_obtained":["Matryoshka"],"max_hp_gain":0,"max_hp_loss":0,"event_name":"WeMeetAgain","floor":22,"gold_loss":0}],"is_beta":false,"boss_relics":[{"not_picked":["Busted Crown","Empty Cage"],"picked":"Cursed Key"}],"items_purged_floors":[5],"is_endless":false,"potions_floor_spawned":[2,3,10,11,12,24],"killed_by":"Gremlin Leader","ascension_level":0}