{"gold_per_floor":[119,138,153,153,153,153,188,188,236,236],"floor_reached":10,"playtime":422,"items_purged":[],"score":76,"play_id":"52578b90-758e-444b-a3b7-18cd75d44ddb","local_time":"20190112181807","is_ascension_mode":true,"campfire_choices":[{"data":"Warcry","floor":6,"key":"SMITH"},{"data":"Fire Breathing","floor":8,"key":"SMITH"}],"neow_cost":"TEN_PERCENT_HP_LOSS","seed_source_timestamp":79653134789264,"circlet_count":0,"master_deck":["Strike_R","Strike_R","Strike_R","Defend_R","Defend_R","Defend_R","Defend_R","Bash+1","Thunderclap","Warcry+1","Twin Strike","Fire Breathing+1"],"relics":["Burning Blood","Golden Idol","Omamori","Oddly Smooth Stone"],"potions_floor_usage":[],"damage_taken":[{"damage":3,"enemies":"2 Louse","floor":1,"turns":3},{"damage":6,"enemies":"Cultist","floor":2,"turns":3},{"damage":7,"enemies":"Jaw Worm","floor":3,"turns":3},{"damage":45,"enemies":"3 Sentries","floor":7,"turns":9},{"damage":16,"enemies":"Gremlin Gang","floor":10,"turns":3}],"seed_played":"-4848083741104677403","potions_obtained":[{"floor":2,"key":"Dexterity Potion"},{"floor":3,"key":"Ancient Potion"}],"is_trial":false,"path_per_floor":["M","M","M","?","?","R","E","R","T","M"],"character_chosen":"IRONCLAD","items_purchased":[],"campfire_rested":0,"item_purchase_floors":[],"current_hp_per_floor":[72,72,71,53,53,53,14,14,14,0],"gold":236,"neow_bonus":"REMOVE_TWO","is_prod":false,"is_daily":false,"chose_seed":false,"campfire_upgraded":2,"win_rate":0,"timestamp":1547288287,"path_taken":["M","M","M","?","?","R","E","R","T","?"],"build_version":"2019-01-10","purchased_purges":0,"victory":false,"max_hp_per_floor":[72,72,72,72,72,72,72,72,72,72],"card_choices":[{"not_picked":["True Grit","Seeing Red"],"picked":"Thunderclap","floor":1},{"not_picked":["Twin Strike","Clothesline"],"picked":"Warcry","floor":2},{"not_picked":["Flame Barrier","Anger"],"picked":"Twin Strike","floor":3},{"not_picked":["Blood for Blood","Perfected Strike"],"picked":"Fire Breathing","floor":7}],"player_experience":134027,"relics_obtained":[{"floor":7,"key":"Omamori"},{"floor":9,"key":"Oddly Smooth Stone"}],"event_choices":[{"damage_healed":0,"gold_gain":0,"player_choice":"Take Damage","damage_taken":18,"relics_obtained":["Golden Idol"],"max_hp_gain":0,"max_hp_loss":0,"event_name":"Golden Idol","floor":4,"gold_loss":0},{"damage_healed":0,"gold_gain":0,"player_choice":"Forge","damage_taken":0,"max_hp_gain":0,"max_hp_loss":0,"event_name":"Accursed Blacksmith","floor":5,"gold_loss":0,"cards_upgraded":["Bash"]}],"is_beta":false,"boss_relics":[],"items_purged_floors":[],"is_endless":false,"potions_floor_spawned":[2,3],"killed_by":"Gremlin Gang","ascension_level":3}