{"gold_per_floor":[114,0,0,0,0,0,29,45,68,97,116,116,130,16,16,112,112,52,52,65,78,78,78,97,109,109,137,137,82,82,82,82,184,184,196,20,35,51,151,177,177,226,226,243,243,243,257,275,275,275],"floor_reached":51,"playtime":4639,"items_purged":["Regret","Pain"],"score":728,"play_id":"9ca47851-d56c-4280-b620-a51b3000b777","local_time":"20181214224505","is_ascension_mode":false,"campfire_choices":[{"data":"Well Laid Plans","floor":6.0,"key":"SMITH"},{"floor":12.0,"key":"REST"},{"data":"Footwork","floor":15.0,"key":"SMITH"},{"data":"Venomology","floor":23.0,"key":"SMITH"},{"data":"Noxious Fumes","floor":28.0,"key":"SMITH"},{"data":"Tools of the Trade","floor":30.0,"key":"SMITH"},{"floor":32.0,"key":"REST"},{"floor":41.0,"key":"REST"},{"floor":46.0,"key":"REST"},{"data":"Footwork","floor":49.0,"key":"SMITH"}],"neow_cost":"CURSE","seed_source_timestamp":11992590268589,"circlet_count":0,"master_deck":["Survivor","Neutralize+1","Backstab","Well Laid Plans+1","Footwork+1","Backflip","Distraction","Tools of the Trade+1","Bandage Up","PiercingWail","Venomology+1","Deadly Poison+1","Terror","Deflect+1","Noxious Fumes+1","Escape Plan+1","A Thousand Cuts","Infinite Blades","Die Die Die","Phantasmal Killer","Outmaneuver","Quick Slash","Crippling Poison","Noxious Fumes","Poisoned Stab","Dodge and Roll+1","Footwork+1","Dash","Catalyst","Heel Hook+1"],"special_seed":0,"relics":["Ring of the Snake","Ice Cream","Thread and Needle","Potion Belt","Whetstone","Velvet Choker","WarpedTongs","Happy Flower","Pocketwatch","Tiny Chest","Nilry\u0027s Codex","Pandora\u0027s Box","Torii","Pen Nib","Tough Bandages","Pear"],"potions_floor_usage":[50,50],"damage_taken":[{"damage":2.0,"enemies":"Jaw Worm","floor":1.0,"turns":6.0},{"damage":31.0,"enemies":"3 Sentries","floor":7.0,"turns":17.0},{"damage":0.0,"enemies":"2 Louse","floor":8.0,"turns":3.0},{"damage":12.0,"enemies":"Gremlin Nob","floor":10.0,"turns":5.0},{"damage":0.0,"enemies":"Small Slimes","floor":11.0,"turns":3.0},{"damage":0.0,"enemies":"Gremlin Gang","floor":13.0,"turns":5.0},{"damage":2.0,"enemies":"The Guardian","floor":16.0,"turns":20.0},{"damage":9.0,"enemies":"2 Thieves","floor":18.0,"turns":4.0},{"damage":2.0,"enemies":"Chosen","floor":20.0,"turns":5.0},{"damage":9.0,"enemies":"3 Cultists","floor":21.0,"turns":8.0},{"damage":0.0,"enemies":"Centurion and Healer","floor":24.0,"turns":7.0},{"damage":0.0,"enemies":"Snake Plant","floor":25.0,"turns":4.0},{"damage":0.0,"enemies":"Book of Stabbing","floor":27.0,"turns":5.0},{"damage":4.0,"enemies":"Automaton","floor":33.0,"turns":9.0},{"damage":6.0,"enemies":"Orb Walker","floor":35.0,"turns":4.0},{"damage":0.0,"enemies":"3 Shapes","floor":37.0,"turns":3.0},{"damage":22.0,"enemies":"Spire Growth","floor":38.0,"turns":6.0},{"damage":14.0,"enemies":"Mind Bloom Boss Battle","floor":39.0,"turns":6.0},{"damage":21.0,"enemies":"Nemesis","floor":40.0,"turns":7.0},{"damage":12.0,"enemies":"2 Orb Walkers","floor":42.0,"turns":6.0},{"damage":1.0,"enemies":"Maw","floor":44.0,"turns":6.0},{"damage":1.0,"enemies":"Transient","floor":47.0,"turns":5.0},{"damage":0.0,"enemies":"3 Darklings","floor":48.0,"turns":3.0},{"damage":58,"enemies":"Awakened One","floor":50,"turns":12}],"seed_played":"-1597617149385589511","potions_obtained":[{"floor":1.0,"key":"Strength Potion"},{"floor":7.0,"key":"SpeedPotion"},{"floor":10.0,"key":"Explosive Potion"},{"floor":11.0,"key":"GhostInAJar"},{"floor":24.0,"key":"Explosive Potion"},{"floor":35.0,"key":"Energy Potion"},{"floor":40.0,"key":"GhostInAJar"},{"floor":42.0,"key":"Dexterity Potion"},{"floor":47.0,"key":"Energy Potion"}],"is_trial":false,"path_per_floor":["M","$","?","?","?","R","E","M","T","E","M","R","M","$","R","B",null,"M","?","M","M","?","R","M","M","T","E","R","?","R","?","R","B",null,"M","$","M","M","?","E","R","?","T","M","?","R","M","M","R","B",null],"character_chosen":"THE_SILENT","items_purchased":["Well Laid Plans","Bandage Up","PiercingWail","Footwork"],"campfire_rested":4,"item_purchase_floors":[2,14,14,36],"current_hp_per_floor":[68,68,68,73,73,73,42,42,42,30,30,52,52,52,52,54,75,70,70,72,66,66,66,70,74,74,74,74,74,74,58,75,75,75,73,73,73,57,47,30,52,44,54,57,57,81,80,81,81,27],"gold":275,"neow_bonus":"ONE_RARE_RELIC","is_prod":false,"is_daily":false,"chose_seed":false,"campfire_upgraded":6,"win_rate":0,"timestamp":1544816705,"path_taken":["M","$","?","?","?","R","E","M","T","E","M","R","M","?","R","BOSS","M","?","M","?","?","R","M","M","T","E","R","?","R","?","R","BOSS","M","$","M","M","?","E","R","?","T","M","?","R","M","M","R","BOSS"],"build_version":"2018-12-13","purchased_purges":2,"victory":true,"max_hp_per_floor":[70,70,70,75,75,75,75,75,75,75,75,75,75,75,75,75,75,75,75,75,75,75,75,75,75,75,75,75,75,75,75,75,75,75,75,75,75,75,75,75,75,75,85,85,81,81,81,81,81,81],"card_choices":[{"not_picked":["Dagger Spray","Quick Slash"],"picked":"Backstab","floor":1.0},{"not_picked":["Prepared","Sucker Punch"],"picked":"Footwork","floor":7.0},{"not_picked":["Prepared","Dagger Throw"],"picked":"Backflip","floor":8.0},{"not_picked":["Choke","Reflex","Quick Slash"],"picked":"SKIP","floor":10.0},{"not_picked":["Setup","Dagger Throw"],"picked":"Distraction","floor":11.0},{"not_picked":["Finisher","Riddle With Holes"],"picked":"Tools of the Trade","floor":13.0},{"not_picked":["Phantasmal Killer","Doppelganger"],"picked":"Venomology","floor":16.0},{"not_picked":["Acrobatics+1","Bane"],"picked":"Deadly Poison+1","floor":18.0},{"not_picked":["Dash","Riddle With Holes"],"picked":"Terror","floor":20.0},{"not_picked":["Accuracy","Slice","Finisher"],"picked":"SKIP","floor":21.0},{"not_picked":["Sucker Punch+1","Backflip"],"picked":"Deflect+1","floor":24.0},{"not_picked":["Backflip","Skewer+1"],"picked":"Noxious Fumes","floor":25.0},{"not_picked":["Underhanded Strike","Skewer"],"picked":"Escape Plan+1","floor":27.0},{"not_picked":["Flying Knee","Eviscerate+1"],"picked":"Dodge and Roll+1","floor":35.0},{"not_picked":["Dodge and Roll","Dagger Spray+1"],"picked":"Dash","floor":37.0},{"not_picked":["Calculated Gamble","Deflect"],"picked":"Catalyst","floor":38.0},{"not_picked":["Deflect","Quick Slash","Backstab+1"],"picked":"SKIP","floor":40.0},{"not_picked":["Bane","Cloak And Dagger"],"picked":"Heel Hook+1","floor":42.0},{"not_picked":["Deadly Poison+1","Poisoned Stab","Quick Slash+1"],"picked":"SKIP","floor":44.0},{"not_picked":["Distraction+1","Quick Slash+1","Phantasmal Killer"],"picked":"SKIP","floor":47.0},{"not_picked":["PiercingWail+1","Flying Knee+1","Infinite Blades"],"picked":"SKIP","floor":48.0}],"player_experience":308221,"relics_obtained":[{"floor":7.0,"key":"Thread and Needle"},{"floor":9.0,"key":"Potion Belt"},{"floor":10.0,"key":"Whetstone"},{"floor":26.0,"key":"Happy Flower"},{"floor":27.0,"key":"Pocketwatch"},{"floor":31.0,"key":"Nilry\u0027s Codex"},{"floor":39.0,"key":"Torii"},{"floor":40.0,"key":"Pen Nib"},{"floor":42.0,"key":"Tough Bandages"},{"floor":43.0,"key":"Pear"}],"event_choices":[{"damage_healed":0.0,"max_hp_gain":0.0,"max_hp_loss":0.0,"gold_gain":0.0,"event_name":"The Cleric","player_choice":"Leave","floor":3.0,"gold_loss":0.0,"damage_taken":0.0},{"damage_healed":0.0,"max_hp_gain":5.0,"max_hp_loss":0.0,"gold_gain":0.0,"event_name":"Big Fish","player_choice":"Donut","floor":4.0,"gold_loss":0.0,"damage_taken":0.0},{"cards_removed":["Strike_G"],"damage_healed":0.0,"max_hp_gain":0.0,"max_hp_loss":0.0,"gold_gain":0.0,"event_name":"Living Wall","player_choice":"Forget","floor":5.0,"gold_loss":0.0,"damage_taken":0.0},{"damage_healed":0.0,"max_hp_gain":0.0,"max_hp_loss":0.0,"gold_gain":0.0,"event_name":"Accursed Blacksmith","player_choice":"Rummage","floor":19.0,"gold_loss":0.0,"damage_taken":0.0,"relics_obtained":["WarpedTongs"],"cards_obtained":["Pain"]},{"damage_healed":0.0,"max_hp_gain":0.0,"max_hp_loss":0.0,"gold_gain":0.0,"event_name":"Ghosts","player_choice":"Ignored","floor":22.0,"gold_loss":0.0,"damage_taken":0.0},{"damage_healed":0.0,"max_hp_gain":0.0,"max_hp_loss":0.0,"gold_gain":0.0,"event_name":"Addict","player_choice":"Obtained Relic","floor":29.0,"gold_loss":85.0,"damage_taken":0.0,"relics_obtained":["Tiny Chest"]},{"damage_healed":0.0,"max_hp_gain":0.0,"max_hp_loss":0.0,"gold_gain":0.0,"event_name":"Cursed Tome","player_choice":"Obtained Book","floor":31.0,"gold_loss":0.0,"damage_taken":16.0},{"damage_healed":0.0,"max_hp_gain":0.0,"max_hp_loss":0.0,"gold_gain":0.0,"event_name":"MindBloom","player_choice":"Fight","floor":39.0,"gold_loss":0.0,"damage_taken":0.0},{"damage_healed":0.0,"max_hp_gain":0.0,"max_hp_loss":0.0,"gold_gain":0.0,"event_name":"Mysterious Sphere","player_choice":"Fight","floor":42.0,"gold_loss":0.0,"damage_taken":0.0},{"damage_healed":0.0,"max_hp_gain":0.0,"max_hp_loss":4.0,"gold_gain":0.0,"event_name":"Winding Halls","player_choice":"Max HP","floor":45.0,"gold_loss":0.0,"damage_taken":0.0}],"is_beta":false,"boss_relics":[{"not_picked":["Fusion Hammer","Orrery"],"picked":"Velvet Choker"},{"not_picked":["Astrolabe","Ring of the Serpent"],"picked":"Pandora\u0027s Box"}],"items_purged_floors":[2,36],"is_endless":false,"potions_floor_spawned":[1,7,10,11,24,25,35,40,42,47],"ascension_level":0}