{"gold_per_floor":[119,130,155,169,186,186,186,219,219,219,251,96,125,139,139,213,213,225,225,140,140,140,140,153,178,258,258,258,221,235,255,255,327,327,338,354,19,38,56,56,56,74,99,99,112,130,130,184,184,184],"floor_reached":51,"playtime":2667,"items_purged":[],"score":1134,"play_id":"d0ef5238-ebe5-411f-a1d8-4bdb2c081151","local_time":"20190501161204","is_ascension_mode":true,"campfire_choices":[{"data":"Crippling Poison","floor":6.0,"key":"SMITH"},{"floor":10.0,"key":"REST"},{"data":"Corpse Explosion","floor":15.0,"key":"SMITH"},{"data":"Noxious Fumes","floor":23.0,"key":"SMITH"},{"data":"Madness","floor":28.0,"key":"SMITH"},{"floor":32.0,"key":"REST"},{"floor":40,"key":"DIG"},{"floor":44,"key":"DIG"},{"floor":47,"key":"REST"},{"floor":49,"key":"REST"}],"neow_cost":"NONE","seed_source_timestamp":0,"circlet_count":0,"master_deck":["AscendersBane","Defend_G","Defend_G","Defend_G","Defend_G","Defend_G","Strike_G","Strike_G","Strike_G","Strike_G","Strike_G","Survivor","Neutralize","Prepared","Cloak And Dagger","Crippling Poison+1","Corpse Explosion+1","Cloak And Dagger","PiercingWail","Doppelganger","Noxious Fumes+1","RitualDagger+1","Neutralize+1","Madness+1","Footwork","Backstab+1","Burst","Predator+1","PiercingWail+1","Backflip","Parasite","Backstab+1"],"special_seed":0,"relics":["Ring of the Snake","Regal Pillow","Mercury Hourglass","Molten Egg 2","Potion Belt","Juzu Bracelet","Pen Nib","Velvet Choker","MutagenicStrength","Sundial","Red Mask","Pear","Lizard Tail","Shovel","PreservedInsect","Paper Crane","Anchor","Omamori","FossilizedHelix"],"potions_floor_usage":[39,42,50],"damage_taken":[{"damage":0.0,"enemies":"Cultist","floor":1.0,"turns":6.0},{"damage":0.0,"enemies":"Small Slimes","floor":2.0,"turns":4.0},{"damage":6.0,"enemies":"2 Louse","floor":4.0,"turns":3.0},{"damage":3.0,"enemies":"Looter","floor":5.0,"turns":5.0},{"damage":42.0,"enemies":"Lagavulin","floor":8.0,"turns":9.0},{"damage":1.0,"enemies":"3 Sentries","floor":11.0,"turns":3.0},{"damage":24.0,"enemies":"Lagavulin","floor":13.0,"turns":6.0},{"damage":0.0,"enemies":"Blue Slaver","floor":14.0,"turns":3.0},{"damage":27.0,"enemies":"Slime Boss","floor":16.0,"turns":9.0},{"damage":4.0,"enemies":"Shell Parasite","floor":18.0,"turns":8.0},{"damage":0.0,"enemies":"3 Byrds","floor":24.0,"turns":3.0},{"damage":0.0,"enemies":"Masked Bandits","floor":25.0,"turns":2.0},{"damage":3.0,"enemies":"Centurion and Healer","floor":30.0,"turns":4.0},{"damage":27.0,"enemies":"Snecko","floor":31.0,"turns":6.0},{"damage":37.0,"enemies":"Automaton","floor":33.0,"turns":12.0},{"damage":0.0,"enemies":"3 Darklings","floor":35.0,"turns":1.0},{"damage":0.0,"enemies":"3 Shapes","floor":36.0,"turns":3.0},{"damage":0,"enemies":"3 Darklings","floor":38,"turns":1},{"damage":15,"enemies":"Writhing Mass","floor":39,"turns":8},{"damage":13,"enemies":"Sphere and 2 Shapes","floor":42,"turns":6},{"damage":86,"enemies":"Transient","floor":45,"turns":5},{"damage":0,"enemies":"4 Shapes","floor":46,"turns":4},{"damage":29,"enemies":"2 Orb Walkers","floor":48,"turns":4},{"damage":58,"enemies":"Donu and Deca","floor":50,"turns":7}],"seed_played":"-4671290300959910138","potions_obtained":[{"floor":0.0,"key":"GhostInAJar"},{"floor":0.0,"key":"Strength Potion"},{"floor":8.0,"key":"EssenceOfSteel"},{"floor":16.0,"key":"SkillPotion"},{"floor":18.0,"key":"LiquidBronze"},{"floor":24.0,"key":"SteroidPotion"},{"floor":30.0,"key":"PowerPotion"},{"floor":35.0,"key":"GamblersBrew"},{"floor":36,"key":"Block Potion"},{"floor":48,"key":"Weak Potion"}],"is_trial":false,"path_per_floor":["M","M","T","M","M","R","?","E","T","R","E","$","E","M","R","B",null,"M","?","?","?","$","R","M","?","T","?","R","$","M","M","R","B",null,"M","M","$","M","M","R","?","M","T","R","M","M","R","?","R","B",null],"character_chosen":"THE_SILENT","items_purchased":["Juzu Bracelet","Footwork","Shovel","Backflip"],"campfire_rested":4,"item_purchase_floors":[12,29,37,37],"current_hp_per_floor":[63,63,63,57,54,54,59,17,17,54,53,53,29,29,29,2,57,53,53,53,47,47,47,47,47,57,57,57,57,54,27,67,30,71,71,71,71,71,56,56,56,43,43,43,15,15,55,26,66,8],"gold":184,"neow_bonus":"THREE_SMALL_POTIONS","is_prod":false,"is_daily":false,"chose_seed":false,"campfire_upgraded":4,"win_rate":0,"timestamp":1556698324,"path_taken":["M","M","?","M","M","R","?","E","T","R","E","$","E","M","R","BOSS","M","?","?","?","$","R","M","?","T","?","R","$","M","M","R","BOSS","M","M","?","M","M","R","?","M","T","R","M","M","R","?","R","BOSS"],"build_version":"2019-01-23","purchased_purges":0,"victory":true,"max_hp_per_floor":[70,70,70,70,70,70,75,75,75,75,75,75,75,75,75,75,75,75,75,75,75,75,75,75,75,85,85,85,85,85,85,85,85,85,85,85,85,85,85,85,85,85,85,85,85,85,85,85,85,85],"card_choices":[{"not_picked":["Sucker Punch","Concentrate"],"picked":"Prepared","floor":1.0},{"not_picked":["Flying Knee","Underhanded Strike","Deflect"],"picked":"SKIP","floor":2.0},{"not_picked":["Blade Dance","Predator"],"picked":"Cloak And Dagger","floor":4.0},{"not_picked":["Cloak And Dagger","Backflip"],"picked":"Crippling Poison","floor":5.0},{"not_picked":["Poisoned Stab","Cloak And Dagger"],"picked":"Corpse Explosion","floor":8.0},{"not_picked":["Concentrate","Terror"],"picked":"Cloak And Dagger","floor":11.0},{"not_picked":["Quick Slash+1","Deadly Poison","Finisher+1"],"picked":"SKIP","floor":13.0},{"not_picked":["Dagger Throw+1","Distraction"],"picked":"PiercingWail","floor":14.0},{"not_picked":["Phantasmal Killer","Wraith Form v2"],"picked":"Doppelganger","floor":16.0},{"not_picked":["Prepared+1","Dagger Throw+1"],"picked":"Noxious Fumes","floor":18.0},{"not_picked":["Underhanded Strike+1","Slice+1","Dagger Throw+1"],"picked":"SKIP","floor":24.0},{"not_picked":["Underhanded Strike+1","Riddle With Holes+1","Distraction"],"picked":"SKIP","floor":30.0},{"not_picked":["Poisoned Stab+1","Backflip"],"picked":"Backstab+1","floor":31.0},{"not_picked":["Bullet Time","Doppelganger"],"picked":"Burst","floor":33.0},{"not_picked":["Backflip","Riddle With Holes+1"],"picked":"Predator+1","floor":35.0},{"not_picked":["Deflect","Flying Knee+1"],"picked":"PiercingWail+1","floor":36},{"not_picked":["Poisoned Stab+1","Acrobatics","Quick Slash+1"],"picked":"SKIP","floor":38},{"not_picked":["Backflip","Distraction","Underhanded Strike+1"],"picked":"SKIP","floor":39},{"not_picked":["Backflip","Infinite Blades","Blade Dance+1"],"picked":"SKIP","floor":42},{"not_picked":["Dagger Throw+1","Eviscerate+1","Deflect"],"picked":"SKIP","floor":45},{"not_picked":["Blade Dance+1","Flying Knee+1","Dagger Spray+1"],"picked":"SKIP","floor":46},{"not_picked":["Reflex","Riddle With Holes+1"],"picked":"Backstab+1","floor":48}],"player_experience":459202,"relics_obtained":[{"floor":3.0,"key":"Regal Pillow"},{"floor":8.0,"key":"Mercury Hourglass"},{"floor":9.0,"key":"Molten Egg 2"},{"floor":11.0,"key":"Potion Belt"},{"floor":13.0,"key":"Pen Nib"},{"floor":25.0,"key":"Red Mask"},{"floor":26.0,"key":"Pear"},{"floor":40,"key":"PreservedInsect"},{"floor":43,"key":"Anchor"},{"floor":44,"key":"Omamori"},{"floor":48,"key":"FossilizedHelix"}],"event_choices":[{"damage_healed":0.0,"max_hp_gain":5.0,"max_hp_loss":0.0,"gold_gain":0.0,"event_name":"Big Fish","player_choice":"Donut","floor":7.0,"gold_loss":0.0,"damage_taken":0.0},{"damage_healed":0.0,"max_hp_gain":0.0,"max_hp_loss":0.0,"gold_gain":0.0,"event_name":"Drug Dealer","player_choice":"Inject Mutagens","floor":19.0,"gold_loss":0.0,"damage_taken":0.0,"relics_obtained":["MutagenicStrength"]},{"damage_healed":0.0,"max_hp_gain":0.0,"max_hp_loss":0.0,"gold_gain":0.0,"event_name":"Addict","player_choice":"Obtained Relic","floor":20.0,"gold_loss":85.0,"damage_taken":0.0,"relics_obtained":["Sundial"]},{"damage_healed":0.0,"max_hp_gain":0.0,"max_hp_loss":0.0,"gold_gain":0.0,"event_name":"Nest","player_choice":"Joined the Cult","floor":21.0,"gold_loss":0.0,"damage_taken":6.0,"cards_obtained":["RitualDagger"]},{"damage_healed":0.0,"max_hp_gain":0.0,"max_hp_loss":0.0,"gold_gain":0.0,"event_name":"Masked Bandits","player_choice":"Fought Bandits","floor":25.0,"gold_loss":0.0,"damage_taken":0.0},{"damage_healed":0.0,"max_hp_gain":0.0,"max_hp_loss":0.0,"gold_gain":0.0,"event_name":"Match and Keep!","player_choice":"2 cards matched","floor":27.0,"gold_loss":0.0,"damage_taken":0.0,"cards_obtained":["Neutralize","Madness"]},{"damage_healed":0,"gold_gain":0,"player_choice":"Gave Potion","damage_taken":0,"relics_obtained":["Paper Crane"],"max_hp_gain":0,"max_hp_loss":0,"event_name":"WeMeetAgain","floor":41,"gold_loss":0},{"damage_healed":0,"gold_gain":0,"player_choice":"Fight","damage_taken":0,"max_hp_gain":0,"max_hp_loss":0,"event_name":"Mysterious Sphere","floor":48,"gold_loss":0}],"is_beta":false,"boss_relics":[{"not_picked":["Orrery","Coffee Dripper"],"picked":"Velvet Choker"},{"not_picked":["HoveringKite","Busted Crown"],"picked":"Lizard Tail"}],"items_purged_floors":[],"is_endless":false,"potions_floor_spawned":[4,8,16,18,24,30,35,36,48],"ascension_level":13}