{"gold_per_floor":[209,209,221,236,86,118,118,145,145,164,183,218,218,244,244,343,343,353,113,63,78,91,123,140,158,213,213,247,247,275,285,285,387,387,397,445,445,455,469,469,469,72,72,105,116,116,134,146,146,146,146,146,1,27,27],"floor_reached":55,"playtime":2074,"items_purged":[],"score":980,"play_id":"dc165f47-3c9f-4064-9e7c-973d7adac86b","local_time":"20190415042651","is_ascension_mode":true,"campfire_choices":[{"data":"Warcry","floor":7,"key":"SMITH"},{"data":"Bash","floor":13,"key":"SMITH"},{"data":"Warcry","floor":15,"key":"SMITH"},{"data":"Berserk","floor":27,"key":"SMITH"},{"data":"Rage","floor":29,"key":"SMITH"},{"data":"Fire Breathing","floor":32,"key":"SMITH"},{"floor":40,"key":"RECALL"},{"floor":49,"key":"REST"},{"data":"Metallicize","floor":52,"key":"SMITH"}],"neow_cost":"NONE","seed_source_timestamp":320583622031944,"circlet_count":0,"master_deck":["Bash+1","Headbutt","Clash+1","Warcry+1","Iron Wave+1","Dropkick+1","Warcry+1","Rage+1","Pommel Strike+1","Thunderclap+1","Berserk+1","Dual Wield+1","Twin Strike+1","Clash+1","Body Slam+1","Metallicize","Immolate+1","Spot Weakness+1","Rampage+1","Thunderclap+1","Spot Weakness+1","Shrug It Off+1","Metallicize+1","Thunderclap+1","Heavy Blade+1","Dropkick+1","Cleave+1","Offering+1","Seeing Red+1","Bludgeon+1","Uppercut+1","Clothesline+1","Armaments+1","Inflame+1","Body Slam+1","Clothesline+1","Carnage+1"],"relics":["Burning Blood","Molten Egg 2","Ancient Tea Set","Bottled Lightning","Bag of Marbles","Matryoshka","Boot","Toxic Egg 2","Pandora\u0027s Box","Paper Frog","Gremlin Horn","Tiny Chest","Art of War","Dream Catcher","Orichalcum","Mark of Pain","Centennial Puzzle","PreservedInsect","Letter Opener","Oddly Smooth Stone","War Paint","Meat on the Bone","Bronze Scales","Pantograph"],"potions_floor_usage":[14,14,35,45,48,54,55],"damage_taken":[{"damage":4,"enemies":"2 Louse","floor":1,"turns":3},{"damage":1,"enemies":"Cultist","floor":3,"turns":4},{"damage":7,"enemies":"Jaw Worm","floor":4,"turns":3},{"damage":21,"enemies":"Gremlin Nob","floor":6,"turns":4},{"damage":30,"enemies":"Lagavulin","floor":8,"turns":6},{"damage":0,"enemies":"3 Louse","floor":10,"turns":3},{"damage":0,"enemies":"Large Slime","floor":11,"turns":4},{"damage":32,"enemies":"Gremlin Nob","floor":12,"turns":4},{"damage":20,"enemies":"3 Sentries","floor":14,"turns":7},{"damage":7,"enemies":"Slime Boss","floor":16,"turns":7},{"damage":0,"enemies":"2 Thieves","floor":18,"turns":1},{"damage":0,"enemies":"Spheric Guardian","floor":21,"turns":2},{"damage":0,"enemies":"Snake Plant","floor":22,"turns":2},{"damage":14,"enemies":"Book of Stabbing","floor":23,"turns":2},{"damage":0,"enemies":"Chosen and Byrds","floor":24,"turns":1},{"damage":0,"enemies":"3 Cultists","floor":25,"turns":2},{"damage":10,"enemies":"Slavers","floor":28,"turns":2},{"damage":39,"enemies":"Book of Stabbing","floor":30,"turns":4},{"damage":4,"enemies":"Snake Plant","floor":31,"turns":2},{"damage":17,"enemies":"Automaton","floor":33,"turns":5},{"damage":22,"enemies":"3 Darklings","floor":35,"turns":3},{"damage":0,"enemies":"Orb Walker","floor":38,"turns":1},{"damage":6,"enemies":"Transient","floor":39,"turns":5},{"damage":6,"enemies":"Nemesis","floor":44,"turns":2},{"damage":27,"enemies":"Maw","floor":45,"turns":4},{"damage":7,"enemies":"Sphere and 2 Shapes","floor":47,"turns":3},{"damage":13,"enemies":"3 Darklings","floor":48,"turns":2},{"damage":49,"enemies":"Donu and Deca","floor":50,"turns":6},{"damage":58,"enemies":"Shield and Spear","floor":54,"turns":3},{"damage":65,"enemies":"The Heart","floor":55,"turns":3}],"seed_played":"2276158335077931456","potions_obtained":[{"floor":1,"key":"GamblersBrew"},{"floor":6,"key":"GamblersBrew"},{"floor":11,"key":"Regen Potion"},{"floor":14,"key":"Swift Potion"},{"floor":18,"key":"SteroidPotion"},{"floor":23,"key":"BloodPotion"},{"floor":25,"key":"Regen Potion"},{"floor":38,"key":"SteroidPotion"},{"floor":44,"key":"BloodPotion"},{"floor":45,"key":"Dexterity Potion"},{"floor":47,"key":"BloodPotion"}],"is_trial":false,"path_per_floor":["M","?","M","M","$","E","R","E","T","M","M","E","R","E","R","B",null,"M","$","?","M","M","E","M","M","T","R","E","R","E","M","R","B",null,"M","T","?","M","M","R","T","$","T","E","M","?","M","M","R","B",null,"R","$","E","B"],"character_chosen":"IRONCLAD","items_purchased":["Ancient Tea Set","Paper Frog","Letter Opener","Oddly Smooth Stone","Bronze Scales"],"campfire_rested":1,"item_purchase_floors":[5,19,42,42,53],"current_hp_per_floor":[80,80,80,79,79,64,64,40,40,46,52,26,26,26,26,25,66,72,72,72,78,80,72,78,80,80,80,76,76,43,45,45,34,69,61,61,61,67,67,67,67,67,67,67,58,58,57,58,80,49,72,72,72,40,0],"gold":27,"neow_bonus":"HUNDRED_GOLD","is_prod":false,"is_daily":false,"chose_seed":false,"campfire_upgraded":7,"win_rate":0,"timestamp":1555273611,"path_taken":["M","?","M","M","$","E","R","E","T","M","?","E","R","E","R","BOSS","M","$","?","?","M","E","M","?","T","R","E","R","E","M","R","BOSS","M","?","?","M","?","R","?","$","T","E","M","?","M","M","R","BOSS","R","$","E","BOSS"],"build_version":"2019-01-23","purchased_purges":0,"victory":false,"max_hp_per_floor":[80,80,80,80,80,80,80,80,80,80,80,80,80,80,80,80,80,80,80,80,80,80,80,80,80,80,80,80,80,80,80,80,80,80,80,80,80,80,80,80,80,80,80,80,80,80,80,80,80,80,80,80,80,80,80],"card_choices":[{"not_picked":["Combust","Bloodletting"],"picked":"Headbutt","floor":1},{"not_picked":["Twin Strike+1","Ghostly Armor"],"picked":"Clash+1","floor":3},{"not_picked":["Intimidate","Infernal Blade"],"picked":"Warcry","floor":4},{"not_picked":["Havoc","Body Slam+1"],"picked":"Iron Wave+1","floor":6},{"not_picked":["Limit Break","Anger+1"],"picked":"Dropkick+1","floor":8},{"not_picked":["Perfected Strike+1","Entrench"],"picked":"Warcry","floor":10},{"not_picked":["True Grit","Twin Strike+1"],"picked":"Rage","floor":11},{"not_picked":["Pummel+1","Cleave+1"],"picked":"Pommel Strike+1","floor":12},{"not_picked":["Wild Strike+1","Brutality"],"picked":"Thunderclap+1","floor":14},{"not_picked":["Juggernaut","Dark Embrace"],"picked":"Berserk","floor":16},{"not_picked":["Battle Trance+1","Shrug It Off+1"],"picked":"Thunderclap+1","floor":18},{"not_picked":["Anger+1","Bloodletting+1"],"picked":"Spot Weakness+1","floor":21},{"not_picked":["Pommel Strike+1","Body Slam+1"],"picked":"Shrug It Off+1","floor":22},{"not_picked":["Shockwave+1","Headbutt+1"],"picked":"Metallicize","floor":23},{"not_picked":["Sever Soul+1","Metallicize"],"picked":"Thunderclap+1","floor":24},{"not_picked":["Pummel+1","Blood for Blood+1"],"picked":"Heavy Blade+1","floor":25},{"not_picked":["Headbutt+1","Sever Soul+1"],"picked":"Dropkick+1","floor":28},{"not_picked":["Clothesline+1","Exhume+1"],"picked":"Fire Breathing","floor":30},{"not_picked":["Anger+1","Pommel Strike+1"],"picked":"Cleave+1","floor":31},{"not_picked":["Fiend Fire+1","Exhume+1"],"picked":"Offering+1","floor":33},{"not_picked":["Blood for Blood+1","Sword Boomerang+1"],"picked":"Seeing Red+1","floor":35},{"not_picked":["Power Through+1","Rupture"],"picked":"Uppercut+1","floor":38},{"not_picked":["Fire Breathing","Sword Boomerang+1"],"picked":"Clothesline+1","floor":39},{"not_picked":["Entrench+1","Berserk"],"picked":"Armaments+1","floor":44},{"not_picked":["Perfected Strike+1","Headbutt+1"],"picked":"Inflame+1","floor":45},{"not_picked":["Fire Breathing","Shockwave+1"],"picked":"Body Slam+1","floor":47},{"not_picked":["Burning Pact+1","Corruption","Shrug It Off+1"],"picked":"SKIP","floor":48},{"not_picked":["Feel No Pain+1","Barricade"],"picked":"Clothesline+1","floor":49},{"not_picked":["Berserk","Evolve+1"],"picked":"Carnage+1","floor":54}],"player_experience":241851,"relics_obtained":[{"floor":6,"key":"Bottled Lightning"},{"floor":8,"key":"Bag of Marbles"},{"floor":9,"key":"Matryoshka"},{"floor":12,"key":"Boot"},{"floor":14,"key":"Toxic Egg 2"},{"floor":23,"key":"Gremlin Horn"},{"floor":26,"key":"Tiny Chest"},{"floor":26,"key":"Art of War"},{"floor":28,"key":"Dream Catcher"},{"floor":30,"key":"Orichalcum"},{"floor":36,"key":"Centennial Puzzle"},{"floor":41,"key":"PreservedInsect"},{"floor":43,"key":"War Paint"},{"floor":44,"key":"Meat on the Bone"},{"floor":54,"key":"Pantograph"}],"event_choices":[{"damage_healed":0,"gold_gain":0,"player_choice":"Gave Potion","damage_taken":0,"relics_obtained":["Molten Egg 2"],"max_hp_gain":0,"max_hp_loss":0,"event_name":"WeMeetAgain","floor":2,"gold_loss":0},{"damage_healed":0,"gold_gain":0,"player_choice":"Bet on Owner","damage_taken":0,"max_hp_gain":0,"max_hp_loss":0,"event_name":"The Joust","floor":20,"gold_loss":50},{"damage_healed":0,"gold_gain":0,"cards_transformed":["Fire Breathing"],"player_choice":"Transformed","damage_taken":0,"max_hp_gain":0,"max_hp_loss":0,"event_name":"Transmorgrifier","floor":37,"gold_loss":0,"cards_obtained":["Bludgeon"]},{"cards_removed":["Blood for Blood"],"damage_healed":0,"gold_gain":0,"player_choice":"Removed Attack","damage_taken":0,"max_hp_gain":0,"max_hp_loss":0,"event_name":"Falling","floor":46,"gold_loss":0}],"is_beta":false,"boss_relics":[{"not_picked":["Tiny House","Snecko Eye"],"picked":"Pandora\u0027s Box"},{"not_picked":["Runic Cube","White Beast Statue"],"picked":"Mark of Pain"}],"items_purged_floors":[],"is_endless":false,"potions_floor_spawned":[1,6,11,14,18,23,25,28,38,44,45,47],"killed_by":"The Heart","ascension_level":5}