{"gold_per_floor":[14,89,89,109,8,41,141,141,166,166,184,184,195,145,145,145],"floor_reached":16,"playtime":606,"items_purged":["Strike_B","Strike_B"],"score":98,"play_id":"91253a10-3416-41c6-88fa-68e0e94ada86","local_time":"20181125221917","is_ascension_mode":false,"campfire_choices":[{"floor":8,"key":"REST"},{"data":"Zap","floor":10,"key":"SMITH"},{"data":"Fusion","floor":15,"key":"SMITH"}],"neow_cost":"NO_GOLD","seed_source_timestamp":34366900793414,"circlet_count":0,"master_deck":["Defend_B","Defend_B","Defend_B","Defend_B","Zap+1","Dualcast","Scrape","Barrage","Leap","Fusion+1","Redo"],"relics":["Cracked Core","Mercury Hourglass","Smiling Mask","Bag of Marbles"],"potions_floor_usage":[6,16],"damage_taken":[{"damage":0,"enemies":"Small Slimes","floor":1,"turns":4},{"damage":1,"enemies":"Jaw Worm","floor":4,"turns":4},{"damage":31,"enemies":"Lagavulin","floor":6,"turns":6},{"damage":0,"enemies":"2 Louse","floor":11,"turns":1},{"damage":11,"enemies":"Gremlin Gang","floor":13,"turns":3},{"damage":58,"enemies":"Hexaghost","floor":16,"turns":12}],"seed_played":"-4243778495375924789","potions_obtained":[{"floor":4,"key":"FocusPotion"},{"floor":11,"key":"Swift Potion"}],"is_trial":false,"path_per_floor":["M","?","?","M","$","E","?","R","T","R","M","?","M","$","R","B"],"character_chosen":"DEFECT","items_purchased":["Leap"],"campfire_rested":1,"item_purchase_floors":[5],"current_hp_per_floor":[75,64,52,51,51,20,20,42,42,42,42,67,56,56,56,0],"gold":145,"neow_bonus":"REMOVE_TWO","is_prod":false,"is_daily":false,"chose_seed":false,"campfire_upgraded":2,"win_rate":0,"timestamp":1543173557,"path_taken":["M","?","?","M","?","E","?","R","T","R","?","?","M","$","R","BOSS"],"build_version":"2018-11-15","purchased_purges":2,"victory":false,"max_hp_per_floor":[75,75,75,75,75,75,75,75,75,75,75,75,75,75,75,75],"card_choices":[{"not_picked":["Conserve Battery","Go for the Eyes"],"picked":"Scrape","floor":1},{"not_picked":["Sweeping Beam","Stack"],"picked":"Barrage","floor":4},{"not_picked":["Melter","Coolheaded","Barrage"],"picked":"SKIP","floor":6},{"not_picked":["Turbo","FTL"],"picked":"Fusion","floor":11},{"not_picked":["Hologram","Chaos"],"picked":"Redo","floor":13}],"player_experience":229121,"relics_obtained":[{"floor":6,"key":"Smiling Mask"},{"floor":9,"key":"Bag of Marbles"}],"event_choices":[{"damage_healed":0,"gold_gain":75,"player_choice":"Gather Gold","damage_taken":11,"max_hp_gain":0,"max_hp_loss":0,"event_name":"World of Goop","floor":2,"gold_loss":0},{"damage_healed":0,"gold_gain":0,"player_choice":"Success","damage_taken":12,"relics_obtained":["Mercury Hourglass"],"max_hp_gain":0,"max_hp_loss":0,"event_name":"Scrap Ooze","floor":3,"gold_loss":0},{"damage_healed":0,"gold_gain":100,"player_choice":"Gold","damage_taken":0,"max_hp_gain":0,"max_hp_loss":0,"event_name":"Wheel of Change","floor":7,"gold_loss":0},{"damage_healed":25,"gold_gain":0,"player_choice":"Banana","damage_taken":0,"max_hp_gain":0,"max_hp_loss":0,"event_name":"Big Fish","floor":12,"gold_loss":0}],"is_beta":false,"boss_relics":[],"items_purged_floors":[5,14],"is_endless":false,"potions_floor_spawned":[4,11],"killed_by":"Hexaghost","ascension_level":0}