{"gold_per_floor":[115,129,139,139,153,178,197,212,212,242,242,267,286,299,299,403,403,403,328,21,21,21,21,21,21,21,21,21,21,21,21,21,21,21,21,21,21,21,21,21,21,21,21,21,21,21,21,21,21,21],"floor_reached":51,"playtime":2939,"items_purged":["Strike_R"],"score":900,"play_id":"709a6f27-889c-4599-802c-69fbd4bf46e6","local_time":"20190502001646","is_ascension_mode":false,"campfire_choices":[{"data":"Clothesline","floor":15,"key":"SMITH"},{"data":"Corruption","floor":23,"key":"SMITH"},{"data":"Shockwave","floor":29,"key":"SMITH"},{"data":"Disarm","floor":32,"key":"SMITH"},{"data":"Bash","floor":40,"key":"SMITH"},{"data":"Inflame","floor":42,"key":"SMITH"},{"data":"Spot Weakness","floor":49,"key":"SMITH"}],"neow_cost":"NONE","seed_source_timestamp":1688035248790400,"circlet_count":0,"master_deck":["Strike_R","Strike_R","Strike_R","Strike_R","Defend_R","Defend_R","Defend_R","Defend_R","Bash+1","Iron Wave","Clothesline+1","Shrug It Off","Headbutt","Spot Weakness+1","Spot Weakness","Inflame+1","Disarm+1","Cleave","Feed","Shockwave+1","Dual Wield+1","Inflame","Armaments+1","Corruption+1","Cleave+1","Inflame","Headbutt","Reaper+1","Shrug It Off+1","Shrug It Off","Ghostly Armor+1","Parasite","Shrug It Off+1","Pummel+1","Exhume","Iron Wave+1","Power Through+1","Warcry+1"],"relics":["Burning Blood","Orichalcum","Bag of Preparation","Bronze Scales","Blood Vial","Ectoplasm","Happy Flower","Ornamental Fan","Pear","Strawberry","Calipers","Molten Egg 2","Cursed Key","Unceasing Top","Red Skull","Bottled Lightning"],"potions_floor_usage":[4,6,10,16,19,24,27,31,41,50],"damage_taken":[{"damage":1,"enemies":"Jaw Worm","floor":1,"turns":3},{"damage":1,"enemies":"Cultist","floor":2,"turns":3},{"damage":0,"enemies":"2 Louse","floor":3,"turns":4},{"damage":10,"enemies":"Exordium Wildlife","floor":5,"turns":6},{"damage":27,"enemies":"Lagavulin","floor":6,"turns":7},{"damage":13,"enemies":"Large Slime","floor":7,"turns":7},{"damage":7,"enemies":"Blue Slaver","floor":8,"turns":4},{"damage":7,"enemies":"3 Sentries","floor":10,"turns":5},{"damage":12,"enemies":"Lagavulin","floor":12,"turns":7},{"damage":6,"enemies":"2 Fungi Beasts","floor":13,"turns":3},{"damage":0,"enemies":"Looter","floor":14,"turns":4},{"damage":0,"enemies":"Slime Boss","floor":16,"turns":7},{"damage":0,"enemies":"3 Byrds","floor":18,"turns":4},{"damage":15,"enemies":"2 Thieves","floor":19,"turns":4},{"damage":3,"enemies":"Centurion and Healer","floor":21,"turns":6},{"damage":15,"enemies":"Book of Stabbing","floor":24,"turns":4},{"damage":1,"enemies":"Chosen and Byrds","floor":25,"turns":4},{"damage":1,"enemies":"Slavers","floor":27,"turns":5},{"damage":19,"enemies":"Sentry and Sphere","floor":28,"turns":5},{"damage":13,"enemies":"Colosseum Slavers","floor":31,"turns":3},{"damage":0,"enemies":"Colosseum Nobs","floor":31,"turns":3},{"damage":11,"enemies":"Champ","floor":33,"turns":10},{"damage":0,"enemies":"Orb Walker","floor":35,"turns":3},{"damage":0,"enemies":"Mind Bloom Boss Battle","floor":36,"turns":6},{"damage":2,"enemies":"3 Shapes","floor":37,"turns":6},{"damage":14,"enemies":"Writhing Mass","floor":38,"turns":6},{"damage":0,"enemies":"Transient","floor":39,"turns":5},{"damage":20,"enemies":"Giant Head","floor":41,"turns":7},{"damage":6,"enemies":"Nemesis","floor":44,"turns":7},{"damage":0,"enemies":"Maw","floor":45,"turns":6},{"damage":0,"enemies":"Sphere and 2 Shapes","floor":46,"turns":3},{"damage":18,"enemies":"Spire Growth","floor":47,"turns":5},{"damage":78,"enemies":"Time Eater","floor":50,"turns":16}],"seed_played":"-182250199917021477","potions_obtained":[{"floor":0,"key":"SteroidPotion"},{"floor":0,"key":"Energy Potion"},{"floor":0,"key":"SneckoOil"},{"floor":1,"key":"Weak Potion"},{"floor":2,"key":"EssenceOfSteel"},{"floor":4,"key":"Fruit Juice"},{"floor":4,"key":"FearPotion"},{"floor":8,"key":"AttackPotion"},{"floor":10,"key":"PowerPotion"},{"floor":16,"key":"BloodPotion"},{"floor":21,"key":"BloodPotion"},{"floor":25,"key":"AttackPotion"},{"floor":28,"key":"AttackPotion"},{"floor":31,"key":"BloodPotion"},{"floor":33,"key":"PowerPotion"},{"floor":37,"key":"Weak Potion"},{"floor":41,"key":"EssenceOfSteel"}],"is_trial":false,"path_per_floor":["M","M","M","?","M","E","M","M","T","E","?","E","M","M","R","B",null,"M","M","$","M","?","R","E","M","T","E","M","R","$","?","R","B",null,"M","?","M","M","M","R","E","R","T","E","M","M","M","?","R","B",null],"character_chosen":"IRONCLAD","items_purchased":["Inflame","Happy Flower"],"campfire_rested":0,"item_purchase_floors":[20,20],"current_hp_per_floor":[80,80,80,85,81,60,53,52,52,51,56,50,52,60,60,68,90,93,96,96,99,99,99,90,100,110,125,115,115,115,121,121,122,135,138,138,142,138,146,146,132,132,132,142,146,146,146,146,146,114],"gold":21,"neow_bonus":"THREE_SMALL_POTIONS","is_prod":false,"is_daily":false,"chose_seed":false,"campfire_upgraded":7,"win_rate":1,"timestamp":1556781406,"path_taken":["M","M","M","?","M","E","M","?","T","E","?","E","M","M","R","BOSS","M","M","$","M","?","R","E","M","T","E","M","R","$","?","R","BOSS","M","?","M","M","M","R","E","R","T","E","M","M","M","?","R","BOSS"],"build_version":"2019-01-23","purchased_purges":1,"victory":true,"max_hp_per_floor":[80,80,80,85,85,85,85,85,85,85,90,90,90,90,90,90,90,93,96,96,99,99,99,99,102,112,125,128,128,128,131,131,135,135,138,138,142,146,146,146,146,146,146,146,146,146,146,146,146,146],"card_choices":[{"not_picked":["Searing Blow","Havoc"],"picked":"Iron Wave","floor":1},{"not_picked":["Heavy Blade","Hemokinesis"],"picked":"Clothesline","floor":2},{"not_picked":["Hemokinesis","Heavy Blade"],"picked":"Shrug It Off","floor":3},{"not_picked":["Perfected Strike","Anger"],"picked":"Headbutt","floor":5},{"not_picked":["Berserk","Iron Wave"],"picked":"Spot Weakness","floor":6},{"not_picked":["Dual Wield","Rage","Havoc"],"picked":"SKIP","floor":7},{"not_picked":["Wild Strike","Whirlwind"],"picked":"Spot Weakness","floor":8},{"not_picked":["Flex","Corruption"],"picked":"Inflame","floor":10},{"not_picked":["Iron Wave","Thunderclap"],"picked":"Disarm","floor":12},{"not_picked":["Heavy Blade","Thunderclap"],"picked":"Cleave","floor":13},{"not_picked":["Iron Wave","Cleave","Wild Strike"],"picked":"SKIP","floor":14},{"not_picked":["Dark Embrace","Demon Form"],"picked":"Feed","floor":16},{"not_picked":["True Grit","Twin Strike"],"picked":"Shockwave","floor":18},{"not_picked":["Burning Pact","Heavy Blade"],"picked":"Dual Wield+1","floor":19},{"not_picked":["Bludgeon","Iron Wave"],"picked":"Armaments+1","floor":21},{"not_picked":["Sentinel","Wild Strike+1","Sever Soul"],"picked":"SKIP","floor":24},{"not_picked":["Blood for Blood+1","Shrug It Off"],"picked":"Cleave+1","floor":25},{"not_picked":["Wild Strike","Perfected Strike"],"picked":"Inflame","floor":27},{"not_picked":["Burning Pact","Infernal Blade"],"picked":"Headbutt","floor":28},{"not_picked":["Immolate+1","Double Tap"],"picked":"Reaper+1","floor":33},{"not_picked":["Perfected Strike+1","Sword Boomerang+1"],"picked":"Shrug It Off+1","floor":35},{"not_picked":["Blood for Blood+1","Perfected Strike+1"],"picked":"Shrug It Off","floor":36},{"not_picked":["Combust+1","Armaments"],"picked":"Ghostly Armor+1","floor":37},{"not_picked":["Brutality","Warcry+1"],"picked":"Shrug It Off+1","floor":38},{"not_picked":["Entrench","Ghostly Armor"],"picked":"Pummel+1","floor":39},{"not_picked":["Perfected Strike+1","Warcry"],"picked":"Exhume","floor":41},{"not_picked":["Twin Strike+1","Iron Wave+1","Shrug It Off"],"picked":"SKIP","floor":44},{"not_picked":["Twin Strike+1","Shrug It Off"],"picked":"Iron Wave+1","floor":44},{"not_picked":["Wild Strike+1","Rage"],"picked":"Power Through+1","floor":45},{"not_picked":["Wild Strike+1","Body Slam+1","Inflame"],"picked":"SKIP","floor":46},{"not_picked":["Wild Strike+1","Body Slam+1"],"picked":"Inflame","floor":46},{"not_picked":["Whirlwind+1","Headbutt+1"],"picked":"Warcry+1","floor":47}],"player_experience":694137,"relics_obtained":[{"floor":6,"key":"Orichalcum"},{"floor":9,"key":"Bag of Preparation"},{"floor":10,"key":"Bronze Scales"},{"floor":12,"key":"Blood Vial"},{"floor":24,"key":"Ornamental Fan"},{"floor":26,"key":"Pear"},{"floor":27,"key":"Strawberry"},{"floor":31,"key":"Calipers"},{"floor":31,"key":"Molten Egg 2"},{"floor":36,"key":"Unceasing Top"},{"floor":41,"key":"Red Skull"},{"floor":44,"key":"Bottled Lightning"}],"event_choices":[{"damage_healed":0,"gold_gain":0,"player_choice":"Got Potions","damage_taken":0,"max_hp_gain":0,"max_hp_loss":0,"event_name":"Lab","floor":4,"gold_loss":0},{"damage_healed":0,"gold_gain":0,"player_choice":"Donut","damage_taken":0,"max_hp_gain":5,"max_hp_loss":0,"event_name":"Big Fish","floor":11,"gold_loss":0},{"damage_healed":0,"gold_gain":0,"player_choice":"Read","damage_taken":0,"max_hp_gain":0,"max_hp_loss":0,"event_name":"The Library","floor":22,"gold_loss":0,"cards_obtained":["Corruption"]},{"damage_healed":0,"gold_gain":0,"player_choice":"Fight","damage_taken":0,"max_hp_gain":0,"max_hp_loss":0,"event_name":"Colosseum","floor":31,"gold_loss":0},{"damage_healed":0,"gold_gain":0,"player_choice":"Fought Nobs","damage_taken":0,"max_hp_gain":0,"max_hp_loss":0,"event_name":"Colosseum","floor":31,"gold_loss":0},{"damage_healed":0,"gold_gain":0,"player_choice":"Fight","damage_taken":0,"max_hp_gain":0,"max_hp_loss":0,"event_name":"MindBloom","floor":36,"gold_loss":0},{"cards_removed":["Inflame"],"damage_healed":0,"gold_gain":0,"player_choice":"Removed Power","damage_taken":0,"max_hp_gain":0,"max_hp_loss":0,"event_name":"Falling","floor":48,"gold_loss":0}],"is_beta":false,"boss_relics":[{"not_picked":["Pandora\u0027s Box","Calling Bell"],"picked":"Ectoplasm"},{"not_picked":["Runic Dome","Astrolabe"],"picked":"Cursed Key"}],"items_purged_floors":[20],"is_endless":false,"potions_floor_spawned":[1,2,8,10,14,16,21,25,28,31,33,37,38,41,46],"ascension_level":0}