{"gold_per_floor":[113,113,113,38,54,81,81,96,144,144,144,144,144,157,157,276,276,290,306,221,235,415,415,439,439,484,519,72,72,86,107,107,232,232,248,248,267,267,286,286,286,33,60,83,83,103,142,161,161,161],"floor_reached":51,"playtime":3119,"items_purged":["Strike_B","Storm"],"score":922,"play_id":"20d9aba5-6c0a-473e-a605-d92e5d0de3ad","local_time":"20190226120237","is_ascension_mode":false,"campfire_choices":[{"floor":7.0,"key":"REST"},{"data":"Chaos","floor":10.0,"key":"SMITH"},{"data":"Capacitor","floor":12.0,"key":"SMITH"},{"floor":15.0,"key":"REST"},{"floor":23.0,"key":"REST"},{"data":"Fission","floor":25.0,"key":"SMITH"},{"floor":29,"key":"REST"},{"floor":32,"key":"REST"},{"floor":40,"key":"REST"},{"data":"Defragment","floor":45,"key":"SMITH"},{"floor":49,"key":"REST"}],"neow_cost":"PERCENT_DAMAGE","seed_source_timestamp":27882737385501,"circlet_count":0,"master_deck":["Defend_B","Zap+1","Dualcast","Chaos+1","Capacitor+1","Compile Driver","Gash","Conserve Battery","Leap+1","Fission+1","Gash","Cold Snap+1","Static Discharge","Defragment+1","Glacier","Gash+1","Conserve Battery+1"],"special_seed":0,"relics":["Cracked Core","Boot","Omamori","Golden Idol","Kunai","Runic Pyramid","Singing Bowl","Bag of Marbles","Gremlin Horn","Turnip","Empty Cage","Sundial","War Paint","Bag of Preparation","Bottled Flame"],"potions_floor_usage":[27,50],"damage_taken":[{"damage":3.0,"enemies":"Jaw Worm","floor":1.0,"turns":4.0},{"damage":1.0,"enemies":"2 Louse","floor":5.0,"turns":3.0},{"damage":42.0,"enemies":"3 Sentries","floor":6.0,"turns":10.0},{"damage":0.0,"enemies":"Small Slimes","floor":8.0,"turns":3.0},{"damage":5.0,"enemies":"Looter","floor":14.0,"turns":4.0},{"damage":23.0,"enemies":"Hexaghost","floor":16.0,"turns":12.0},{"damage":0.0,"enemies":"Shell Parasite","floor":18.0,"turns":5.0},{"damage":10.0,"enemies":"Spheric Guardian","floor":19.0,"turns":4.0},{"damage":23.0,"enemies":"Centurion and Healer","floor":21.0,"turns":7.0},{"damage":2.0,"enemies":"Snecko","floor":24.0,"turns":5.0},{"damage":32,"enemies":"Slavers","floor":27,"turns":7},{"damage":3,"enemies":"Snake Plant","floor":30,"turns":4},{"damage":0,"enemies":"Chosen and Byrds","floor":31,"turns":5},{"damage":2,"enemies":"Champ","floor":33,"turns":9},{"damage":23,"enemies":"3 Darklings","floor":35,"turns":5},{"damage":0,"enemies":"3 Shapes","floor":37,"turns":6},{"damage":29,"enemies":"Jaw Worm Horde","floor":39,"turns":4},{"damage":2,"enemies":"Writhing Mass","floor":44,"turns":7},{"damage":0,"enemies":"Maw","floor":46,"turns":6},{"damage":0,"enemies":"Reptomancer","floor":47,"turns":6},{"damage":0,"enemies":"Spire Growth","floor":48,"turns":4},{"damage":12,"enemies":"Donu and Deca","floor":50,"turns":13}],"seed_played":"-6674994480366864341","potions_obtained":[{"floor":6.0,"key":"SkillPotion"},{"floor":8.0,"key":"SteroidPotion"},{"floor":14.0,"key":"SkillPotion"},{"floor":16.0,"key":"Fire Potion"},{"floor":24.0,"key":"Fruit Juice"},{"floor":31,"key":"SteroidPotion"},{"floor":35,"key":"Strength Potion"},{"floor":37,"key":"Swift Potion"},{"floor":46,"key":"Swift Potion"}],"is_trial":false,"path_per_floor":["M","?","?","$","M","E","R","M","T","R","?","R","?","M","R","B",null,"M","M","?","M","?","R","M","R","T","E","$","R","M","M","R","B",null,"M","$","M","T","M","R","?","$","T","M","R","M","E","M","R","B",null],"character_chosen":"DEFECT","items_purchased":["Turnip","Strength Potion","War Paint","Defragment","Glacier"],"campfire_rested":7,"item_purchase_floors":[28,28,42,42,42],"current_hp_per_floor":[51,44,44,44,43,1,23,23,23,23,23,23,16,11,31,8,69,69,59,59,38,17,38,43,43,43,13,13,37,36,38,63,63,86,65,65,65,65,36,62,62,62,62,60,60,62,64,64,91,79],"gold":161,"neow_bonus":"TRANSFORM_TWO_CARDS","is_prod":false,"is_daily":false,"chose_seed":false,"campfire_upgraded":4,"win_rate":0,"timestamp":1551171757,"path_taken":["M","?","?","$","?","E","R","M","T","R","?","R","?","M","R","BOSS","M","M","?","M","?","R","M","R","T","E","$","R","M","M","R","BOSS","M","$","M","?","M","R","?","$","T","M","R","M","E","M","R","BOSS"],"build_version":"2019-01-23","purchased_purges":2,"victory":true,"max_hp_per_floor":[75,75,75,75,75,75,75,75,75,75,69,69,69,69,69,69,69,69,69,69,71,71,71,78,78,78,80,80,80,82,84,84,86,86,88,88,88,88,88,88,88,88,88,88,88,90,92,92,92,92],"card_choices":[{"not_picked":["Ball Lightning","Redo"],"picked":"Capacitor","floor":1.0},{"not_picked":["Compile Driver","Sunder","Redo"],"picked":"SKIP","floor":5.0},{"not_picked":["Sunder","Redo"],"picked":"Compile Driver","floor":5.0},{"not_picked":["Aggregate","Rebound"],"picked":"Gash","floor":6.0},{"not_picked":["Streamline","Ball Lightning"],"picked":"Conserve Battery","floor":8.0},{"not_picked":["Rebound","Electrodynamics"],"picked":"Leap","floor":14.0},{"not_picked":["Amplify","Core Surge"],"picked":"Fission","floor":16.0},{"not_picked":["Conserve Battery","Streamline"],"picked":"Gash","floor":18.0},{"not_picked":["Fusion","Redo","Chaos"],"picked":"SKIP","floor":19.0},{"not_picked":["Compile Driver+1","Stack+1","Go for the Eyes+1"],"picked":"Singing Bowl","floor":21.0},{"not_picked":["Thunder Strike","Streamline","Genetic Algorithm"],"picked":"Singing Bowl","floor":24.0},{"not_picked":["Coolheaded","Scrape","Machine Learning"],"picked":"Singing Bowl","floor":27},{"not_picked":["Cold Snap","Rebound+1","Undo"],"picked":"Singing Bowl","floor":30},{"not_picked":["Turbo","Scrape+1","Barrage"],"picked":"Singing Bowl","floor":31},{"not_picked":["Meteor Strike","All For One","Buffer"],"picked":"Singing Bowl","floor":33},{"not_picked":["Coolheaded","Heatsinks+1","Consume"],"picked":"Singing Bowl","floor":35},{"not_picked":["Ball Lightning+1","Sweeping Beam+1"],"picked":"Cold Snap+1","floor":37},{"not_picked":["Go for the Eyes+1","Recycle"],"picked":"Static Discharge","floor":39},{"not_picked":["Chaos","Fission"],"picked":"Gash+1","floor":44},{"not_picked":["Doom and Gloom+1","Cold Snap","Redo"],"picked":"Singing Bowl","floor":46},{"not_picked":["Stack+1","Coolheaded","Fusion"],"picked":"Singing Bowl","floor":47},{"not_picked":["Doom and Gloom+1","Defragment"],"picked":"Conserve Battery+1","floor":48}],"player_experience":916190,"relics_obtained":[{"floor":6.0,"key":"Boot"},{"floor":9.0,"key":"Omamori"},{"floor":26.0,"key":"Bag of Marbles"},{"floor":27,"key":"Gremlin Horn"},{"floor":38,"key":"Sundial"},{"floor":43,"key":"Bag of Preparation"},{"floor":47,"key":"Bottled Flame"}],"event_choices":[{"cards_removed":["Strike_B"],"damage_healed":0.0,"max_hp_gain":0.0,"max_hp_loss":0.0,"gold_gain":0.0,"event_name":"Golden Wing","player_choice":"Card Removal","floor":2.0,"gold_loss":0.0,"damage_taken":7.0},{"cards_removed":["Strike_B"],"damage_healed":0.0,"max_hp_gain":0.0,"max_hp_loss":0.0,"gold_gain":0.0,"event_name":"Living Wall","player_choice":"Forget","floor":3.0,"gold_loss":0.0,"damage_taken":0.0},{"damage_healed":0.0,"max_hp_gain":0.0,"max_hp_loss":6.0,"gold_gain":0.0,"event_name":"Golden Idol","player_choice":"Lose Max HP","floor":11.0,"gold_loss":0.0,"damage_taken":0.0,"relics_obtained":["Golden Idol"]},{"damage_healed":0.0,"max_hp_gain":0.0,"max_hp_loss":0.0,"gold_gain":0.0,"event_name":"Scrap Ooze","player_choice":"Success","floor":13.0,"gold_loss":0.0,"damage_taken":7.0,"relics_obtained":["Kunai"]},{"damage_healed":0.0,"max_hp_gain":0.0,"max_hp_loss":0.0,"gold_gain":0.0,"event_name":"Addict","player_choice":"Obtained Relic","floor":20.0,"gold_loss":85.0,"damage_taken":0.0,"relics_obtained":["Singing Bowl"]},{"damage_healed":0.0,"max_hp_gain":0.0,"max_hp_loss":0.0,"gold_gain":180.0,"event_name":"Knowing Skull","player_choice":"GOLD GOLD ","floor":22.0,"potions_obtained":[],"gold_loss":0.0,"damage_taken":21.0,"cards_obtained":[]},{"damage_healed":0,"gold_gain":0,"player_choice":"Ignored","damage_taken":0,"max_hp_gain":0,"max_hp_loss":0,"event_name":"Mysterious Sphere","floor":41,"gold_loss":0}],"is_beta":false,"boss_relics":[{"not_picked":["Velvet Choker","Philosopher\u0027s Stone"],"picked":"Runic Pyramid"},{"not_picked":["Cursed Key","Lizard Tail"],"picked":"Empty Cage"}],"items_purged_floors":[4,28],"is_endless":false,"potions_floor_spawned":[6,8,14,16,21,24,31,35,37,46],"ascension_level":0}