{"gold_per_floor":[216,233,233,158,170,170,202,45,45,6,19,46,59,73,73,170,170,183,201,221,236,236,236],"floor_reached":23,"playtime":1580,"items_purged":["Strike_R"],"score":215,"play_id":"570fb2b5-4ee3-481d-9fb4-369177adc1f7","local_time":"20190107001235","is_ascension_mode":true,"campfire_choices":[{"data":"Bash","floor":6,"key":"SMITH"},{"data":"Feed","floor":15,"key":"SMITH"}],"neow_cost":"NONE","seed_source_timestamp":270578364064000,"circlet_count":0,"master_deck":["Strike_R","Strike_R","Strike_R","Strike_R","Defend_R","Defend_R","Defend_R","Defend_R","Bash+1","Cleave","Headbutt","Pommel Strike","Dropkick","Whirlwind","Rampage","Feed+1","Iron Wave","Pummel","Feed","Pommel Strike","Flame Barrier+1","Blood for Blood+1","Shrug It Off","Double Tap"],"relics":["Burning Blood","Matryoshka","Bag of Marbles","Question Card","Gremlin Horn","Nunchaku","Black Star"],"potions_floor_usage":[7,16,19,23,23],"damage_taken":[{"damage":10,"enemies":"Small Slimes","floor":1,"turns":5},{"damage":4,"enemies":"Cultist","floor":2,"turns":4},{"damage":6,"enemies":"Jaw Worm","floor":5,"turns":3},{"damage":21,"enemies":"Lagavulin","floor":7,"turns":5},{"damage":2,"enemies":"3 Louse","floor":11,"turns":2},{"damage":27,"enemies":"3 Sentries","floor":12,"turns":4},{"damage":4,"enemies":"2 Fungi Beasts","floor":13,"turns":3},{"damage":0,"enemies":"Exordium Wildlife","floor":14,"turns":1},{"damage":32,"enemies":"Slime Boss","floor":16,"turns":9},{"damage":32,"enemies":"Spheric Guardian","floor":18,"turns":5},{"damage":20,"enemies":"2 Thieves","floor":19,"turns":2},{"damage":20,"enemies":"Snake Plant","floor":20,"turns":4},{"damage":38,"enemies":"Centurion and Healer","floor":21,"turns":6},{"damage":15,"enemies":"Slavers","floor":23,"turns":1}],"seed_played":"-932352977980853018","potions_obtained":[{"floor":2,"key":"Weak Potion"},{"floor":3,"key":"FairyPotion"},{"floor":3,"key":"SkillPotion"},{"floor":7,"key":"Fire Potion"},{"floor":12,"key":"PowerPotion"},{"floor":14,"key":"Strength Potion"},{"floor":21,"key":"Fire Potion"}],"is_trial":false,"path_per_floor":["M","M","?","$","M","R","E","$","T","$","M","E","M","M","R","B",null,"M","M","M","M","?","E"],"character_chosen":"IRONCLAD","items_purchased":["Bag of Marbles","Whirlwind"],"campfire_rested":0,"item_purchase_floors":[8,10],"current_hp_per_floor":[76,78,78,78,78,78,63,63,63,63,67,46,51,57,57,35,87,64,53,39,7,7,0],"gold":236,"neow_bonus":"HUNDRED_GOLD","is_prod":false,"is_daily":false,"chose_seed":false,"campfire_upgraded":2,"win_rate":0,"timestamp":1546791155,"path_taken":["M","M","?","$","M","R","E","$","T","$","M","E","?","M","R","BOSS","M","M","M","M","?","E"],"build_version":"2019-01-03v4","purchased_purges":1,"victory":false,"max_hp_per_floor":[80,80,80,80,80,80,80,80,80,80,80,80,83,83,83,87,87,90,93,93,93,93,93],"card_choices":[{"not_picked":["Thunderclap","Iron Wave"],"picked":"Cleave","floor":1},{"not_picked":["Body Slam","Second Wind"],"picked":"Headbutt","floor":2},{"not_picked":["Metallicize","Uppercut"],"picked":"Pommel Strike","floor":5},{"not_picked":["Corruption","Anger"],"picked":"Dropkick","floor":7},{"not_picked":["Pummel","Ghostly Armor","Entrench"],"picked":"Rampage","floor":11},{"not_picked":["Inflame","Intimidate","Immolate"],"picked":"Feed","floor":12},{"not_picked":["True Grit","Dual Wield","Ghostly Armor"],"picked":"Iron Wave","floor":13},{"not_picked":["Carnage","Disarm","Havoc"],"picked":"Pummel","floor":14},{"not_picked":["Impervious","Immolate","Fiend Fire"],"picked":"Feed","floor":16},{"not_picked":["Metallicize","Feel No Pain","True Grit+1"],"picked":"Pommel Strike","floor":18},{"not_picked":["True Grit+1","Seeing Red+1","Iron Wave"],"picked":"Flame Barrier+1","floor":19},{"not_picked":["Flame Barrier","Fire Breathing","Cleave"],"picked":"Blood for Blood+1","floor":20},{"not_picked":["Pommel Strike","Headbutt","Iron Wave"],"picked":"Shrug It Off","floor":21}],"player_experience":73743,"relics_obtained":[{"floor":7,"key":"Matryoshka"},{"floor":9,"key":"Question Card"},{"floor":9,"key":"Gremlin Horn"},{"floor":12,"key":"Nunchaku"}],"event_choices":[{"damage_healed":0,"gold_gain":0,"player_choice":"Got Potions","damage_taken":0,"max_hp_gain":0,"max_hp_loss":0,"event_name":"Lab","floor":3,"gold_loss":0},{"damage_healed":0,"gold_gain":0,"player_choice":"Read","damage_taken":0,"max_hp_gain":0,"max_hp_loss":0,"event_name":"The Library","floor":22,"gold_loss":0,"cards_obtained":["Double Tap"]}],"is_beta":false,"boss_relics":[{"not_picked":["Busted Crown","Ectoplasm"],"picked":"Black Star"}],"items_purged_floors":[4],"is_endless":false,"potions_floor_spawned":[2,7,12,14,21],"killed_by":"Slavers","ascension_level":1}