{"gold_per_floor":[110,120,130,55,73,73,98,98,98,125,143,174,189,189,189,285,285,303,303,314,328,328,356,356,390,415,415],"floor_reached":27,"playtime":1216,"items_purged":["Strike_R"],"score":388,"play_id":"cb3f4ad6-4cb8-44d9-96db-3168e7784e15","local_time":"20190113231826","is_ascension_mode":true,"campfire_choices":[{"data":"Uppercut","floor":6.0,"key":"SMITH"},{"data":"Bash","floor":8.0,"key":"SMITH"},{"data":"Inflame","floor":15.0,"key":"SMITH"},{"data":"Barricade","floor":24,"key":"SMITH"}],"neow_cost":"NONE","seed_source_timestamp":0,"circlet_count":0,"master_deck":["Strike_R","Strike_R","Strike_R","Strike_R","Defend_R","Defend_R","Defend_R","Defend_R","Bash+1","Anger","Headbutt","Uppercut+1","Cleave+1","Offering","Inflame+1","Body Slam+1","Seeing Red","Inflame","Barricade+1","Headbutt+1","Thunderclap","Warcry","Warcry","True Grit+1","Feed"],"special_seed":0,"relics":["Burning Blood","Happy Flower","Gremlin Horn","Mercury Hourglass","Oddly Smooth Stone","Black Star","Boot","Calipers","Whetstone","Ice Cream","Orichalcum"],"potions_floor_usage":[21,23,23,27],"damage_taken":[{"damage":6.0,"enemies":"2 Louse","floor":1.0,"turns":3.0},{"damage":7.0,"enemies":"Small Slimes","floor":2.0,"turns":3.0},{"damage":7.0,"enemies":"Jaw Worm","floor":3.0,"turns":3.0},{"damage":12.0,"enemies":"2 Fungi Beasts","floor":5.0,"turns":3.0},{"damage":20.0,"enemies":"Lagavulin","floor":7.0,"turns":5.0},{"damage":26.0,"enemies":"3 Sentries","floor":10.0,"turns":4.0},{"damage":6.0,"enemies":"3 Louse","floor":11.0,"turns":1.0},{"damage":16.0,"enemies":"Lagavulin","floor":12.0,"turns":4.0},{"damage":0.0,"enemies":"Gremlin Gang","floor":13.0,"turns":2.0},{"damage":6.0,"enemies":"Slime Boss","floor":16.0,"turns":5.0},{"damage":18.0,"enemies":"Chosen","floor":18.0,"turns":3.0},{"damage":6.0,"enemies":"Spheric Guardian","floor":20.0,"turns":1.0},{"damage":30,"enemies":"Snake Plant","floor":21,"turns":4},{"damage":24,"enemies":"Slavers","floor":23,"turns":4},{"damage":12,"enemies":"Gremlin Leader","floor":25,"turns":4},{"damage":29,"enemies":"Book of Stabbing","floor":27,"turns":3}],"seed_played":"4429348413856333488","potions_obtained":[{"floor":2.0,"key":"Swift Potion"},{"floor":5.0,"key":"Dexterity Potion"},{"floor":7.0,"key":"SkillPotion"},{"floor":12.0,"key":"Strength Potion"},{"floor":13.0,"key":"Weak Potion"},{"floor":21,"key":"AttackPotion"},{"floor":25,"key":"Dexterity Potion"}],"is_trial":false,"path_per_floor":["M","M","M","$","M","R","E","R","T","E","M","E","M","?","R","B",null,"M","?","M","M","?","E","R","E","T","E"],"character_chosen":"IRONCLAD","items_purchased":[],"campfire_rested":0,"item_purchase_floors":[],"current_hp_per_floor":[80,79,78,78,72,72,58,58,58,38,38,28,34,60,60,60,80,68,68,68,44,44,26,26,20,20,0],"gold":415,"neow_bonus":"RANDOM_COMMON_RELIC","is_prod":false,"is_daily":false,"chose_seed":false,"campfire_upgraded":4,"win_rate":0,"timestamp":1547392706,"path_taken":["M","M","M","$","M","R","E","R","T","E","M","E","M","?","R","BOSS","M","?","M","M","?","E","R","E","T","E"],"build_version":"2019-01-10","purchased_purges":1,"victory":false,"max_hp_per_floor":[80,80,80,80,80,80,80,80,80,80,80,80,80,80,80,80,80,80,80,80,80,80,80,80,80,80,80],"card_choices":[{"not_picked":["Wild Strike","Corruption"],"picked":"Anger","floor":1.0},{"not_picked":["Heavy Blade","Iron Wave"],"picked":"Headbutt","floor":2.0},{"not_picked":["Ghostly Armor","Metallicize"],"picked":"Uppercut","floor":3.0},{"not_picked":["Carnage","Havoc"],"picked":"Cleave","floor":5.0},{"not_picked":["Juggernaut","Feel No Pain"],"picked":"Offering","floor":7.0},{"not_picked":["Second Wind","Pummel"],"picked":"Inflame","floor":10.0},{"not_picked":["Intimidate","True Grit"],"picked":"Body Slam","floor":11.0},{"not_picked":["Twin Strike","Sever Soul"],"picked":"Seeing Red","floor":12.0},{"not_picked":["Pommel Strike","Brutality"],"picked":"Inflame","floor":13.0},{"not_picked":["Exhume","Juggernaut"],"picked":"Barricade","floor":16.0},{"not_picked":["Flex","Thunderclap"],"picked":"Headbutt+1","floor":18.0},{"not_picked":["Wild Strike","Power Through+1"],"picked":"Warcry","floor":20.0},{"not_picked":["Combust+1","Feed"],"picked":"Warcry","floor":21},{"not_picked":["Sever Soul","Heavy Blade+1"],"picked":"True Grit+1","floor":23},{"not_picked":["Body Slam","Power Through"],"picked":"Feed","floor":25}],"player_experience":139621,"relics_obtained":[{"floor":7.0,"key":"Gremlin Horn"},{"floor":10.0,"key":"Mercury Hourglass"},{"floor":12.0,"key":"Oddly Smooth Stone"},{"floor":23,"key":"Boot"},{"floor":23,"key":"Calipers"},{"floor":25,"key":"Whetstone"},{"floor":25,"key":"Ice Cream"},{"floor":26,"key":"Orichalcum"}],"event_choices":[{"damage_healed":26.0,"max_hp_gain":0.0,"max_hp_loss":0.0,"gold_gain":0.0,"event_name":"Big Fish","player_choice":"Banana","floor":14.0,"gold_loss":0.0,"damage_taken":0.0},{"damage_healed":0.0,"max_hp_gain":0.0,"max_hp_loss":0.0,"gold_gain":0.0,"event_name":"The Library","player_choice":"Read","floor":19.0,"gold_loss":0.0,"damage_taken":0.0,"cards_obtained":["Thunderclap"]},{"damage_healed":0,"gold_gain":0,"player_choice":"Ignored","damage_taken":0,"max_hp_gain":0,"max_hp_loss":0,"event_name":"Ghosts","floor":22,"gold_loss":0}],"is_beta":false,"boss_relics":[{"not_picked":["Mark of Pain","Coffee Dripper"],"picked":"Black Star"}],"items_purged_floors":[4],"is_endless":false,"potions_floor_spawned":[2,5,7,12,13,21,25],"killed_by":"Book of Stabbing","ascension_level":4}