{"gold_per_floor":[112,123,142,142,157,185,196,227,279,229,246,171,171,171,171,273,273,291,291,304,86,140,140,157,157,183,183,183,183,203,216,216,318,318,332,35,35,51,66,66,85,100,100,120,0,13,13,13,13,13],"floor_reached":51,"playtime":3302,"items_purged":["Defend_B","Strike_B","Strike_B"],"score":661,"play_id":"713872a4-52c4-4a25-8686-586b38e9de46","local_time":"20181129221414","is_ascension_mode":false,"campfire_choices":[{"floor":13,"key":"REST"},{"floor":15,"key":"REST"},{"data":"Reinforced Body","floor":23,"key":"SMITH"},{"floor":25,"key":"REST"},{"data":"Fusion","floor":27,"key":"SMITH"},{"data":"Static Discharge","floor":29,"key":"SMITH"},{"floor":32,"key":"REST"},{"floor":40,"key":"REST"},{"floor":47,"key":"REST"},{"floor":49,"key":"REST"}],"neow_cost":"NONE","seed_source_timestamp":8963207163814,"circlet_count":0,"master_deck":["Strike_B","Defend_B","Defend_B","Defend_B","Zap","Dualcast+1","White Noise","Leap+1","Static Discharge+1","Fusion+1","Reinforced Body+1","Multi-Cast","Ball Lightning+1","Reinforced Body","Electrodynamics","Apotheosis","Reinforced Body+1","Buffer"],"relics":["Cracked Core","Singing Bowl","Bronze Scales","Bag of Marbles","Inserter","Tiny Chest","War Paint","Pen Nib","Velvet Choker","Mercury Hourglass","Red Mask"],"potions_floor_usage":[6,7,7,24,33,33,50,50,50],"damage_taken":[{"damage":0,"enemies":"Cultist","floor":1,"turns":3},{"damage":5,"enemies":"Small Slimes","floor":2,"turns":4},{"damage":7,"enemies":"2 Louse","floor":3,"turns":3},{"damage":6,"enemies":"2 Fungi Beasts","floor":5,"turns":5},{"damage":19,"enemies":"Gremlin Nob","floor":6,"turns":4},{"damage":1,"enemies":"Exordium Thugs","floor":7,"turns":3},{"damage":18,"enemies":"Lagavulin","floor":8,"turns":8},{"damage":10,"enemies":"3 Louse","floor":11,"turns":3},{"damage":39,"enemies":"Hexaghost","floor":16,"turns":9},{"damage":12,"enemies":"3 Byrds","floor":18,"turns":3},{"damage":7,"enemies":"Chosen","floor":20,"turns":6},{"damage":24,"enemies":"Centurion and Healer","floor":24,"turns":10},{"damage":11,"enemies":"Snake Plant","floor":30,"turns":3},{"damage":20,"enemies":"Snecko","floor":31,"turns":6},{"damage":26,"enemies":"Collector","floor":33,"turns":12},{"damage":34,"enemies":"Orb Walker","floor":35,"turns":5},{"damage":17,"enemies":"3 Shapes","floor":38,"turns":6},{"damage":0,"enemies":"Transient","floor":39,"turns":5},{"damage":20,"enemies":"Sphere and 2 Shapes","floor":41,"turns":4},{"damage":5,"enemies":"Writhing Mass","floor":42,"turns":10},{"damage":0,"enemies":"4 Shapes","floor":44,"turns":6},{"damage":28,"enemies":"Spire Growth","floor":46,"turns":8},{"damage":21,"enemies":"Donu and Deca","floor":50,"turns":11}],"seed_played":"6992930766469028022","potions_obtained":[{"floor":0,"key":"FearPotion"},{"floor":0,"key":"SteroidPotion"},{"floor":0,"key":"LiquidBronze"},{"floor":2,"key":"SpeedPotion"},{"floor":4,"key":"AttackPotion"},{"floor":6,"key":"PowerPotion"},{"floor":11,"key":"FearPotion"},{"floor":20,"key":"Ancient Potion"},{"floor":31,"key":"Weak Potion"},{"floor":35,"key":"EssenceOfSteel"},{"floor":39,"key":"Weak Potion"},{"floor":41,"key":"Block Potion"}],"is_trial":false,"path_per_floor":["M","M","M","?","M","E","M","E","T","?","M","$","R","?","R","B",null,"M","?","M","$","T","R","M","R","T","R","?","R","M","M","R","B",null,"M","$","?","M","M","R","M","M","T","M","?","M","R","?","R","B",null],"character_chosen":"DEFECT","items_purchased":["Tiny Chest","Apotheosis"],"campfire_rested":7,"item_purchase_floors":[21,36],"current_hp_per_floor":[75,70,63,63,57,38,37,21,21,21,11,11,34,34,57,18,77,67,67,60,60,60,60,38,62,62,62,62,62,53,33,57,31,83,51,51,51,36,38,64,44,41,41,43,43,17,45,45,72,51],"gold":13,"neow_bonus":"THREE_SMALL_POTIONS","is_prod":false,"is_daily":false,"chose_seed":false,"campfire_upgraded":3,"win_rate":0,"timestamp":1543518854,"path_taken":["M","M","?","?","?","E","M","E","T","?","M","$","R","?","R","BOSS","M","?","M","$","?","R","?","R","T","R","?","R","M","M","R","BOSS","M","$","?","M","M","R","M","?","T","M","?","M","R","?","R","BOSS"],"build_version":"2018-11-15","purchased_purges":3,"victory":true,"max_hp_per_floor":[75,75,75,75,75,75,75,77,77,77,77,77,77,77,77,77,77,79,79,79,79,79,79,81,81,81,81,81,81,83,83,83,83,83,85,85,85,87,89,89,89,91,91,93,93,95,95,90,90,90],"card_choices":[{"not_picked":["Conserve Battery","Sweeping Beam"],"picked":"White Noise","floor":1},{"not_picked":["Cold Snap","Tempest","Turbo"],"picked":"SKIP","floor":2},{"not_picked":["BootSequence","Tempest"],"picked":"Leap","floor":3},{"not_picked":["Cold Snap","Sweeping Beam","Steam"],"picked":"SKIP","floor":5},{"not_picked":["Biased Cognition","Compile Driver"],"picked":"Static Discharge","floor":6},{"not_picked":["Sweeping Beam","Sunder"],"picked":"Fusion","floor":7},{"not_picked":["Hologram","Fusion","Cold Snap"],"picked":"Singing Bowl","floor":8},{"not_picked":["Melter","Glacier"],"picked":"Reinforced Body","floor":11},{"not_picked":["Creative AI","All For One"],"picked":"Multi-Cast","floor":16},{"not_picked":["Cold Snap+1","Conserve Battery","Rebound"],"picked":"Singing Bowl","floor":18},{"not_picked":["Redo","Turbo"],"picked":"Ball Lightning+1","floor":20},{"not_picked":["Beam Cell","Rainbow","Rip and Tear+1"],"picked":"Singing Bowl","floor":24},{"not_picked":["Redo","Streamline","Leap"],"picked":"Singing Bowl","floor":30},{"not_picked":["Lockon","Streamline+1"],"picked":"Reinforced Body","floor":31},{"not_picked":["Rainbow","Multi-Cast"],"picked":"Electrodynamics","floor":33},{"not_picked":["Go for the Eyes","Cold Snap","Genetic Algorithm+1"],"picked":"Singing Bowl","floor":35},{"not_picked":["Reinforced Body","Rebound+1","Hello World"],"picked":"Singing Bowl","floor":38},{"not_picked":["Go for the Eyes+1","Steam+1","Loop"],"picked":"Singing Bowl","floor":39},{"not_picked":["Go for the Eyes+1","Leap+1"],"picked":"Buffer","floor":41},{"not_picked":["Chill+1","Barrage+1","Sweeping Beam+1"],"picked":"Singing Bowl","floor":42},{"not_picked":["Hologram","Heatsinks","Auto Shields"],"picked":"Singing Bowl","floor":44},{"not_picked":["Reprogram+1","Undo+1","Turbo+1"],"picked":"Singing Bowl","floor":46}],"player_experience":233908,"relics_obtained":[{"floor":6,"key":"Singing Bowl"},{"floor":8,"key":"Bronze Scales"},{"floor":9,"key":"Bag of Marbles"},{"floor":22,"key":"War Paint"},{"floor":26,"key":"Pen Nib"},{"floor":43,"key":"Mercury Hourglass"}],"event_choices":[{"damage_healed":0,"gold_gain":0,"player_choice":"Got Potions","damage_taken":0,"max_hp_gain":0,"max_hp_loss":0,"event_name":"Lab","floor":4,"gold_loss":0},{"cards_removed":["Strike_B"],"damage_healed":0,"gold_gain":0,"player_choice":"Card Removal","damage_taken":0,"max_hp_gain":0,"max_hp_loss":0,"event_name":"The Cleric","floor":10,"gold_loss":50},{"damage_healed":0,"gold_gain":0,"player_choice":"Ignored","damage_taken":0,"max_hp_gain":0,"max_hp_loss":0,"event_name":"Liars Game","floor":14,"gold_loss":0},{"damage_healed":0,"gold_gain":0,"player_choice":"Ignored","damage_taken":0,"max_hp_gain":0,"max_hp_loss":0,"event_name":"NoteForYourself","floor":19,"gold_loss":0},{"damage_healed":0,"gold_gain":0,"player_choice":"Ignored","damage_taken":0,"max_hp_gain":0,"max_hp_loss":0,"event_name":"Vampires","floor":28,"gold_loss":0},{"damage_healed":0,"gold_gain":0,"player_choice":"Copied","damage_taken":0,"max_hp_gain":0,"max_hp_loss":0,"event_name":"Duplicator","floor":37,"gold_loss":0,"cards_obtained":["Reinforced Body"]},{"damage_healed":0,"gold_gain":0,"player_choice":"Paid","damage_taken":0,"relics_obtained":["Red Mask"],"max_hp_gain":0,"max_hp_loss":0,"event_name":"Tomb of Lord Red Mask","floor":45,"gold_loss":120},{"damage_healed":0,"gold_gain":0,"player_choice":"Max HP","damage_taken":0,"max_hp_gain":0,"max_hp_loss":5,"event_name":"Winding Halls","floor":48,"gold_loss":0}],"is_beta":false,"boss_relics":[{"not_picked":["Philosopher\u0027s Stone","Coffee Dripper"],"picked":"Inserter"},{"not_picked":["Cursed Key","Empty Cage"],"picked":"Velvet Choker"}],"items_purged_floors":[12,21,36],"is_endless":false,"potions_floor_spawned":[2,5,6,11,20,31,35,39,41,42],"ascension_level":0}