{"gold_per_floor":[118,138,138,71,88,115,131,131,158,158,176,210,228,240,240,340,340,351,121,134,144,163,163,193,205,205,231,231,231,231,250,250,350,350,368,387,404,404,404,404,430,430,501,501,501,32,45,77,77,77],"floor_reached":50,"playtime":2972,"items_purged":["Strike_R"],"score":662,"play_id":"362aacc4-f6b6-4744-a1d0-374c27149f5f","local_time":"20190110142900","is_ascension_mode":true,"campfire_choices":[{"data":"Uppercut","floor":8,"key":"SMITH"},{"data":"Armaments","floor":10,"key":"SMITH"},{"data":"Blood for Blood","floor":15,"key":"SMITH"},{"data":"Dark Embrace","floor":23,"key":"SMITH"},{"data":"Seeing Red","floor":32,"key":"SMITH"},{"data":"Exhume","floor":40,"key":"SMITH"},{"data":"Rage","floor":42,"key":"SMITH"},{"data":"Evolve","floor":44,"key":"SMITH"},{"data":"Double Tap","floor":49,"key":"SMITH"}],"neow_cost":"NONE","seed_source_timestamp":579787708964336,"circlet_count":0,"master_deck":["Strike_R","Strike_R","Strike_R","Defend_R","Defend_R","Defend_R","Defend_R","Bash","Uppercut+1","Clash","Double Tap+1","Seeing Red","Dropkick","Armaments+1","Twin Strike","Blood for Blood+1","Clothesline","Iron Wave","Dark Embrace+1","Evolve+1","Heavy Blade+1","Clash+1","Seeing Red+1","Rage+1","Anger","True Grit","Uppercut+1","Exhume+1","Inflame+1","Havoc+1","Uppercut+1","Finesse","Anger+1","Cleave+1","Dropkick"],"relics":["Burning Blood","Centennial Puzzle","Ancient Tea Set","Boot","Nunchaku","Eternal Feather","Red Skull","Bag of Marbles","Vajra","Calipers","White Beast Statue","Singing Bowl","Self Forming Clay","Gremlin Horn","Lee\u0027s Waffle","Juzu Bracelet"],"potions_floor_usage":[13,16,21,24,25,27,33,37,41,47,48,50,50],"damage_taken":[{"damage":13,"enemies":"Jaw Worm","floor":1,"turns":5},{"damage":1,"enemies":"Cultist","floor":2,"turns":3},{"damage":0,"enemies":"2 Louse","floor":5,"turns":2},{"damage":30,"enemies":"Lagavulin","floor":6,"turns":5},{"damage":1,"enemies":"Exordium Wildlife","floor":7,"turns":3},{"damage":3,"enemies":"Blue Slaver","floor":11,"turns":2},{"damage":30,"enemies":"Gremlin Nob","floor":12,"turns":4},{"damage":9,"enemies":"Exordium Thugs","floor":13,"turns":4},{"damage":0,"enemies":"2 Fungi Beasts","floor":14,"turns":2},{"damage":9,"enemies":"The Guardian","floor":16,"turns":10},{"damage":26,"enemies":"3 Byrds","floor":18,"turns":5},{"damage":20,"enemies":"2 Thieves","floor":20,"turns":4},{"damage":28,"enemies":"Cultist and Chosen","floor":21,"turns":4},{"damage":7,"enemies":"Chosen and Byrds","floor":22,"turns":4},{"damage":23,"enemies":"Gremlin Leader","floor":24,"turns":3},{"damage":6,"enemies":"Centurion and Healer","floor":25,"turns":2},{"damage":4,"enemies":"Slavers","floor":27,"turns":4},{"damage":16,"enemies":"Snecko","floor":31,"turns":4},{"damage":53,"enemies":"Champ","floor":33,"turns":9},{"damage":64,"enemies":"3 Darklings","floor":35,"turns":6},{"damage":10,"enemies":"Orb Walker","floor":36,"turns":3},{"damage":14,"enemies":"3 Darklings","floor":37,"turns":4},{"damage":23,"enemies":"Nemesis","floor":41,"turns":5},{"damage":22,"enemies":"4 Shapes","floor":47,"turns":2},{"damage":20,"enemies":"Reptomancer","floor":48,"turns":5},{"damage":99,"enemies":"Awakened One","floor":50,"turns":7}],"seed_played":"1597719691515321857","potions_obtained":[{"floor":1,"key":"Explosive Potion"},{"floor":2,"key":"SkillPotion"},{"floor":11,"key":"LiquidBronze"},{"floor":12,"key":"GamblersBrew"},{"floor":13,"key":"Weak Potion"},{"floor":14,"key":"PowerPotion"},{"floor":21,"key":"Strength Potion"},{"floor":22,"key":"EssenceOfSteel"},{"floor":24,"key":"Swift Potion"},{"floor":33,"key":"Ancient Potion"},{"floor":35,"key":"Swift Potion"},{"floor":36,"key":"Poison Potion"},{"floor":37,"key":"SteroidPotion"},{"floor":41,"key":"PowerPotion"},{"floor":47,"key":"LiquidBronze"},{"floor":48,"key":"Strength Potion"}],"is_trial":false,"path_per_floor":["M","M","?","$","M","E","M","R","T","R","M","E","M","M","R","B",null,"M","$","M","M","M","R","E","M","T","E","?","T","?","M","R","B",null,"M","M","M","?","?","R","E","R","T","R","?","$","M","E","R","B"],"character_chosen":"IRONCLAD","items_purchased":["Double Tap","Red Skull","Gremlin Horn","Lee\u0027s Waffle"],"campfire_rested":0,"item_purchase_floors":[4,19,46,46],"current_hp_per_floor":[73,78,78,78,80,56,61,61,61,61,64,40,37,43,43,40,80,60,60,46,24,23,38,21,21,21,23,23,23,80,70,80,33,80,22,18,10,10,10,28,11,29,29,47,47,87,71,57,78,0],"gold":77,"neow_bonus":"RANDOM_COLORLESS","is_prod":false,"is_daily":false,"chose_seed":false,"campfire_upgraded":9,"win_rate":0,"timestamp":1547101740,"path_taken":["M","M","?","?","?","E","M","R","T","R","M","E","M","M","R","BOSS","M","$","M","M","M","R","E","M","T","E","?","?","?","?","R","BOSS","M","M","M","?","?","R","E","R","T","R","?","$","M","E","R","BOSS"],"build_version":"2019-01-03v4","purchased_purges":1,"victory":false,"max_hp_per_floor":[80,80,80,80,80,80,80,80,80,80,80,80,80,80,80,80,80,80,80,80,80,80,80,80,80,80,80,80,80,80,80,80,80,80,80,80,80,80,80,80,80,80,80,80,80,87,87,87,87,87],"card_choices":[{"not_picked":["Bloodletting","Feel No Pain"],"picked":"Uppercut","floor":1},{"not_picked":["Iron Wave","Sword Boomerang"],"picked":"Clash","floor":2},{"not_picked":["Feel No Pain","Searing Blow"],"picked":"Seeing Red","floor":5},{"not_picked":["Cleave","Juggernaut"],"picked":"Dropkick","floor":6},{"not_picked":["Heavy Blade","Perfected Strike"],"picked":"Armaments","floor":7},{"not_picked":["Whirlwind","Flame Barrier"],"picked":"Twin Strike","floor":11},{"not_picked":["Rage","Rupture"],"picked":"Blood for Blood","floor":12},{"not_picked":["Heavy Blade","Searing Blow"],"picked":"Clothesline","floor":13},{"not_picked":["Seeing Red","Flex"],"picked":"Iron Wave","floor":14},{"not_picked":["Fiend Fire","Immolate"],"picked":"Dark Embrace","floor":16},{"not_picked":["Power Through","Entrench"],"picked":"Evolve","floor":18},{"not_picked":["Bloodletting","Body Slam"],"picked":"Heavy Blade+1","floor":20},{"not_picked":["Bloodletting","Body Slam+1"],"picked":"Clash+1","floor":21},{"not_picked":["Wild Strike","Second Wind"],"picked":"Seeing Red","floor":22},{"not_picked":["Evolve","Reckless Charge+1"],"picked":"Rage","floor":24},{"not_picked":["Pummel+1","Body Slam"],"picked":"Anger","floor":25},{"not_picked":["Headbutt","Flex"],"picked":"True Grit","floor":27},{"not_picked":["Searing Blow","Sword Boomerang"],"picked":"Uppercut+1","floor":31},{"not_picked":["Immolate","Brutality"],"picked":"Exhume","floor":33},{"not_picked":["Heavy Blade+1","Sever Soul+1"],"picked":"Inflame+1","floor":35},{"not_picked":["Feel No Pain","Shrug It Off"],"picked":"Havoc+1","floor":36},{"not_picked":["Clash","Sever Soul+1"],"picked":"Uppercut+1","floor":37},{"not_picked":["Purity","Bandage Up"],"picked":"Finesse","floor":38},{"not_picked":["Body Slam","Hemokinesis+1"],"picked":"Anger+1","floor":41},{"not_picked":["Iron Wave","Dual Wield"],"picked":"Cleave+1","floor":47},{"not_picked":["Pommel Strike","Iron Wave+1"],"picked":"Dropkick","floor":48}],"player_experience":124238,"relics_obtained":[{"floor":6,"key":"Ancient Tea Set"},{"floor":9,"key":"Boot"},{"floor":12,"key":"Nunchaku"},{"floor":24,"key":"Bag of Marbles"},{"floor":26,"key":"Vajra"},{"floor":27,"key":"Calipers"},{"floor":41,"key":"Singing Bowl"},{"floor":43,"key":"Self Forming Clay"},{"floor":48,"key":"Juzu Bracelet"}],"event_choices":[{"damage_healed":0,"gold_gain":0,"player_choice":"Gave Potion","damage_taken":0,"relics_obtained":["Centennial Puzzle"],"max_hp_gain":0,"max_hp_loss":0,"event_name":"WeMeetAgain","floor":3,"gold_loss":0},{"damage_healed":0,"gold_gain":0,"player_choice":"Ignored","damage_taken":0,"max_hp_gain":0,"max_hp_loss":0,"event_name":"The Mausoleum","floor":28,"gold_loss":0},{"cards_removed":["Purity"],"damage_healed":57,"gold_gain":0,"player_choice":"Offered Uncommon","damage_taken":0,"max_hp_gain":0,"max_hp_loss":0,"event_name":"Bonfire Elementals","floor":30,"gold_loss":0},{"damage_healed":0,"gold_gain":0,"player_choice":"Memory 1","damage_taken":0,"max_hp_gain":0,"max_hp_loss":0,"event_name":"SensoryStone","floor":38,"gold_loss":0},{"damage_healed":0,"gold_gain":0,"player_choice":"Ignored","damage_taken":0,"max_hp_gain":0,"max_hp_loss":0,"event_name":"Tomb of Lord Red Mask","floor":39,"gold_loss":0},{"cards_removed":["Strike_R"],"damage_healed":0,"gold_gain":0,"player_choice":"Removed Attack","damage_taken":0,"max_hp_gain":0,"max_hp_loss":0,"event_name":"Falling","floor":45,"gold_loss":0}],"is_beta":false,"boss_relics":[{"not_picked":["Black Blood","Orrery"],"picked":"Eternal Feather"},{"not_picked":["Cursed Key","Astrolabe"],"picked":"White Beast Statue"}],"items_purged_floors":[19],"is_endless":false,"potions_floor_spawned":[1,2,11,12,13,14,21,22,24,33,35,36,37,41,47,48],"killed_by":"Awakened One","ascension_level":3}