{"gold_per_floor":[111,111,124,124,137,137,55,123,147,162,187,202,221,36,36,164,164,184,184,184,201,201,201],"floor_reached":23,"playtime":7606,"items_purged":[],"score":193,"play_id":"a0818ed0-107e-435a-82cc-7cf14c63fa2d","local_time":"20190501214813","is_ascension_mode":false,"campfire_choices":[{"data":"Darkness","floor":6.0,"key":"SMITH"},{"floor":15,"key":"REST"}],"neow_cost":"NONE","seed_source_timestamp":55984521072009,"circlet_count":0,"master_deck":["Strike_B","Strike_B","Strike_B","Strike_B","Defend_B","Defend_B","Defend_B","Defend_B","Zap","Dualcast","Darkness+1","Cold Snap","Beam Cell","Glacier","Melter","Redo","Multi-Cast","Coolheaded","Conserve Battery","Steam Power","Streamline","Defragment","Skim","Buffer","Go for the Eyes+1","Melter+1"],"special_seed":0,"relics":["Cracked Core","Bloody Idol","WarpedTongs","Tiny Chest","Ancient Tea Set","Dream Catcher","Empty Cage","Juzu Bracelet"],"potions_floor_usage":[16,16,23,23],"damage_taken":[{"damage":6.0,"enemies":"Jaw Worm","floor":1.0,"turns":3.0},{"damage":2.0,"enemies":"2 Louse","floor":3.0,"turns":2.0},{"damage":3.0,"enemies":"Cultist","floor":5.0,"turns":3.0},{"damage":6.0,"enemies":"Lagavulin","floor":8.0,"turns":7.0},{"damage":9.0,"enemies":"Red Slaver","floor":10.0,"turns":3.0},{"damage":0.0,"enemies":"2 Fungi Beasts","floor":11.0,"turns":2.0},{"damage":11,"enemies":"Exordium Wildlife","floor":12,"turns":4},{"damage":7,"enemies":"Exordium Thugs","floor":13,"turns":4},{"damage":48,"enemies":"Hexaghost","floor":16,"turns":9},{"damage":34,"enemies":"3 Byrds","floor":18,"turns":6},{"damage":0,"enemies":"Chosen","floor":21,"turns":5},{"damage":78,"enemies":"Gremlin Leader","floor":23,"turns":9}],"seed_played":"5766565329560842498","potions_obtained":[{"floor":5.0,"key":"Energy Potion"},{"floor":11.0,"key":"AttackPotion"},{"floor":16,"key":"SneckoOil"},{"floor":22,"key":"FairyPotion"},{"floor":22,"key":"Energy Potion"}],"is_trial":false,"path_per_floor":["M","?","M","?","M","R","$","E","T","M","M","M","M","$","R","B",null,"M","?","T","M","?","E"],"character_chosen":"DEFECT","items_purchased":["Melter","Redo","Defragment","Dream Catcher"],"campfire_rested":1,"item_purchase_floors":[7,7,14,14],"current_hp_per_floor":[69,69,67,67,64,64,64,58,58,49,49,38,31,31,53,5,75,41,41,41,46,46,0],"gold":201,"neow_bonus":"THREE_CARDS","is_prod":false,"is_daily":false,"chose_seed":false,"campfire_upgraded":1,"win_rate":0.0,"timestamp":1556761693,"path_taken":["M","?","M","?","?","R","?","E","T","M","?","M","M","$","R","BOSS","M","?","?","M","?","E"],"build_version":"2019-01-23","purchased_purges":0,"victory":false,"max_hp_per_floor":[75,75,75,75,75,75,75,75,75,75,75,75,75,75,75,75,75,75,75,75,75,75,75],"card_choices":[{"not_picked":["Go for the Eyes","Compile Driver"],"picked":"Darkness","floor":0.0},{"not_picked":["Streamline","Tempest"],"picked":"Cold Snap","floor":1.0},{"not_picked":["Compile Driver","Skim"],"picked":"Beam Cell","floor":3.0},{"not_picked":["Coolheaded","White Noise"],"picked":"Glacier","floor":5.0},{"not_picked":["Defragment","Cold Snap"],"picked":"Multi-Cast","floor":8.0},{"not_picked":["Barrage","BootSequence"],"picked":"Coolheaded","floor":10.0},{"not_picked":["Leap","Glacier"],"picked":"Conserve Battery","floor":11.0},{"not_picked":["Chill","Streamline"],"picked":"Steam Power","floor":12},{"not_picked":["Seek","Hologram"],"picked":"Streamline","floor":13},{"not_picked":["Melter","Force Field"],"picked":"Skim","floor":15},{"not_picked":["All For One","Amplify"],"picked":"Buffer","floor":16},{"not_picked":["Steam","Stack"],"picked":"Go for the Eyes+1","floor":18},{"not_picked":["Stack","Scrape"],"picked":"Melter+1","floor":21}],"player_experience":40541,"relics_obtained":[{"floor":8.0,"key":"Tiny Chest"},{"floor":9.0,"key":"Ancient Tea Set"},{"floor":20,"key":"Juzu Bracelet"}],"event_choices":[{"damage_healed":0.0,"max_hp_gain":0.0,"max_hp_loss":0.0,"gold_gain":0.0,"event_name":"Golden Idol","player_choice":"Take Wound","floor":2.0,"gold_loss":0.0,"damage_taken":0.0,"relics_obtained":["Golden Idol"],"cards_obtained":["Injury"]},{"damage_healed":0.0,"max_hp_gain":0.0,"max_hp_loss":0.0,"gold_gain":0.0,"event_name":"Accursed Blacksmith","player_choice":"Rummage","floor":4.0,"gold_loss":0.0,"damage_taken":0.0,"relics_obtained":["WarpedTongs"],"cards_obtained":["Pain"]},{"damage_healed":0,"gold_gain":0,"player_choice":"Gave Idol","damage_taken":0,"relics_obtained":["Bloody Idol"],"max_hp_gain":0,"max_hp_loss":0,"event_name":"Forgotten Altar","floor":19,"relics_lost":["Golden Idol"],"gold_loss":0},{"damage_healed":0,"gold_gain":0,"player_choice":"Got Potions","damage_taken":0,"max_hp_gain":0,"max_hp_loss":0,"event_name":"Lab","floor":22,"gold_loss":0}],"is_beta":false,"boss_relics":[{"not_picked":["Busted Crown","FrozenCore"],"picked":"Empty Cage"}],"items_purged_floors":[],"is_endless":false,"potions_floor_spawned":[5,11,16],"killed_by":"Gremlin Leader","ascension_level":0}