{"gold_per_floor":[17,34,34,44,63,63,74,74,98,98,113,113,83,96,96,197,197,137,137,137,137,137,137,137,137,137,137,137,137,137,137,137,137,137,137,137,137,137,137,137,19,19,19,19,19,19,19,19,19,19],"floor_reached":51,"playtime":3723,"items_purged":[],"score":649,"play_id":"1cf18022-6846-428d-af9b-a7f2562d54e8","local_time":"20181217002418","is_ascension_mode":false,"campfire_choices":[{"data":"Deadly Poison","floor":6.0,"key":"SMITH"},{"data":"Footwork","floor":8.0,"key":"SMITH"},{"data":"Neutralize","floor":10.0,"key":"SMITH"},{"data":"Distraction","floor":12.0,"key":"SMITH"},{"floor":15.0,"key":"REST"},{"data":"Adrenaline","floor":23.0,"key":"SMITH"},{"data":"Noxious Fumes","floor":25.0,"key":"SMITH"},{"data":"Backflip","floor":29.0,"key":"SMITH"},{"data":"Ghostly","floor":32.0,"key":"SMITH"},{"data":"Ghostly","floor":40.0,"key":"SMITH"},{"data":"Ghostly","floor":45.0,"key":"SMITH"},{"data":"Night Terror","floor":49.0,"key":"SMITH"}],"neow_cost":"NO_GOLD","seed_source_timestamp":43432604719852,"circlet_count":0,"master_deck":["Defend_G","Defend_G","Defend_G","Defend_G","Defend_G+1","Strike_G","Strike_G","Strike_G","Survivor","Neutralize+1","Sucker Punch","Deadly Poison+1","Backflip","Distraction+1","Footwork+1","Backflip+1","Adrenaline+1","Heel Hook","PiercingWail","Poisoned Stab+1","Cloak And Dagger","Noxious Fumes+1","Bane+1","Ghostly+1","Ghostly+1","Ghostly+1","Ghostly+1","Ghostly","Deadly Poison","After Image","Noxious Fumes","Noxious Fumes","Night Terror+1","Blur","Dodge and Roll+1","Prepared+1"],"special_seed":0,"relics":["Ring of the Snake","Bird Faced Urn","Lantern","Ectoplasm","Gremlin Horn","Enchiridion","Philosopher\u0027s Stone","War Paint"],"potions_floor_usage":[50],"damage_taken":[{"damage":1.0,"enemies":"Jaw Worm","floor":1.0,"turns":5.0},{"damage":0.0,"enemies":"Small Slimes","floor":2.0,"turns":3.0},{"damage":2.0,"enemies":"Cultist","floor":4.0,"turns":4.0},{"damage":10.0,"enemies":"Gremlin Gang","floor":5.0,"turns":5.0},{"damage":7.0,"enemies":"Looter","floor":7.0,"turns":3.0},{"damage":6.0,"enemies":"2 Fungi Beasts","floor":11.0,"turns":4.0},{"damage":1.0,"enemies":"Exordium Wildlife","floor":14.0,"turns":6.0},{"damage":4.0,"enemies":"The Guardian","floor":16.0,"turns":13.0},{"damage":1.0,"enemies":"2 Thieves","floor":18.0,"turns":4.0},{"damage":0.0,"enemies":"Spheric Guardian","floor":19.0,"turns":6.0},{"damage":2.0,"enemies":"Shelled Parasite and Fungi","floor":20.0,"turns":9.0},{"damage":14.0,"enemies":"Snecko","floor":21.0,"turns":5.0},{"damage":0.0,"enemies":"Centurion and Healer","floor":24.0,"turns":6.0},{"damage":0.0,"enemies":"Cultist and Chosen","floor":28.0,"turns":4.0},{"damage":0.0,"enemies":"Chosen and Byrds","floor":31.0,"turns":6.0},{"damage":25.0,"enemies":"Champ","floor":33.0,"turns":13.0},{"damage":0.0,"enemies":"3 Shapes","floor":35.0,"turns":5.0},{"damage":7.0,"enemies":"Orb Walker","floor":36.0,"turns":4.0},{"damage":0.0,"enemies":"4 Shapes","floor":37.0,"turns":6.0},{"damage":0.0,"enemies":"Maw","floor":38.0,"turns":7.0},{"damage":0.0,"enemies":"Spire Growth","floor":44.0,"turns":7.0},{"damage":15.0,"enemies":"Transient","floor":46.0,"turns":5.0},{"damage":0.0,"enemies":"4 Shapes","floor":47.0,"turns":3.0},{"damage":0.0,"enemies":"Writhing Mass","floor":48.0,"turns":7.0},{"damage":44,"enemies":"Awakened One","floor":50,"turns":18}],"seed_played":"-7795814694964615438","potions_obtained":[{"floor":4.0,"key":"Fire Potion"},{"floor":7.0,"key":"EssenceOfSteel"},{"floor":13.0,"key":"AttackPotion"},{"floor":13.0,"key":"SpeedPotion"},{"floor":16.0,"key":"AttackPotion"},{"floor":20.0,"key":"FearPotion"},{"floor":21.0,"key":"Energy Potion"},{"floor":35.0,"key":"Fire Potion"},{"floor":38.0,"key":"Weak Potion"}],"is_trial":false,"path_per_floor":["M","M","?","M","M","R","M","R","T","R","M","R","?","M","R","B",null,"M","M","M","M","?","R","M","R","T","?","M","R","?","M","R","B",null,"M","M","M","M","?","R","$","?","T","M","R","M","M","M","R","B",null],"character_chosen":"THE_SILENT","items_purchased":["Blur","Energy Potion"],"campfire_rested":1,"item_purchase_floors":[41,41],"current_hp_per_floor":[69,69,74,72,62,62,55,55,55,55,51,51,51,50,72,70,75,74,75,73,61,61,61,65,65,65,49,53,53,37,37,37,12,37,37,32,37,37,37,37,37,37,37,37,37,22,30,37,37,3],"gold":19,"neow_bonus":"ONE_RARE_RELIC","is_prod":false,"is_daily":false,"chose_seed":false,"campfire_upgraded":11,"win_rate":0,"timestamp":1544995458,"path_taken":["M","M","?","M","M","R","M","R","T","R","M","R","?","M","R","BOSS","M","M","?","?","?","R","M","R","T","?","M","R","?","?","R","BOSS","M","M","M","M","?","R","$","?","T","M","R","M","?","M","R","BOSS"],"build_version":"2018-12-13","purchased_purges":0,"victory":true,"max_hp_per_floor":[70,70,75,75,75,75,75,75,75,75,75,75,75,75,75,75,75,75,75,75,75,75,75,75,75,75,75,75,75,37,37,37,37,37,37,37,37,37,37,37,37,37,37,37,37,37,37,37,37,37],"card_choices":[{"not_picked":["PiercingWail","Prepared"],"picked":"Sucker Punch","floor":1.0},{"not_picked":["Quick Slash","Infinite Blades"],"picked":"Deadly Poison","floor":2.0},{"not_picked":["Heel Hook","Flying Knee"],"picked":"Backflip","floor":4.0},{"not_picked":["PiercingWail","Quick Slash"],"picked":"Distraction","floor":5.0},{"not_picked":["Dash","Prepared"],"picked":"Footwork","floor":7.0},{"not_picked":["Outmaneuver","Dodge and Roll"],"picked":"Backflip","floor":11.0},{"not_picked":["Backflip","Endless Agony","Prepared"],"picked":"SKIP","floor":14.0},{"not_picked":["After Image","A Thousand Cuts"],"picked":"Adrenaline","floor":16.0},{"not_picked":["Concentrate","Outmaneuver"],"picked":"Heel Hook","floor":18.0},{"not_picked":["Dagger Throw+1","Dagger Spray","Infinite Blades"],"picked":"SKIP","floor":19.0},{"not_picked":["Dagger Throw+1","Blade Dance"],"picked":"PiercingWail","floor":20.0},{"not_picked":["PiercingWail","Die Die Die"],"picked":"Poisoned Stab+1","floor":21.0},{"not_picked":["Acrobatics","Prepared"],"picked":"Bane+1","floor":24.0},{"not_picked":["PiercingWail","Acrobatics","Distraction"],"picked":"SKIP","floor":28.0},{"not_picked":["Flying Knee","Acrobatics"],"picked":"Deadly Poison","floor":31.0},{"not_picked":["Adrenaline","Bullet Time"],"picked":"After Image","floor":33.0},{"not_picked":["Terror+1","Underhanded Strike"],"picked":"Noxious Fumes","floor":35.0},{"not_picked":["Concentrate+1","Deadly Poison","Backflip"],"picked":"SKIP","floor":36.0},{"not_picked":["Poisoned Stab","Blade Dance"],"picked":"Noxious Fumes","floor":37.0},{"not_picked":["Reflex+1","Acrobatics"],"picked":"Night Terror","floor":38.0},{"not_picked":["Slice","Cloak And Dagger","Flechettes"],"picked":"SKIP","floor":44.0},{"not_picked":["Blade Dance","Outmaneuver+1","Backstab+1"],"picked":"SKIP","floor":46.0},{"not_picked":["Dagger Spray","Distraction"],"picked":"Dodge and Roll+1","floor":47.0},{"not_picked":["Backflip","Deflect+1"],"picked":"Prepared+1","floor":48.0}],"player_experience":353077,"relics_obtained":[{"floor":9.0,"key":"Lantern"},{"floor":26.0,"key":"Gremlin Horn"},{"floor":27.0,"key":"Enchiridion"},{"floor":43.0,"key":"War Paint"}],"event_choices":[{"damage_healed":0.0,"max_hp_gain":5.0,"max_hp_loss":0.0,"gold_gain":0.0,"event_name":"Big Fish","player_choice":"Donut","floor":3.0,"gold_loss":0.0,"damage_taken":0.0},{"damage_healed":0.0,"max_hp_gain":0.0,"max_hp_loss":0.0,"gold_gain":0.0,"event_name":"The Woman in Blue","player_choice":"Bought 2 Potions","floor":13.0,"gold_loss":0.0,"damage_taken":0.0},{"damage_healed":0.0,"max_hp_gain":0.0,"max_hp_loss":0.0,"gold_gain":0.0,"cards_transformed":["Strike_G","Strike_G"],"event_name":"Drug Dealer","player_choice":"Became Test Subject","floor":22.0,"gold_loss":0.0,"damage_taken":0.0,"cards_obtained":["Cloak And Dagger","Noxious Fumes"]},{"damage_healed":0.0,"max_hp_gain":0.0,"max_hp_loss":0.0,"gold_gain":0.0,"event_name":"Cursed Tome","player_choice":"Obtained Book","floor":27.0,"gold_loss":0.0,"damage_taken":16.0},{"damage_healed":0.0,"max_hp_gain":0.0,"max_hp_loss":38.0,"gold_gain":0.0,"event_name":"Ghosts","player_choice":"Became a Ghost","floor":30.0,"gold_loss":0.0,"damage_taken":0.0,"cards_obtained":["Ghostly","Ghostly","Ghostly","Ghostly","Ghostly"]},{"damage_healed":0.0,"max_hp_gain":0.0,"max_hp_loss":0.0,"gold_gain":0.0,"event_name":"Mysterious Sphere","player_choice":"Ignored","floor":39.0,"gold_loss":0.0,"damage_taken":0.0},{"damage_healed":0.0,"max_hp_gain":0.0,"max_hp_loss":0.0,"gold_gain":0.0,"event_name":"Match and Keep!","player_choice":"0 cards matched","floor":42.0,"gold_loss":0.0,"damage_taken":0.0,"cards_obtained":[]}],"is_beta":false,"boss_relics":[{"not_picked":["WristBlade","Coffee Dripper"],"picked":"Ectoplasm"},{"not_picked":["Snecko Eye","Black Star"],"picked":"Philosopher\u0027s Stone"}],"items_purged_floors":[],"is_endless":false,"potions_floor_spawned":[4,7,16,20,21,28,35,38],"ascension_level":0}