{"gold_per_floor":[113,38,9,19,19,19,46,58,84,84,95,95,126,141,141,220,220,239,73,73,84,354,354,367,27,27,27,38,38,48,66,66,66],"floor_reached":33,"playtime":1307,"items_purged":["Strike_G"],"score":508,"play_id":"a2fc26a6-363d-45d0-adcc-94e249fc59f7","local_time":"20190429224651","is_ascension_mode":true,"campfire_choices":[{"data":"Blade Dance","floor":6.0,"key":"SMITH"},{"data":"Noxious Fumes","floor":10.0,"key":"SMITH"},{"data":"Poisoned Stab","floor":12.0,"key":"SMITH"},{"data":"Cloak And Dagger","floor":15.0,"key":"SMITH"},{"floor":23.0,"key":"REST"},{"data":"A Thousand Cuts","floor":27.0,"key":"SMITH"},{"floor":32,"key":"REST"}],"neow_cost":"NONE","seed_source_timestamp":1561280622609113,"circlet_count":0,"master_deck":["AscendersBane","Defend_G","Defend_G","Defend_G","Defend_G","Defend_G","Strike_G","Strike_G","Strike_G","Survivor","Neutralize","Acrobatics","Blade Dance+1","Poisoned Stab+1","Noxious Fumes+1","Dagger Throw","Cloak And Dagger+1","A Thousand Cuts+1","Backflip","Bane","Acrobatics"],"special_seed":0,"relics":["Ring of the Snake","NeowsBlessing","Meat on the Bone","The Specimen","Snake Skull","Vajra","White Beast Statue","Oddly Smooth Stone","Membership Card","Bag of Preparation","Bottled Tornado"],"potions_floor_usage":[31,33],"damage_taken":[{"damage":0.0,"enemies":"Jaw Worm","floor":1.0,"turns":1.0},{"damage":0.0,"enemies":"Small Slimes","floor":4.0,"turns":1.0},{"damage":0.0,"enemies":"Gremlin Nob","floor":7.0,"turns":1.0},{"damage":0.0,"enemies":"Cultist","floor":8.0,"turns":4.0},{"damage":4.0,"enemies":"Blue Slaver","floor":11.0,"turns":4.0},{"damage":30.0,"enemies":"3 Sentries","floor":13.0,"turns":5.0},{"damage":3.0,"enemies":"Looter","floor":14.0,"turns":3.0},{"damage":3.0,"enemies":"Slime Boss","floor":16.0,"turns":8.0},{"damage":26.0,"enemies":"Spheric Guardian","floor":18.0,"turns":5.0},{"damage":0.0,"enemies":"Chosen","floor":21.0,"turns":3.0},{"damage":0.0,"enemies":"Snecko","floor":24.0,"turns":4.0},{"damage":20.0,"enemies":"Snake Plant","floor":28.0,"turns":4.0},{"damage":17,"enemies":"Centurion and Healer","floor":30,"turns":6},{"damage":25,"enemies":"Sentry and Sphere","floor":31,"turns":5},{"damage":31,"enemies":"Automaton","floor":33,"turns":6}],"seed_played":"-5317669297501840823","potions_obtained":[{"floor":8.0,"key":"FearPotion"},{"floor":13.0,"key":"Fire Potion"},{"floor":14.0,"key":"Regen Potion"},{"floor":16.0,"key":"Dexterity Potion"},{"floor":18.0,"key":"SkillPotion"},{"floor":21.0,"key":"LiquidBronze"},{"floor":24.0,"key":"Strength Potion"},{"floor":28.0,"key":"FearPotion"},{"floor":30,"key":"AttackPotion"},{"floor":31,"key":"PowerPotion"}],"is_trial":false,"path_per_floor":["M","?","$","M","T","R","E","M","T","R","M","R","E","M","R","B",null,"M","$","?","M","?","R","M","$","T","R","M","?","M","M","R","B"],"character_chosen":"THE_SILENT","items_purchased":["Blade Dance","Oddly Smooth Stone","Membership Card","Bag of Preparation"],"campfire_rested":2,"item_purchase_floors":[3,19,25,25],"current_hp_per_floor":[59,59,59,59,59,59,59,59,59,59,55,55,37,34,34,46,61,35,35,35,35,11,30,42,42,42,42,34,34,29,16,35,4],"gold":66,"neow_bonus":"THREE_ENEMY_KILL","is_prod":false,"is_daily":false,"chose_seed":false,"campfire_upgraded":5,"win_rate":0,"timestamp":1556545611,"path_taken":["M","?","$","M","?","R","E","M","T","R","M","R","E","M","R","BOSS","M","$","?","M","?","R","M","$","T","R","?","?","M","M","R","BOSS"],"build_version":"2019-01-23","purchased_purges":1,"victory":false,"max_hp_per_floor":[66,66,66,66,66,66,66,66,66,66,66,66,66,66,66,66,66,66,66,66,66,66,66,66,66,66,66,66,66,66,66,66,66],"card_choices":[{"not_picked":["Sucker Punch","Escape Plan"],"picked":"Acrobatics","floor":1.0},{"not_picked":["Riddle With Holes","Heel Hook"],"picked":"Poisoned Stab","floor":4.0},{"not_picked":["Concentrate","Bane"],"picked":"Noxious Fumes","floor":7.0},{"not_picked":["Dagger Spray","Dodge and Roll"],"picked":"Dagger Throw","floor":8.0},{"not_picked":["Predator","Reflex","Storm of Steel"],"picked":"SKIP","floor":11.0},{"not_picked":["Slice","Deflect","Underhanded Strike"],"picked":"SKIP","floor":13.0},{"not_picked":["Dagger Spray","Backflip"],"picked":"Cloak And Dagger","floor":14.0},{"not_picked":["Bullet Time","Unload"],"picked":"A Thousand Cuts","floor":16.0},{"not_picked":["Finisher+1","Setup+1","Expertise"],"picked":"SKIP","floor":18.0},{"not_picked":["Caltrops","Expertise"],"picked":"Backflip","floor":21.0},{"not_picked":["Infinite Blades","Backstab"],"picked":"Bane","floor":24.0},{"not_picked":["Dodge and Roll","Heel Hook"],"picked":"Acrobatics","floor":28.0},{"not_picked":["Acrobatics","Blade Dance","Underhanded Strike"],"picked":"SKIP","floor":30},{"not_picked":["Bane","Poisoned Stab","Riddle With Holes"],"picked":"SKIP","floor":31}],"player_experience":725870,"relics_obtained":[{"floor":5.0,"key":"Meat on the Bone"},{"floor":7.0,"key":"The Specimen"},{"floor":9.0,"key":"Snake Skull"},{"floor":13.0,"key":"Vajra"},{"floor":26.0,"key":"Bottled Tornado"}],"event_choices":[{"cards_removed":["Strike_G"],"damage_healed":0.0,"max_hp_gain":0.0,"max_hp_loss":0.0,"gold_gain":0.0,"event_name":"The Cleric","player_choice":"Card Removal","floor":2.0,"gold_loss":75.0,"damage_taken":0.0},{"damage_healed":0.0,"max_hp_gain":0.0,"max_hp_loss":0.0,"gold_gain":0.0,"event_name":"Ghosts","player_choice":"Ignored","floor":20.0,"gold_loss":0.0,"damage_taken":0.0},{"damage_healed":0.0,"max_hp_gain":0.0,"max_hp_loss":0.0,"gold_gain":270.0,"event_name":"Knowing Skull","player_choice":"GOLD GOLD GOLD ","floor":22.0,"potions_obtained":[],"gold_loss":0.0,"damage_taken":24.0,"cards_obtained":[]},{"damage_healed":0,"gold_gain":0,"player_choice":"Ignored","damage_taken":0,"max_hp_gain":0,"max_hp_loss":0,"event_name":"The Mausoleum","floor":29,"gold_loss":0}],"is_beta":false,"boss_relics":[{"not_picked":["Coffee Dripper","Runic Dome"],"picked":"White Beast Statue"}],"items_purged_floors":[25],"is_endless":false,"potions_floor_spawned":[8,13,14,16,18,21,24,28,30,31],"killed_by":"Automaton","ascension_level":16}