{"gold_per_floor":[362,74,74,84,104,104,118,143,143,143],"floor_reached":10,"playtime":379,"items_purged":[],"score":78,"play_id":"8bd8f96c-f858-499b-9402-91a86af32324","local_time":"20190122183026","is_ascension_mode":true,"campfire_choices":[{"data":"Zap","floor":6,"key":"SMITH"}],"neow_cost":"PERCENT_DAMAGE","seed_source_timestamp":716952911415833,"circlet_count":0,"master_deck":["Strike_B","Strike_B","Strike_B","Strike_B","Defend_B","Defend_B","Defend_B","Defend_B","Zap+1","Dualcast","Self Repair","Aggregate","Regret","Rebound","Defragment","Defragment","Sweeping Beam"],"relics":["Cracked Core","Question Card","The Courier","Shuriken","Pantograph"],"potions_floor_usage":[8],"damage_taken":[{"damage":0,"enemies":"Cultist","floor":1,"turns":3},{"damage":17,"enemies":"Jaw Worm","floor":4,"turns":5},{"damage":9,"enemies":"Small Slimes","floor":5,"turns":4},{"damage":12,"enemies":"2 Fungi Beasts","floor":7,"turns":3},{"damage":34,"enemies":"Gremlin Nob","floor":8,"turns":5},{"damage":10,"enemies":"3 Sentries","floor":10,"turns":1}],"seed_played":"-7228632872301884459","potions_obtained":[{"floor":1,"key":"Weak Potion"}],"is_trial":false,"path_per_floor":["M","$","?","M","M","R","M","E","T","E"],"character_chosen":"DEFECT","items_purchased":["Question Card","Aggregate"],"campfire_rested":0,"item_purchase_floors":[2,2],"current_hp_per_floor":[54,54,54,44,42,42,37,10,10,0],"gold":143,"neow_bonus":"TWO_FIFTY_GOLD","is_prod":false,"is_daily":false,"chose_seed":false,"campfire_upgraded":1,"win_rate":0,"timestamp":1548153026,"path_taken":["M","$","?","M","M","R","M","E","T","E"],"build_version":"2019-01-17v2","purchased_purges":0,"victory":false,"max_hp_per_floor":[75,75,75,75,75,75,75,75,75,75],"card_choices":[{"not_picked":["Leap","Genetic Algorithm"],"picked":"Self Repair","floor":1},{"not_picked":["Barrage","Turbo","Conserve Battery"],"picked":"Rebound","floor":4},{"not_picked":["Sweeping Beam","Rebound","Go for the Eyes"],"picked":"Defragment","floor":5},{"not_picked":["Sweeping Beam","Leap","Melter"],"picked":"Defragment","floor":7},{"not_picked":["Beam Cell","Doom and Gloom","Barrage"],"picked":"Sweeping Beam","floor":8}],"player_experience":184515,"relics_obtained":[{"floor":8,"key":"Shuriken"},{"floor":9,"key":"Pantograph"}],"event_choices":[{"damage_healed":0,"gold_gain":0,"player_choice":"Box","damage_taken":0,"relics_obtained":["The Courier"],"max_hp_gain":0,"max_hp_loss":0,"event_name":"Big Fish","floor":3,"gold_loss":0,"cards_obtained":["Regret"]}],"is_beta":false,"boss_relics":[],"items_purged_floors":[],"is_endless":false,"potions_floor_spawned":[1],"killed_by":"3 Sentries","ascension_level":3}