{"gold_per_floor":[114,129,129,0,10,10,20,37,37,37,37,37,49,49,49,144,144,163,25,25,38,38,71,71,18,18,30,60,72,114,138,150,264,276,300,222,234,256,143,143,160,10,35,35,0,0,13,32,32,32],"floor_reached":51,"playtime":5144,"items_purged":["Strike_G","Strike_G","Doubt","Strike_G"],"score":624,"play_id":"a30a0cd4-fa8d-4eb7-bd87-6c9ec9864b89","local_time":"20180925000614","is_ascension_mode":false,"campfire_choices":[{"data":"Footwork","floor":6,"key":"SMITH"},{"data":"Terror","floor":11,"key":"SMITH"},{"data":"Flechettes","floor":15,"key":"SMITH"},{"floor":27,"key":"REST"},{"floor":29,"key":"REST"},{"floor":32,"key":"REST"},{"data":"A Thousand Cuts","floor":40,"key":"SMITH"},{"data":"Tools of the Trade","floor":44,"key":"SMITH"},{"data":"Calculated Gamble","floor":46,"key":"SMITH"},{"floor":49,"key":"REST"}],"neow_cost":"NONE","seed_source_timestamp":14570067623814,"circlet_count":0,"master_deck":["Defend_G","Defend_G+1","Defend_G","Defend_G","Defend_G","Strike_G","Survivor","Neutralize","Footwork+1","Deadly Poison","Backflip","Escape Plan","Flechettes+1","Terror+1","Tools of the Trade+1","Dodge and Roll","Footwork","Calculated Gamble+1","Dodge and Roll+1","A Thousand Cuts+1","Underhanded Strike+1","Prepared+1"],"relics":["Runic Dome","Juzu Bracelet","Sozu","Bag of Marbles","Letter Opener","MawBank","Blood Vial","Calling Bell","Boot","Mummified Hand","WingedGreaves","Spirit Poop","Lantern","Red Mask"],"potions_floor_usage":[28],"damage_taken":[{"damage":2,"enemies":"Cultist","floor":1,"turns":5},{"damage":3,"enemies":"Small Slimes","floor":2,"turns":4},{"damage":0,"enemies":"Jaw Worm","floor":5,"turns":6},{"damage":14,"enemies":"3 Louse","floor":7,"turns":6},{"damage":3,"enemies":"Exordium Thugs","floor":8,"turns":5},{"damage":3,"enemies":"Red Slaver","floor":13,"turns":3},{"damage":9,"enemies":"The Guardian","floor":16,"turns":11},{"damage":0,"enemies":"Chosen","floor":18,"turns":7},{"damage":5,"enemies":"Spheric Guardian","floor":21,"turns":10},{"damage":29,"enemies":"Gremlin Leader","floor":23,"turns":11},{"damage":30,"enemies":"Cultist and Chosen","floor":28,"turns":10},{"damage":8,"enemies":"Slavers","floor":30,"turns":8},{"damage":0,"enemies":"3 Cultists","floor":31,"turns":6},{"damage":48,"enemies":"Automaton","floor":33,"turns":14},{"damage":10,"enemies":"Orb Walker","floor":35,"turns":5},{"damage":9,"enemies":"3 Shapes","floor":38,"turns":6},{"damage":0,"enemies":"3 Darklings","floor":41,"turns":4},{"damage":12,"enemies":"Sphere and 2 Shapes","floor":47,"turns":5},{"damage":0,"enemies":"Transient","floor":48,"turns":5},{"damage":40,"enemies":"Awakened One","floor":50,"turns":21}],"seed_played":"4687491274741503407","potions_obtained":[{"floor":1,"key":"AttackPotion"},{"floor":5,"key":"Ancient Potion"},{"floor":10,"key":"SpeedPotion"},{"floor":10,"key":"SmokeBomb"},{"floor":13,"key":"Fire Potion"}],"is_trial":false,"path_per_floor":["M","M","?","$","M","R","M","M","T","?","R","?","M","?","R","B",null,"M","$","?","M","?","E","?","?","T","R","M","R","E","M","R","B",null,"M","?","?","M","$","R","M","$","T","R","?","R","M","M","R","B"],"character_chosen":"THE_SILENT","items_purchased":["Backflip","Footwork"],"campfire_rested":4,"item_purchase_floors":[4,19],"current_hp_per_floor":[68,65,65,65,65,65,51,48,48,48,48,41,38,61,61,52,70,70,70,70,65,65,36,20,20,20,41,11,32,24,26,47,1,70,60,60,60,53,53,53,55,55,55,55,55,55,45,47,68,30],"gold":32,"neow_bonus":"BOSS_RELIC","is_prod":false,"is_daily":false,"chose_seed":false,"campfire_upgraded":6,"win_rate":0,"timestamp":1537823174,"path_taken":["M","?","?","$","M","R","M","M","T","?","R","?","M","?","R","BOSS","M","$","?","M","?","E","?","?","T","R","M","R","E","M","R","BOSS","M","?","?","M","$","R","M","$","T","R","?","R","M","M","R","BOSS"],"build_version":"2018-09-20","purchased_purges":4,"victory":true,"max_hp_per_floor":[70,70,70,70,70,70,70,70,70,70,70,70,70,70,70,70,70,70,70,70,70,70,70,70,70,70,70,70,70,70,70,70,70,70,70,70,70,70,70,70,70,70,70,70,70,70,70,70,70,70],"card_choices":[{"not_picked":["Backflip","Endless Agony"],"picked":"Footwork","floor":1},{"not_picked":["Quick Slash","Flying Knee"],"picked":"Deadly Poison","floor":2},{"not_picked":["Sucker Punch","Dagger Throw"],"picked":"Escape Plan","floor":5},{"not_picked":["Heel Hook","Slice"],"picked":"Flechettes","floor":7},{"not_picked":["Acrobatics","Dagger Spray"],"picked":"Terror","floor":8},{"not_picked":["Outmaneuver","Dagger Spray","Blade Dance"],"picked":"SKIP","floor":13},{"not_picked":["Night Terror","Wraith Form v2"],"picked":"Tools of the Trade","floor":16},{"not_picked":["Flying Knee","Infinite Blades"],"picked":"Dodge and Roll","floor":18},{"not_picked":["Underhanded Strike","Dodge and Roll"],"picked":"Calculated Gamble","floor":21},{"not_picked":["Dagger Spray","Slice","Bane"],"picked":"SKIP","floor":23},{"not_picked":["Burst","Poisoned Stab"],"picked":"Dodge and Roll+1","floor":28},{"not_picked":["Burst","Bouncing Flask","Underhanded Strike+1"],"picked":"SKIP","floor":30},{"not_picked":["Flechettes","Outmaneuver","Prepared"],"picked":"SKIP","floor":31},{"not_picked":["Phantasmal Killer","Burst"],"picked":"A Thousand Cuts","floor":33},{"not_picked":["PiercingWail","Tactician","Dodge and Roll"],"picked":"SKIP","floor":35},{"not_picked":["Outmaneuver","Terror","Masterful Stab+1"],"picked":"SKIP","floor":38},{"not_picked":["PiercingWail","Blade Dance+1"],"picked":"Underhanded Strike+1","floor":41},{"not_picked":["Poisoned Stab+1","Corpse Explosion"],"picked":"Prepared+1","floor":47},{"not_picked":["Predator","Finisher+1","Dagger Spray+1"],"picked":"SKIP","floor":48}],"player_experience":35485,"relics_obtained":[{"floor":9,"key":"Juzu Bracelet"},{"floor":23,"key":"Bag of Marbles"},{"floor":26,"key":"MawBank"},{"floor":30,"key":"Blood Vial"},{"floor":34,"key":"Boot"},{"floor":34,"key":"Mummified Hand"},{"floor":34,"key":"WingedGreaves"},{"floor":43,"key":"Lantern"}],"event_choices":[{"event_name":"Golden Idol","player_choice":"Ignored","floor":3,"damage_taken":0},{"event_name":"The Lab","player_choice":"Got Potions","floor":10,"damage_taken":0},{"event_name":"Golden Wing","player_choice":"Card Removal","floor":12,"damage_taken":0},{"event_name":"Big Fish","player_choice":"Banana","floor":14,"damage_taken":0},{"event_name":"Vampires","player_choice":"Ignored","floor":22,"damage_taken":0},{"event_name":"Cursed Tome","player_choice":"Obtained Book","floor":24,"damage_taken":0},{"event_name":"WeMeetAgain","player_choice":"Gold","floor":25,"damage_taken":0},{"event_name":"Designer","player_choice":"Full Service","floor":36,"damage_taken":0},{"event_name":"Bonfire Elementals","player_choice":"CURSE","floor":37,"damage_taken":0},{"event_name":"Tomb of Lord Red Mask","player_choice":"Paid","floor":45,"damage_taken":0}],"is_beta":false,"boss_relics":[{"not_picked":["Orrery","Ectoplasm"],"picked":"Sozu"},{"not_picked":["Busted Crown","Velvet Choker"],"picked":"Calling Bell"}],"items_purged_floors":[4,19,39,42],"is_endless":false,"potions_floor_spawned":[1,5,13,18,21,33,48],"ascension_level":0}