{"gold_per_floor":[118,118,64,77,94,94,125,125,199,226,226,241,241,253,253,358,408,422,440,440,239,239],"floor_reached":22,"playtime":1332,"items_purged":["Strike_B"],"score":204,"play_id":"72276e00-d743-4d64-bf69-7dc963bbd246","local_time":"20190117231623","is_ascension_mode":true,"campfire_choices":[{"data":"Zap","floor":6,"key":"SMITH"},{"data":"Blizzard","floor":8,"key":"SMITH"},{"data":"Aggregate","floor":11,"key":"SMITH"},{"floor":15,"key":"REST"}],"neow_cost":"NONE","seed_source_timestamp":301131374162987,"circlet_count":0,"master_deck":["Strike_B","Strike_B+1","Strike_B","Defend_B","Defend_B","Defend_B","Defend_B","Zap+1","Dualcast","Redo+1","Cold Snap","Aggregate+1","Blizzard+1","Stack","Machine Learning+1","Cold Snap","Static Discharge+1","Fission","Chaos","Redo","Redo+1"],"relics":["Cracked Core","Regal Pillow","PreservedInsect","Question Card","Frozen Egg 2","Tiny House","Nilry\u0027s Codex","Tiny Chest"],"potions_floor_usage":[7,12,22],"damage_taken":[{"damage":0,"enemies":"Small Slimes","floor":1,"turns":4},{"damage":4,"enemies":"Jaw Worm","floor":4,"turns":4},{"damage":0,"enemies":"2 Louse","floor":5,"turns":2},{"damage":20,"enemies":"3 Sentries","floor":7,"turns":7},{"damage":40,"enemies":"Gremlin Nob","floor":10,"turns":4},{"damage":8,"enemies":"2 Fungi Beasts","floor":12,"turns":3},{"damage":0,"enemies":"Large Slime","floor":14,"turns":6},{"damage":21,"enemies":"Hexaghost","floor":16,"turns":11},{"damage":21,"enemies":"Shell Parasite","floor":18,"turns":4},{"damage":6,"enemies":"Spheric Guardian","floor":19,"turns":4},{"damage":47,"enemies":"Cultist and Chosen","floor":22,"turns":5}],"seed_played":"1807718888204565667","potions_obtained":[{"floor":4,"key":"GamblersBrew"},{"floor":5,"key":"EssenceOfSteel"},{"floor":7,"key":"Dexterity Potion"},{"floor":14,"key":"GamblersBrew"},{"floor":16,"key":"EssenceOfSteel"},{"floor":19,"key":"EssenceOfSteel"}],"is_trial":false,"path_per_floor":["M","?","$","M","M","R","E","R","T","E","R","M","?","M","R","B",null,"M","M","?","$","M"],"character_chosen":"DEFECT","items_purchased":["Cold Snap","Tiny Chest"],"campfire_rested":1,"item_purchase_floors":[3,21],"current_hp_per_floor":[75,75,75,71,71,71,51,51,51,11,11,3,3,3,40,19,80,59,53,37,37,0],"gold":239,"neow_bonus":"RANDOM_COMMON_RELIC","is_prod":false,"is_daily":false,"chose_seed":false,"campfire_upgraded":3,"win_rate":0,"timestamp":1547738183,"path_taken":["M","?","$","M","M","R","E","R","T","E","R","M","?","M","R","BOSS","M","M","?","$","M"],"build_version":"2019-01-10","purchased_purges":1,"victory":false,"max_hp_per_floor":[75,75,75,75,75,75,75,75,75,75,75,75,75,75,75,75,80,80,80,80,80,80],"card_choices":[{"not_picked":["Beam Cell","Stack"],"picked":"Redo","floor":1},{"not_picked":["Beam Cell","Conserve Battery"],"picked":"Aggregate","floor":4},{"not_picked":["Doom and Gloom","Gash"],"picked":"Blizzard","floor":5},{"not_picked":["Reprogram","Skim"],"picked":"Stack","floor":7},{"not_picked":["Ball Lightning","Steam","Scrape"],"picked":"Machine Learning","floor":10},{"not_picked":["Consume","Scrape","Auto Shields"],"picked":"Cold Snap","floor":12},{"not_picked":["Core Surge","Go for the Eyes","Reprogram"],"picked":"Static Discharge+1","floor":14},{"not_picked":["Thunder Strike","Hyperbeam","Multi-Cast"],"picked":"Fission","floor":16},{"not_picked":["Barrage","Steam","Rip and Tear"],"picked":"Chaos","floor":17},{"not_picked":["Hello World+1","Streamline","Fusion"],"picked":"Redo","floor":18},{"not_picked":["Auto Shields","Conserve Battery+1","Skim"],"picked":"Redo+1","floor":19}],"player_experience":154927,"relics_obtained":[{"floor":7,"key":"PreservedInsect"},{"floor":9,"key":"Question Card"},{"floor":10,"key":"Frozen Egg 2"},{"floor":20,"key":"Nilry\u0027s Codex"}],"event_choices":[{"damage_healed":0,"gold_gain":0,"player_choice":"Grow","damage_taken":0,"max_hp_gain":0,"max_hp_loss":0,"event_name":"Living Wall","floor":2,"gold_loss":0,"cards_upgraded":["Redo"]},{"damage_healed":0,"gold_gain":0,"player_choice":"Fled","damage_taken":0,"max_hp_gain":0,"max_hp_loss":0,"event_name":"Scrap Ooze","floor":13,"gold_loss":0},{"damage_healed":0,"gold_gain":0,"player_choice":"Obtained Book","damage_taken":16,"max_hp_gain":0,"max_hp_loss":0,"event_name":"Cursed Tome","floor":20,"gold_loss":0}],"is_beta":false,"boss_relics":[{"not_picked":["Sozu","Runic Dome"],"picked":"Tiny House"}],"items_purged_floors":[21],"is_endless":false,"potions_floor_spawned":[4,5,7,14,16,18,19],"killed_by":"Cultist and Chosen","ascension_level":1}