{"gold_per_floor":[219,232,232,232,243,243,255,255,255,255,275,275,285,135,135,208,208,182,192,203,203,217,217,229,263,263,263,278,291,291,291,291,366,416,426,426,257,80,80,0,18,29,77,95,95,113,124,140,140,140],"floor_reached":51,"playtime":4649,"items_purged":["Strike_G","Strike_G","Strike_G"],"score":1113,"play_id":"188f82b7-2acb-416c-8ed5-13f84dde1778","local_time":"20190501223110","is_ascension_mode":true,"campfire_choices":[{"data":"Neutralize","floor":6,"key":"SMITH"},{"data":"Leg Sweep","floor":8,"key":"SMITH"},{"data":"Poisoned Stab","floor":10,"key":"SMITH"},{"data":"Predator","floor":15,"key":"SMITH"},{"floor":23,"key":"REST"},{"floor":27,"key":"REST"},{"floor":30,"key":"REST"},{"floor":32,"key":"REST"},{"data":"Burst","floor":45,"key":"SMITH"},{"floor":49,"key":"REST"}],"neow_cost":"NONE","seed_source_timestamp":1807828563492053,"circlet_count":0,"master_deck":["AscendersBane","Defend_G+1","Defend_G","Defend_G","Defend_G","Defend_G","Strike_G","Strike_G","Survivor","Neutralize+1","Leg Sweep+1","Backstab","Escape Plan","Poisoned Stab+1","Predator+1","Footwork+1","Escape Plan","Burst+1","Cloak And Dagger","Noxious Fumes+1","Backstab","Footwork+1","PiercingWail","Escape Plan","Catalyst+1","Caltrops+1","Bullet Time+1","Catalyst+1","Deadly Poison+1","Footwork+1","Blade Dance+1","Madness+1","Madness+1","Noxious Fumes+1","Backflip+1","PiercingWail+1","Parasite","Crippling Poison+1"],"relics":["Ring of the Snake","Frozen Egg 2","Unceasing Top","White Beast Statue","MutagenicStrength","Bottled Tornado","Toxic Egg 2","Tiny House","Bronze Scales"],"potions_floor_usage":[16,16,19,22,22,22,24,25,25,29,31,33,35,44,46,47,48,50,50],"damage_taken":[{"damage":1,"enemies":"2 Louse","floor":1,"turns":4},{"damage":1,"enemies":"Small Slimes","floor":2,"turns":4},{"damage":2,"enemies":"Jaw Worm","floor":5,"turns":5},{"damage":1,"enemies":"Large Slime","floor":7,"turns":8},{"damage":1,"enemies":"Exordium Thugs","floor":11,"turns":6},{"damage":3,"enemies":"Blue Slaver","floor":13,"turns":4},{"damage":4,"enemies":"Hexaghost","floor":16,"turns":12},{"damage":22,"enemies":"2 Thieves","floor":18,"turns":5},{"damage":11,"enemies":"Spheric Guardian","floor":19,"turns":6},{"damage":2,"enemies":"Snecko","floor":20,"turns":6},{"damage":12,"enemies":"Shelled Parasite and Fungi","floor":22,"turns":6},{"damage":12,"enemies":"Snake Plant","floor":24,"turns":7},{"damage":1,"enemies":"Book of Stabbing","floor":25,"turns":9},{"damage":10,"enemies":"Sentry and Sphere","floor":28,"turns":7},{"damage":14,"enemies":"Centurion and Healer","floor":29,"turns":6},{"damage":11,"enemies":"Colosseum Slavers","floor":31,"turns":6},{"damage":27,"enemies":"Champ","floor":33,"turns":11},{"damage":10,"enemies":"3 Darklings","floor":35,"turns":9},{"damage":0,"enemies":"3 Shapes","floor":41,"turns":5},{"damage":1,"enemies":"3 Darklings","floor":42,"turns":7},{"damage":0,"enemies":"Writhing Mass","floor":44,"turns":5},{"damage":7,"enemies":"Jaw Worm Horde","floor":46,"turns":3},{"damage":0,"enemies":"4 Shapes","floor":47,"turns":7},{"damage":0,"enemies":"3 Darklings","floor":48,"turns":6},{"damage":56,"enemies":"Donu and Deca","floor":50,"turns":11}],"seed_played":"366453424604891652","potions_obtained":[{"floor":7,"key":"Weak Potion"},{"floor":11,"key":"SneckoOil"},{"floor":13,"key":"Swift Potion"},{"floor":18,"key":"SpeedPotion"},{"floor":19,"key":"Fire Potion"},{"floor":20,"key":"EntropicBrew"},{"floor":22,"key":"Swift Potion"},{"floor":24,"key":"Strength Potion"},{"floor":25,"key":"FearPotion"},{"floor":28,"key":"SpeedPotion"},{"floor":29,"key":"Strength Potion"},{"floor":33,"key":"FearPotion"},{"floor":34,"key":"SpeedPotion"},{"floor":35,"key":"Swift Potion"},{"floor":36,"key":"GhostInAJar"},{"floor":36,"key":"GhostInAJar"},{"floor":44,"key":"Block Potion"},{"floor":46,"key":"LiquidBronze"},{"floor":47,"key":"EssenceOfSteel"},{"floor":48,"key":"FearPotion"}],"is_trial":false,"path_per_floor":["M","M","?","?","M","R","M","R","T","R","M","?","M","$","R","B",null,"M","M","M","?","M","R","M","E","T","R","M","M","R","?","R","B",null,"M","?","$","$","?","$","M","M","T","M","R","M","M","M","R","B",null],"character_chosen":"THE_SILENT","items_purchased":["Escape Plan","Footwork+1","Blade Dance+1","Noxious Fumes+1"],"campfire_rested":5,"item_purchase_floors":[14,37,38,40],"current_hp_per_floor":[58,57,62,62,60,60,59,59,59,59,58,51,48,48,48,44,64,42,31,29,29,17,38,26,25,25,46,36,22,43,32,53,26,65,55,55,55,55,45,45,45,44,44,44,44,37,37,37,59,3],"gold":140,"neow_bonus":"HUNDRED_GOLD","is_prod":false,"is_daily":false,"chose_seed":false,"campfire_upgraded":5,"win_rate":0,"timestamp":1556775070,"path_taken":["M","M","?","?","M","R","M","R","T","R","M","?","M","$","R","BOSS","M","M","M","?","M","R","M","E","T","R","M","M","R","?","R","BOSS","M","?","?","$","?","?","M","M","T","M","R","M","M","M","R","BOSS"],"build_version":"2019-01-23","purchased_purges":3,"victory":true,"max_hp_per_floor":[66,66,71,71,71,71,71,71,71,71,71,71,71,71,71,71,71,71,71,71,71,71,71,71,71,71,71,71,71,71,71,71,71,76,76,76,76,76,76,76,76,76,76,76,76,76,76,76,76,76],"card_choices":[{"not_picked":["PiercingWail","Acrobatics"],"picked":"Leg Sweep","floor":1},{"not_picked":["Quick Slash","Sucker Punch"],"picked":"Backstab","floor":2},{"not_picked":["Sucker Punch","Infinite Blades"],"picked":"Escape Plan","floor":5},{"not_picked":["Setup","Bane"],"picked":"Poisoned Stab","floor":7},{"not_picked":["Slice","Escape Plan"],"picked":"Predator","floor":11},{"not_picked":["Bane","Slice"],"picked":"Footwork+1","floor":13},{"not_picked":["Venomology","Unload"],"picked":"Burst","floor":16},{"not_picked":["Dagger Spray+1","Dodge and Roll"],"picked":"Cloak And Dagger","floor":18},{"not_picked":["Backflip","Underhanded Strike"],"picked":"Noxious Fumes+1","floor":19},{"not_picked":["Dodge and Roll","Finisher"],"picked":"Backstab","floor":20},{"not_picked":["Terror","Quick Slash"],"picked":"Footwork+1","floor":22},{"not_picked":["Deadly Poison","Acrobatics+1"],"picked":"PiercingWail","floor":24},{"not_picked":["Die Die Die","Backstab+1"],"picked":"Escape Plan","floor":25},{"not_picked":["Slice","Dagger Throw"],"picked":"Catalyst+1","floor":28},{"not_picked":["Heel Hook","Underhanded Strike"],"picked":"Caltrops+1","floor":29},{"not_picked":["Storm of Steel+1","Venomology+1"],"picked":"Bullet Time+1","floor":33},{"not_picked":["Bouncing Flask+1","Blade Dance+1"],"picked":"Catalyst+1","floor":34},{"not_picked":["Outmaneuver+1","Blade Dance+1"],"picked":"Deadly Poison+1","floor":35},{"not_picked":["Dash","Flechettes"],"picked":"Backflip+1","floor":41},{"not_picked":["Poisoned Stab","Deflect+1"],"picked":"PiercingWail+1","floor":42},{"not_picked":["Dash","Envenom+1"],"picked":"Crippling Poison+1","floor":44},{"not_picked":["Blade Dance+1","Dodge and Roll+1","Heel Hook+1"],"picked":"SKIP","floor":46},{"not_picked":["Calculated Gamble+1","Poisoned Stab","Outmaneuver+1"],"picked":"SKIP","floor":47},{"not_picked":["Prepared+1","Endless Agony","Blade Dance+1"],"picked":"SKIP","floor":48}],"player_experience":444811,"relics_obtained":[{"floor":9,"key":"Frozen Egg 2"},{"floor":25,"key":"Bottled Tornado"},{"floor":26,"key":"Toxic Egg 2"},{"floor":43,"key":"Bronze Scales"}],"event_choices":[{"damage_healed":0,"gold_gain":0,"player_choice":"Donut","damage_taken":0,"max_hp_gain":5,"max_hp_loss":0,"event_name":"Big Fish","floor":3,"gold_loss":0},{"damage_healed":0,"gold_gain":0,"player_choice":"Ignored","damage_taken":0,"max_hp_gain":0,"max_hp_loss":0,"event_name":"Liars Game","floor":4,"gold_loss":0},{"damage_healed":0,"gold_gain":0,"player_choice":"Success","damage_taken":7,"relics_obtained":["Unceasing Top"],"max_hp_gain":0,"max_hp_loss":0,"event_name":"Scrap Ooze","floor":12,"gold_loss":0},{"damage_healed":0,"gold_gain":0,"player_choice":"Inject Mutagens","damage_taken":0,"relics_obtained":["MutagenicStrength"],"max_hp_gain":0,"max_hp_loss":0,"event_name":"Drug Dealer","floor":21,"gold_loss":0},{"damage_healed":0,"gold_gain":0,"player_choice":"Fight","damage_taken":0,"max_hp_gain":0,"max_hp_loss":0,"event_name":"Colosseum","floor":31,"gold_loss":0},{"damage_healed":0,"gold_gain":0,"player_choice":"Fled From Nobs","damage_taken":0,"max_hp_gain":0,"max_hp_loss":0,"event_name":"Colosseum","floor":31,"gold_loss":0},{"damage_healed":0,"gold_gain":0,"player_choice":"Got Potions","damage_taken":0,"max_hp_gain":0,"max_hp_loss":0,"event_name":"Lab","floor":36,"gold_loss":0},{"damage_healed":0,"gold_gain":0,"player_choice":"Embrace Madness","damage_taken":10,"max_hp_gain":0,"max_hp_loss":0,"event_name":"Winding Halls","floor":39,"gold_loss":0,"cards_obtained":["Madness","Madness"]}],"is_beta":false,"boss_relics":[{"not_picked":["Velvet Choker","Empty Cage"],"picked":"White Beast Statue"},{"not_picked":["Astrolabe","Orrery"],"picked":"Tiny House"}],"items_purged_floors":[14,37,38],"is_endless":false,"potions_floor_spawned":[7,11,13,18,19,20,22,24,25,28,29,31,33,35,41,42,44,46,47,48],"ascension_level":14}