{"gold_per_floor":[217,227,22,22,39,39,66,66,66,81,98,126,156,173,173,273,273,287,303,132,151,151,151,181,181,181,181,181,192,267,278,278,382,382,402,352,352,55,455,455,487,487,512,522,534,534,552,774,774,774,774,774,170,170],"floor_reached":54,"playtime":2853,"items_purged":["Strike_R","Strike_R","Second Wind","Strike_R","Immolate"],"score":750,"play_id":"baf1ffed-9464-420a-a6b5-1ecd7cbaa347","local_time":"20181122220937","is_ascension_mode":false,"campfire_choices":[{"data":"Armaments","floor":6,"key":"SMITH"},{"data":"True Grit","floor":8,"key":"SMITH"},{"floor":15,"key":"REST"},{"data":"Barricade","floor":23,"key":"SMITH"},{"data":"Entrench","floor":25,"key":"SMITH"},{"data":"Body Slam","floor":27,"key":"SMITH"},{"floor":32,"key":"REST"},{"data":"Brutality","floor":40,"key":"SMITH"},{"floor":46,"key":"RECALL"},{"floor":49,"key":"REST"},{"data":"Metallicize","floor":52,"key":"SMITH"}],"neow_cost":"NONE","seed_source_timestamp":9164000810776,"circlet_count":0,"master_deck":["Defend_R","Defend_R","Defend_R","Defend_R","Bash","Armaments+1","True Grit+1","Inflame","Body Slam+1","Entrench+1","Combust","Rupture","Barricade+1","Metallicize+1","Twin Strike+1","Whirlwind","Fire Breathing+1","Brutality+1"],"relics":["Black Blood","Charon\u0027s Ashes","Mummified Hand","Smiling Mask","Centennial Puzzle","Velvet Choker","Red Mask","Strawberry","Bottled Lightning","Old Coin","Gambling Chip","Pantograph","Letter Opener"],"potions_floor_usage":[12,12,16,24,29,33,41,54,54],"damage_taken":[{"damage":2,"enemies":"Small Slimes","floor":1,"turns":4},{"damage":10,"enemies":"Jaw Worm","floor":2,"turns":4},{"damage":0,"enemies":"Cultist","floor":5,"turns":4},{"damage":28,"enemies":"3 Sentries","floor":7,"turns":7},{"damage":14,"enemies":"3 Louse","floor":10,"turns":4},{"damage":5,"enemies":"Looter","floor":11,"turns":3},{"damage":18,"enemies":"Lagavulin","floor":12,"turns":5},{"damage":11,"enemies":"Large Slime","floor":14,"turns":8},{"damage":45,"enemies":"Hexaghost","floor":16,"turns":15},{"damage":16,"enemies":"2 Thieves","floor":18,"turns":4},{"damage":22,"enemies":"Spheric Guardian","floor":19,"turns":4},{"damage":14,"enemies":"Snake Plant","floor":21,"turns":5},{"damage":1,"enemies":"Masked Bandits","floor":24,"turns":2},{"damage":8,"enemies":"Snecko","floor":29,"turns":5},{"damage":15,"enemies":"Cultist and Chosen","floor":31,"turns":5},{"damage":43,"enemies":"Collector","floor":33,"turns":11},{"damage":2,"enemies":"3 Shapes","floor":35,"turns":3},{"damage":8,"enemies":"Mind Bloom Boss Battle","floor":39,"turns":7},{"damage":30,"enemies":"Nemesis","floor":41,"turns":7},{"damage":2,"enemies":"3 Darklings","floor":44,"turns":2},{"damage":33,"enemies":"Jaw Worm Horde","floor":45,"turns":4},{"damage":25,"enemies":"Sphere and 2 Shapes","floor":47,"turns":7},{"damage":17,"enemies":"Time Eater","floor":50,"turns":10},{"damage":86,"enemies":"Shield and Spear","floor":54,"turns":6}],"seed_played":"-342543340330501060","potions_obtained":[{"floor":2,"key":"Block Potion"},{"floor":5,"key":"Swift Potion"},{"floor":11,"key":"Ancient Potion"},{"floor":12,"key":"FearPotion"},{"floor":18,"key":"Fire Potion"},{"floor":21,"key":"SkillPotion"},{"floor":24,"key":"SneckoOil"},{"floor":29,"key":"Swift Potion"},{"floor":33,"key":"Block Potion"},{"floor":39,"key":"Strength Potion"},{"floor":44,"key":"Ancient Potion"},{"floor":45,"key":"Energy Potion"}],"is_trial":false,"path_per_floor":["M","M","$","?","M","R","E","R","T","M","M","E","?","M","R","B",null,"M","M","$","M","?","R","?","R","T","R","?","M","?","M","R","B",null,"M","$","?","$","?","R","E","?","T","M","M","R","M","?","R","B",null,"R","$","E"],"character_chosen":"IRONCLAD","items_purchased":["True Grit","Inflame","Barricade","Swift Potion","Bottled Lightning","Pantograph","SpeedPotion","Letter Opener"],"campfire_rested":3,"item_purchase_floors":[3,3,20,20,38,53,53,53],"current_hp_per_floor":[80,76,76,76,80,80,58,58,58,50,51,39,39,34,58,19,80,70,54,54,46,46,46,51,51,58,58,58,56,48,39,65,28,87,87,87,83,83,83,83,63,63,63,71,48,48,33,33,57,50,83,83,83,0],"gold":170,"neow_bonus":"HUNDRED_GOLD","is_prod":false,"is_daily":false,"chose_seed":false,"campfire_upgraded":7,"win_rate":0,"timestamp":1542913777,"path_taken":["M","M","$","?","M","R","E","R","T","M","M","E","?","M","R","BOSS","M","M","$","M","?","R","?","R","T","R","?","M","?","M","R","BOSS","M","$","?","$","?","R","E","?","T","M","M","R","M","?","R","BOSS","R","$","E"],"build_version":"2018-11-15","purchased_purges":5,"victory":false,"max_hp_per_floor":[80,80,80,80,80,80,80,80,80,80,80,80,80,80,80,80,80,80,80,80,80,80,80,80,80,87,87,87,87,87,87,87,87,87,87,87,83,83,83,83,83,83,83,83,83,83,83,83,83,83,83,83,83,83],"card_choices":[{"not_picked":["Iron Wave","Twin Strike","Feel No Pain"],"picked":"SKIP","floor":1},{"not_picked":["Anger","Twin Strike"],"picked":"Armaments","floor":2},{"not_picked":["Heavy Blade","Anger"],"picked":"Body Slam","floor":5},{"not_picked":["Clothesline","Sword Boomerang","Bludgeon"],"picked":"SKIP","floor":7},{"not_picked":["Shockwave","Clothesline","Bloodletting"],"picked":"SKIP","floor":10},{"not_picked":["Havoc","Iron Wave","Burning Pact"],"picked":"SKIP","floor":11},{"not_picked":["Twin Strike","Sword Boomerang"],"picked":"Entrench","floor":12},{"not_picked":["Sword Boomerang","Wild Strike"],"picked":"Combust","floor":14},{"not_picked":["Offering","Berserk"],"picked":"Immolate","floor":16},{"not_picked":["Warcry","Flex","Carnage+1"],"picked":"SKIP","floor":18},{"not_picked":["Perfected Strike+1","Intimidate"],"picked":"Rupture","floor":19},{"not_picked":["Hemokinesis+1","Blood for Blood"],"picked":"Metallicize","floor":21},{"not_picked":["Warcry","Sword Boomerang+1"],"picked":"Twin Strike+1","floor":24},{"not_picked":["Thunderclap","Heavy Blade"],"picked":"Fire Breathing+1","floor":29},{"not_picked":["Reckless Charge","Pummel","True Grit"],"picked":"SKIP","floor":31},{"not_picked":["Impervious","Reaper"],"picked":"Brutality","floor":33},{"not_picked":["Thunderclap","Pommel Strike","Anger"],"picked":"SKIP","floor":35},{"not_picked":["Dropkick","Wild Strike","Headbutt"],"picked":"SKIP","floor":41},{"not_picked":["Armaments","Spot Weakness","Wild Strike"],"picked":"SKIP","floor":44},{"not_picked":["Pummel+1","Armaments+1","Shockwave+1"],"picked":"SKIP","floor":45},{"not_picked":["Twin Strike+1","Evolve+1","Uppercut"],"picked":"SKIP","floor":47}],"player_experience":203115,"relics_obtained":[{"floor":7,"key":"Charon\u0027s Ashes"},{"floor":9,"key":"Mummified Hand"},{"floor":12,"key":"Smiling Mask"},{"floor":24,"key":"Red Mask"},{"floor":26,"key":"Strawberry"},{"floor":39,"key":"Old Coin"},{"floor":41,"key":"Gambling Chip"}],"event_choices":[{"damage_healed":0,"gold_gain":0,"player_choice":"Leave","damage_taken":0,"max_hp_gain":0,"max_hp_loss":0,"event_name":"The Cleric","floor":4,"gold_loss":0},{"damage_healed":0,"gold_gain":30,"player_choice":"Searched \u00272\u0027 times","damage_taken":0,"relics_obtained":["Centennial Puzzle"],"max_hp_gain":0,"max_hp_loss":0,"event_name":"Dead Adventurer","floor":13,"gold_loss":0},{"damage_healed":0,"gold_gain":0,"player_choice":"Ignored","damage_taken":0,"max_hp_gain":0,"max_hp_loss":0,"event_name":"The Mausoleum","floor":22,"gold_loss":0},{"damage_healed":0,"gold_gain":0,"player_choice":"Fought Bandits","damage_taken":0,"max_hp_gain":0,"max_hp_loss":0,"event_name":"Masked Bandits","floor":24,"gold_loss":0},{"damage_healed":0,"gold_gain":0,"cards_transformed":["Strike_R","Strike_R"],"player_choice":"Became Test Subject","damage_taken":0,"max_hp_gain":0,"max_hp_loss":0,"event_name":"Drug Dealer","floor":28,"gold_loss":0,"cards_obtained":["Second Wind","Whirlwind"]},{"damage_healed":0,"gold_gain":75,"player_choice":"Touch","damage_taken":8,"max_hp_gain":0,"max_hp_loss":0,"event_name":"FaceTrader","floor":30,"gold_loss":0},{"damage_healed":0,"gold_gain":0,"player_choice":"Max HP","damage_taken":0,"max_hp_gain":0,"max_hp_loss":4,"event_name":"Winding Halls","floor":37,"gold_loss":0},{"damage_healed":0,"gold_gain":0,"player_choice":"Fight","damage_taken":0,"max_hp_gain":0,"max_hp_loss":0,"event_name":"MindBloom","floor":39,"gold_loss":0},{"damage_healed":0,"gold_gain":0,"player_choice":"Ignored","damage_taken":0,"max_hp_gain":0,"max_hp_loss":0,"event_name":"Mysterious Sphere","floor":42,"gold_loss":0},{"damage_healed":0,"gold_gain":222,"player_choice":"Wore Mask","damage_taken":0,"max_hp_gain":0,"max_hp_loss":0,"event_name":"Tomb of Lord Red Mask","floor":48,"gold_loss":0}],"is_beta":false,"boss_relics":[{"not_picked":["Calling Bell","Fusion Hammer"],"picked":"Velvet Choker"},{"not_picked":["Busted Crown","Pandora\u0027s Box"],"picked":"Black Blood"}],"items_purged_floors":[3,20,36,38,53],"is_endless":false,"potions_floor_spawned":[2,5,11,12,18,21,24,29,33,39,44,45],"killed_by":"Shield and Spear","ascension_level":0}