{"gold_per_floor":[109,122,138,63,74,74,92,108,108,119,19,19,19,36,36,137,137,151,26,26,26,36,51,70,70,70,20,20,20,20,20,20,119,119,133,133,150,150,150,150,0,0,0,14,34,9,9,19,19,19],"floor_reached":50,"playtime":2171,"items_purged":["Defend_G","Strike_G","Strike_G","Writhe"],"score":459,"play_id":"7abd9439-8083-48b2-8d2b-ccc6f8696546","local_time":"20190221122120","is_ascension_mode":false,"campfire_choices":[{"data":"Deadly Poison","floor":6,"key":"SMITH"},{"data":"Poisoned Stab","floor":13,"key":"SMITH"},{"data":"Catalyst","floor":15,"key":"SMITH"},{"floor":25,"key":"REST"},{"data":"Wraith Form v2","floor":28,"key":"SMITH"},{"data":"Noxious Fumes","floor":30,"key":"SMITH"},{"floor":32,"key":"REST"},{"data":"Leg Sweep","floor":40,"key":"SMITH"},{"data":"Doppelganger","floor":42,"key":"SMITH"},{"floor":49,"key":"REST"}],"neow_cost":"NONE","seed_source_timestamp":49185920310092,"circlet_count":0,"master_deck":["Defend_G","Defend_G","Defend_G","Defend_G","Strike_G","Survivor","Neutralize","Backstab","Terror","Deadly Poison+1","Catalyst+1","Outmaneuver+1","Poisoned Stab+1","Wraith Form v2+1","Doppelganger+1","Leg Sweep+1","Noxious Fumes+1","Heel Hook","Envenom","Deflect+1","Crippling Poison+1","Poisoned Stab+1","PiercingWail"],"relics":["Runic Pyramid"],"potions_floor_usage":[23,23,33,33,50,50,50],"damage_taken":[{"damage":0,"enemies":"Small Slimes","floor":1,"turns":4},{"damage":0,"enemies":"Cultist","floor":2,"turns":4},{"damage":0,"enemies":"2 Louse","floor":3,"turns":2},{"damage":0,"enemies":"Large Slime","floor":5,"turns":4},{"damage":2,"enemies":"2 Fungi Beasts","floor":7,"turns":4},{"damage":9,"enemies":"Blue Slaver","floor":8,"turns":3},{"damage":0,"enemies":"Large Slime","floor":10,"turns":5},{"damage":0,"enemies":"2 Fungi Beasts","floor":14,"turns":3},{"damage":4,"enemies":"The Guardian","floor":16,"turns":8},{"damage":12,"enemies":"Shell Parasite","floor":18,"turns":3},{"damage":7,"enemies":"3 Byrds","floor":22,"turns":6},{"damage":12,"enemies":"Sentry and Sphere","floor":23,"turns":8},{"damage":4,"enemies":"Snake Plant","floor":24,"turns":5},{"damage":42,"enemies":"Automaton","floor":33,"turns":11},{"damage":13,"enemies":"Orb Walker","floor":35,"turns":5},{"damage":22,"enemies":"3 Darklings","floor":37,"turns":7},{"damage":4,"enemies":"Transient","floor":44,"turns":5},{"damage":10,"enemies":"Sphere and 2 Shapes","floor":45,"turns":4},{"damage":19,"enemies":"Writhing Mass","floor":48,"turns":8},{"damage":48,"enemies":"Donu and Deca","floor":50,"turns":7}],"seed_played":"8948505125179659533","potions_obtained":[{"floor":2,"key":"Block Potion"},{"floor":7,"key":"GhostInAJar"},{"floor":8,"key":"EssenceOfSteel"},{"floor":24,"key":"SteroidPotion"},{"floor":37,"key":"LiquidBronze"},{"floor":44,"key":"SpeedPotion"},{"floor":48,"key":"Strength Potion"}],"is_trial":false,"path_per_floor":["M","M","M","$","M","R","M","M","T","M","$","?","R","M","R","B",null,"M","$","?","?","M","M","M","R","T","$","R","?","R","?","R","B",null,"M","?","M","?","?","R","$","R","T","M","M","$","?","M","R","B"],"character_chosen":"THE_SILENT","items_purchased":["PowerPotion","PiercingWail"],"campfire_rested":3,"item_purchase_floors":[27,46],"current_hp_per_floor":[70,70,70,70,70,70,68,59,59,59,59,59,59,59,59,55,70,58,58,58,58,51,39,35,56,56,56,56,56,56,56,70,28,70,57,70,48,48,48,48,48,48,48,44,34,34,34,15,36,0],"gold":19,"neow_bonus":"BOSS_RELIC","is_prod":false,"is_daily":false,"chose_seed":false,"campfire_upgraded":7,"win_rate":0,"timestamp":1550740880,"path_taken":["M","M","M","$","M","R","M","M","T","M","$","?","R","?","R","BOSS","M","$","?","?","M","M","M","R","T","$","R","?","R","?","R","BOSS","M","?","M","?","?","R","$","R","T","M","M","$","?","M","R","BOSS"],"build_version":"2019-01-23","purchased_purges":4,"victory":false,"max_hp_per_floor":[70,70,70,70,70,70,70,70,70,70,70,70,70,70,70,70,70,70,70,70,70,70,70,70,70,70,70,70,70,70,70,70,70,70,70,70,70,70,70,70,70,70,70,70,70,70,70,70,70,70],"card_choices":[{"not_picked":["Deflect","Acrobatics"],"picked":"Backstab","floor":1},{"not_picked":["Deflect","Slice"],"picked":"Terror","floor":2},{"not_picked":["Riddle With Holes","Bouncing Flask"],"picked":"Deadly Poison","floor":3},{"not_picked":["Caltrops","Bouncing Flask","Crippling Poison"],"picked":"SKIP","floor":5},{"not_picked":["Expertise","Slice"],"picked":"Catalyst","floor":7},{"not_picked":["Quick Slash","Calculated Gamble"],"picked":"Outmaneuver","floor":8},{"not_picked":["Crippling Poison","Skewer"],"picked":"Poisoned Stab","floor":10},{"not_picked":["PiercingWail","Calculated Gamble"],"picked":"Wraith Form v2","floor":14},{"not_picked":["Bullet Time","A Thousand Cuts"],"picked":"Doppelganger","floor":16},{"not_picked":["Footwork","Endless Agony+1","Dagger Spray"],"picked":"SKIP","floor":18},{"not_picked":["Distraction","Caltrops"],"picked":"Leg Sweep","floor":22},{"not_picked":["Crippling Poison","Endless Agony","Setup"],"picked":"SKIP","floor":23},{"not_picked":["Dagger Spray+1","Distraction"],"picked":"Noxious Fumes","floor":24},{"not_picked":["PiercingWail+1","Setup"],"picked":"Deflect+1","floor":35},{"not_picked":["Riddle With Holes+1","Dagger Throw+1"],"picked":"Crippling Poison+1","floor":37},{"not_picked":["Acrobatics+1","Bane","Dagger Throw"],"picked":"SKIP","floor":44},{"not_picked":["Escape Plan+1","Distraction+1"],"picked":"Poisoned Stab+1","floor":45},{"not_picked":["Dodge and Roll","Skewer","Riddle With Holes"],"picked":"SKIP","floor":48}],"player_experience":857740,"relics_obtained":[],"event_choices":[{"damage_healed":0,"gold_gain":0,"player_choice":"Forge","damage_taken":0,"max_hp_gain":0,"max_hp_loss":0,"event_name":"Accursed Blacksmith","floor":12,"gold_loss":0,"cards_upgraded":["Outmaneuver"]},{"damage_healed":0,"gold_gain":0,"player_choice":"Ignored","damage_taken":0,"max_hp_gain":0,"max_hp_loss":0,"event_name":"Beggar","floor":20,"gold_loss":0},{"damage_healed":0,"gold_gain":0,"player_choice":"Ignored","damage_taken":0,"max_hp_gain":0,"max_hp_loss":0,"event_name":"Ghosts","floor":29,"gold_loss":0},{"damage_healed":0,"gold_gain":0,"cards_transformed":["Strike_G","Strike_G"],"player_choice":"Became Test Subject","damage_taken":0,"max_hp_gain":0,"max_hp_loss":0,"event_name":"Drug Dealer","floor":31,"gold_loss":0,"cards_obtained":["Heel Hook","Envenom"]},{"damage_healed":18,"gold_gain":0,"player_choice":"Writhe","damage_taken":0,"max_hp_gain":0,"max_hp_loss":0,"event_name":"Winding Halls","floor":36,"gold_loss":0,"cards_obtained":["Writhe"]},{"damage_healed":0,"gold_gain":0,"player_choice":"Ignored","damage_taken":0,"max_hp_gain":0,"max_hp_loss":0,"event_name":"Mysterious Sphere","floor":38,"gold_loss":0},{"damage_healed":0,"gold_gain":0,"player_choice":"Memory 1","damage_taken":0,"max_hp_gain":0,"max_hp_loss":0,"event_name":"SensoryStone","floor":39,"gold_loss":0},{"damage_healed":0,"gold_gain":0,"player_choice":"Ignored","damage_taken":0,"max_hp_gain":0,"max_hp_loss":0,"event_name":"Tomb of Lord Red Mask","floor":47,"gold_loss":0}],"is_beta":false,"boss_relics":[{"not_picked":[]},{"not_picked":[]}],"items_purged_floors":[4,11,19,41],"is_endless":false,"potions_floor_spawned":[2,7,8,14,16,24,37,44,48],"killed_by":"Donu and Deca","ascension_level":0}