{"gold_per_floor":[365,381,381,381,381,381,410,410,410,422,422,437,456,72,72,172,172,186,186,10,10,10,10,25,25,25,25,41,54,80,80,80,179,179,199,199,214,214,230,230,35,45,72,87,87,0,13,28,28,28],"floor_reached":51,"playtime":4262,"items_purged":["Strike_G","Strike_G","Writhe"],"score":834,"play_id":"dca141f2-945c-48f4-93e8-0c507b573c1c","local_time":"20190107002401","is_ascension_mode":true,"campfire_choices":[{"data":"Neutralize","floor":6.0,"key":"SMITH"},{"data":"Flechettes","floor":8.0,"key":"SMITH"},{"floor":15.0,"key":"DIG"},{"floor":23.0,"key":"REST"},{"data":"Burst","floor":27.0,"key":"SMITH"},{"data":"Night Terror","floor":32.0,"key":"SMITH"},{"floor":40.0,"key":"REST"},{"data":"Footwork","floor":49,"key":"SMITH"}],"neow_cost":"PERCENT_DAMAGE","seed_source_timestamp":39801070588153,"circlet_count":0,"master_deck":["Defend_G","Defend_G","Defend_G","Defend_G","Survivor+1","Neutralize+1","Flechettes+1","Flying Knee+1","Cloak And Dagger","Acrobatics","Deflect","Burst+1","Calculated Gamble","Well Laid Plans","Footwork+1","Distraction","Sucker Punch+1","Night Terror+1","Tools of the Trade","Escape Plan+1","Noxious Fumes","Backflip+1","Backflip+1","Acrobatics+1"],"special_seed":0,"relics":["Ring of the Snake","Orichalcum","Dodecahedron","Shovel","Pocketwatch","Sozu","Mercury Hourglass","Nilry\u0027s Codex","Turnip","Bird Faced Urn","Velvet Choker","Vajra","Red Mask"],"potions_floor_usage":[],"damage_taken":[{"damage":0.0,"enemies":"2 Louse","floor":1.0,"turns":4.0},{"damage":1.0,"enemies":"Jaw Worm","floor":2.0,"turns":4.0},{"damage":13.0,"enemies":"3 Sentries","floor":7.0,"turns":12.0},{"damage":0.0,"enemies":"Small Slimes","floor":10.0,"turns":2.0},{"damage":0.0,"enemies":"3 Louse","floor":12.0,"turns":3.0},{"damage":0.0,"enemies":"Large Slime","floor":13.0,"turns":4.0},{"damage":12.0,"enemies":"The Guardian","floor":16.0,"turns":12.0},{"damage":12.0,"enemies":"Spheric Guardian","floor":18.0,"turns":4.0},{"damage":0.0,"enemies":"Chosen","floor":24.0,"turns":3.0},{"damage":0.0,"enemies":"Centurion and Healer","floor":28.0,"turns":7.0},{"damage":7.0,"enemies":"Cultist and Chosen","floor":29.0,"turns":3.0},{"damage":0.0,"enemies":"Book of Stabbing","floor":30.0,"turns":5.0},{"damage":32.0,"enemies":"Automaton","floor":33.0,"turns":14.0},{"damage":39.0,"enemies":"3 Darklings","floor":35.0,"turns":7.0},{"damage":14.0,"enemies":"3 Shapes","floor":37.0,"turns":7.0},{"damage":51.0,"enemies":"Transient","floor":39.0,"turns":5.0},{"damage":0.0,"enemies":"Spire Growth","floor":42.0,"turns":7.0},{"damage":16.0,"enemies":"Sphere and 2 Shapes","floor":44.0,"turns":6.0},{"damage":16,"enemies":"3 Darklings","floor":47,"turns":7},{"damage":21,"enemies":"Jaw Worm Horde","floor":48,"turns":8},{"damage":17,"enemies":"Donu and Deca","floor":50,"turns":20}],"seed_played":"-1624206552935707229","potions_obtained":[{"floor":1.0,"key":"Dexterity Potion"},{"floor":16.0,"key":"Weak Potion"}],"is_trial":false,"path_per_floor":["M","M","?","?","?","R","E","R","T","M","?","M","M","$","R","B",null,"M","?","$","?","?","R","M","$","T","R","M","M","E","?","R","B",null,"M","?","M","?","M","R","$","M","T","M","?","?","M","M","R","B",null],"character_chosen":"THE_SILENT","items_purchased":["Shovel","Well Laid Plans","Noxious Fumes"],"campfire_rested":2,"item_purchase_floors":[14,20,41],"current_hp_per_floor":[49,48,41,64,50,50,37,37,37,37,37,37,37,37,37,25,59,47,47,47,31,31,52,52,52,52,52,52,45,45,68,68,54,66,43,43,43,61,24,45,45,61,61,55,55,55,55,60,60,61],"gold":28,"neow_bonus":"TWO_FIFTY_GOLD","is_prod":false,"is_daily":false,"chose_seed":false,"campfire_upgraded":5,"win_rate":0,"timestamp":1546809841,"path_taken":["M","M","?","?","?","R","E","R","T","M","?","M","M","$","R","BOSS","M","?","$","?","?","R","M","?","T","R","M","M","E","?","R","BOSS","M","?","M","?","M","R","$","?","T","M","?","?","M","M","R","BOSS"],"build_version":"2019-01-03v4","purchased_purges":3,"victory":true,"max_hp_per_floor":[70,70,70,70,70,70,70,70,70,70,70,70,70,70,70,70,70,70,70,70,70,70,70,70,70,70,70,70,70,70,70,70,70,70,70,70,70,70,70,70,70,70,70,70,70,70,70,70,70,70],"card_choices":[{"not_picked":["Accuracy","Dodge and Roll"],"picked":"Flechettes","floor":1.0},{"not_picked":["Poisoned Stab","Sucker Punch"],"picked":"Flying Knee","floor":2.0},{"not_picked":["Eviscerate","Riddle With Holes"],"picked":"Cloak And Dagger","floor":7.0},{"not_picked":["Slice","Dagger Spray"],"picked":"Acrobatics","floor":10.0},{"not_picked":["Blade Dance","Finisher"],"picked":"Deflect","floor":12.0},{"not_picked":["Quick Slash","Outmaneuver","Underhanded Strike"],"picked":"SKIP","floor":13.0},{"not_picked":["Glass Knife","Malaise"],"picked":"Burst","floor":16.0},{"not_picked":["Outmaneuver","Skewer"],"picked":"Calculated Gamble","floor":18.0},{"not_picked":["Slice+1","Choke"],"picked":"Backflip","floor":24.0},{"not_picked":["Acrobatics+1","Caltrops"],"picked":"Sucker Punch+1","floor":28.0},{"not_picked":["Distraction","Accuracy","Reflex"],"picked":"SKIP","floor":29.0},{"not_picked":["Wraith Form v2","Concentrate+1"],"picked":"Night Terror","floor":30.0},{"not_picked":["Glass Knife","Adrenaline"],"picked":"Tools of the Trade","floor":33.0},{"not_picked":["Sucker Punch+1","Outmaneuver"],"picked":"Escape Plan+1","floor":35.0},{"not_picked":["Masterful Stab+1","Sucker Punch+1","Dagger Throw"],"picked":"SKIP","floor":37.0},{"not_picked":["Expertise","Cloak And Dagger","Poisoned Stab+1"],"picked":"SKIP","floor":39.0},{"not_picked":["Poisoned Stab+1","Dagger Spray"],"picked":"Backflip+1","floor":42.0},{"not_picked":["Poisoned Stab","Acrobatics"],"picked":"Backflip+1","floor":44.0},{"not_picked":["All Out Attack+1","Bane","Prepared"],"picked":"SKIP","floor":47},{"not_picked":["PiercingWail","Sucker Punch+1"],"picked":"Acrobatics+1","floor":48}],"player_experience":398695,"relics_obtained":[{"floor":7.0,"key":"Orichalcum"},{"floor":9.0,"key":"Dodecahedron"},{"floor":15.0,"key":"Pocketwatch"},{"floor":21.0,"key":"Nilry\u0027s Codex"},{"floor":26.0,"key":"Turnip"},{"floor":30.0,"key":"Bird Faced Urn"},{"floor":43.0,"key":"Vajra"}],"event_choices":[{"cards_removed":["Strike_G"],"damage_healed":0.0,"max_hp_gain":0.0,"max_hp_loss":0.0,"gold_gain":0.0,"event_name":"Golden Wing","player_choice":"Card Removal","floor":3.0,"gold_loss":0.0,"damage_taken":7.0},{"damage_healed":23.0,"max_hp_gain":0.0,"max_hp_loss":0.0,"gold_gain":0.0,"event_name":"Big Fish","player_choice":"Banana","floor":4.0,"gold_loss":0.0,"damage_taken":0.0},{"damage_healed":0.0,"max_hp_gain":0.0,"max_hp_loss":0.0,"gold_gain":0.0,"event_name":"Shining Light","player_choice":"Entered Light","floor":5.0,"gold_loss":0.0,"damage_taken":14.0,"cards_upgraded":["Survivor","Flying Knee"]},{"cards_removed":["Strike_G"],"damage_healed":0.0,"max_hp_gain":0.0,"max_hp_loss":0.0,"gold_gain":0.0,"event_name":"Living Wall","player_choice":"Forget","floor":11.0,"gold_loss":0.0,"damage_taken":0.0},{"damage_healed":0.0,"max_hp_gain":0.0,"max_hp_loss":0.0,"gold_gain":0.0,"event_name":"The Mausoleum","player_choice":"Opened","floor":19.0,"gold_loss":0.0,"damage_taken":0.0,"relics_obtained":["Mercury Hourglass"]},{"damage_healed":0.0,"max_hp_gain":0.0,"max_hp_loss":0.0,"gold_gain":0.0,"event_name":"Cursed Tome","player_choice":"Obtained Book","floor":21.0,"gold_loss":0.0,"damage_taken":16.0},{"damage_healed":0.0,"max_hp_gain":0.0,"max_hp_loss":0.0,"gold_gain":0.0,"cards_transformed":["Strike_G","Defend_G"],"event_name":"Drug Dealer","player_choice":"Became Test Subject","floor":22.0,"gold_loss":0.0,"damage_taken":0.0,"cards_obtained":["Footwork","Distraction"]},{"damage_healed":23.0,"max_hp_gain":0.0,"max_hp_loss":0.0,"gold_gain":0.0,"event_name":"The Library","player_choice":"Heal","floor":31.0,"gold_loss":0.0,"damage_taken":0.0},{"cards_removed":["Backflip"],"damage_healed":0.0,"max_hp_gain":0.0,"max_hp_loss":0.0,"gold_gain":0.0,"event_name":"Falling","player_choice":"Removed Skill","floor":36.0,"gold_loss":0.0,"damage_taken":0.0},{"damage_healed":18.0,"max_hp_gain":0.0,"max_hp_loss":0.0,"gold_gain":0.0,"event_name":"Winding Halls","player_choice":"Writhe","floor":38.0,"gold_loss":0.0,"damage_taken":0.0,"cards_obtained":["Writhe"]},{"damage_healed":0.0,"max_hp_gain":0.0,"max_hp_loss":0.0,"gold_gain":0.0,"event_name":"Mysterious Sphere","player_choice":"Ignored","floor":45.0,"gold_loss":0.0,"damage_taken":0.0},{"damage_healed":0.0,"max_hp_gain":0.0,"max_hp_loss":0.0,"gold_gain":0.0,"event_name":"Tomb of Lord Red Mask","player_choice":"Paid","floor":46.0,"gold_loss":87.0,"damage_taken":0.0,"relics_obtained":["Red Mask"]}],"is_beta":false,"boss_relics":[{"not_picked":["Cursed Key","WristBlade"],"picked":"Sozu"},{"not_picked":["Empty Cage","Pandora\u0027s Box"],"picked":"Velvet Choker"}],"items_purged_floors":[14,20,41],"is_endless":false,"potions_floor_spawned":[1,16,18,30,33,37,44,47,48],"ascension_level":5}