{"gold_per_floor":[363,69,88,88,101,101,128,148,172,172,18,18,18,32,32,108,108,128,141,160,160,71,71,101,114,138,157,157,167,167,194,194,194],"floor_reached":33,"playtime":1849,"items_purged":["Strike_G","Strike_G"],"score":684,"play_id":"4c025ef5-24f3-44b7-b51a-d69b21e40c60","local_time":"20190303170924","is_ascension_mode":true,"campfire_choices":[{"data":"Noxious Fumes","floor":6.0,"key":"SMITH"},{"floor":12.0,"key":"REST"},{"data":"Neutralize","floor":15.0,"key":"SMITH"},{"floor":28.0,"key":"REST"},{"floor":32,"key":"REST"}],"neow_cost":"PERCENT_DAMAGE","seed_source_timestamp":30663080742646,"circlet_count":0,"master_deck":["AscendersBane","Defend_G+1","Defend_G+1","Defend_G+1","Defend_G+1","Defend_G+1","Strike_G+1","Strike_G+1","Strike_G+1","Survivor","Neutralize+1","Noxious Fumes+1","Bane","Poisoned Stab","Footwork","Bane+1","PiercingWail","Wraith Form v2","Sucker Punch+1","Deflect","Footwork","Writhe","PiercingWail","Noxious Fumes","Cloak And Dagger"],"special_seed":0,"relics":["Ring of the Snake","Potion Belt","Bronze Scales","Paper Crane","Philosopher\u0027s Stone","Tiny Chest","Whetstone","Frozen Egg 2"],"potions_floor_usage":[31,31,31,31,33],"damage_taken":[{"damage":0.0,"enemies":"Cultist","floor":1.0,"turns":4.0},{"damage":2.0,"enemies":"2 Louse","floor":3.0,"turns":3.0},{"damage":0.0,"enemies":"Jaw Worm","floor":5.0,"turns":4.0},{"damage":42.0,"enemies":"Gremlin Nob","floor":7.0,"turns":5.0},{"damage":0.0,"enemies":"2 Fungi Beasts","floor":8.0,"turns":4.0},{"damage":0.0,"enemies":"Large Slime","floor":14.0,"turns":6.0},{"damage":0.0,"enemies":"The Guardian","floor":16.0,"turns":11.0},{"damage":5.0,"enemies":"3 Byrds","floor":18.0,"turns":2.0},{"damage":6.0,"enemies":"Shell Parasite","floor":19.0,"turns":5.0},{"damage":19.0,"enemies":"Centurion and Healer","floor":20.0,"turns":7.0},{"damage":14.0,"enemies":"Snecko","floor":25.0,"turns":7.0},{"damage":12.0,"enemies":"Chosen and Byrds","floor":27.0,"turns":8.0},{"damage":20.0,"enemies":"Sentry and Sphere","floor":29.0,"turns":4.0},{"damage":0,"enemies":"Slavers","floor":31,"turns":6},{"damage":28,"enemies":"Collector","floor":33,"turns":8}],"seed_played":"-7791322865348067066","potions_obtained":[{"floor":5.0,"key":"LiquidBronze"},{"floor":14.0,"key":"Strength Potion"},{"floor":18.0,"key":"Swift Potion"},{"floor":20.0,"key":"SpeedPotion"},{"floor":25.0,"key":"Fire Potion"},{"floor":30.0,"key":"GamblersBrew"},{"floor":31,"key":"Dexterity Potion"}],"is_trial":false,"path_per_floor":["M","$","M","?","M","R","E","M","T","?","$","R","T","M","R","B",null,"M","M","M","?","$","?","?","M","T","M","R","M","?","E","R","B"],"character_chosen":"THE_SILENT","items_purchased":["Noxious Fumes","Bane","Regen Potion","Weak Potion","Footwork"],"campfire_rested":3,"item_purchase_floors":[2,2,2,11,22],"current_hp_per_floor":[44,44,42,42,42,42,15,15,15,15,15,34,34,34,34,34,58,53,47,28,28,28,28,28,14,14,2,21,1,1,1,20,0],"gold":194,"neow_bonus":"TWO_FIFTY_GOLD","is_prod":false,"is_daily":false,"chose_seed":false,"campfire_upgraded":2,"win_rate":0,"timestamp":1551622164,"path_taken":["M","$","?","?","M","R","E","M","T","?","$","R","?","M","R","BOSS","M","M","M","?","$","?","?","M","T","M","R","?","?","E","R","BOSS"],"build_version":"2019-01-23","purchased_purges":2,"victory":false,"max_hp_per_floor":[66,66,66,66,66,66,66,66,66,66,66,66,66,66,66,66,66,66,66,66,66,66,66,66,66,66,66,66,66,66,66,66,66],"card_choices":[{"not_picked":["Quick Slash","Prepared","Heel Hook"],"picked":"SKIP","floor":1.0},{"not_picked":["Dodge and Roll","Blade Dance"],"picked":"Poisoned Stab","floor":3.0},{"not_picked":["Prepared","Tactician"],"picked":"Footwork","floor":5.0},{"not_picked":["Prepared","Underhanded Strike"],"picked":"Bane","floor":7.0},{"not_picked":["Infinite Blades","Flying Knee","Phantasmal Killer"],"picked":"SKIP","floor":8.0},{"not_picked":["Reflex","Deflect"],"picked":"PiercingWail","floor":14.0},{"not_picked":["Die Die Die","Night Terror"],"picked":"Wraith Form v2","floor":16.0},{"not_picked":["Flying Knee","Outmaneuver"],"picked":"Sucker Punch","floor":18.0},{"not_picked":["Dash","Outmaneuver","Accuracy"],"picked":"SKIP","floor":19.0},{"not_picked":["Dash","Noxious Fumes"],"picked":"Deflect","floor":20.0},{"not_picked":["All Out Attack","Dagger Spray+1"],"picked":"PiercingWail","floor":25.0},{"not_picked":["Terror","Poisoned Stab+1"],"picked":"Noxious Fumes","floor":27.0},{"not_picked":["Prepared","Finisher","Caltrops"],"picked":"SKIP","floor":29.0},{"not_picked":["Crippling Poison","Doppelganger"],"picked":"Cloak And Dagger","floor":31}],"player_experience":956509,"relics_obtained":[{"floor":7.0,"key":"Potion Belt"},{"floor":9.0,"key":"Bronze Scales"},{"floor":13.0,"key":"Paper Crane"},{"floor":26.0,"key":"Whetstone"},{"floor":31,"key":"Frozen Egg 2"}],"event_choices":[{"damage_healed":0.0,"max_hp_gain":0.0,"max_hp_loss":0.0,"gold_gain":0.0,"event_name":"Liars Game","player_choice":"Ignored","floor":4.0,"gold_loss":0.0,"damage_taken":0.0},{"damage_healed":0.0,"max_hp_gain":0.0,"max_hp_loss":0.0,"gold_gain":0.0,"event_name":"Shining Light","player_choice":"Ignored","floor":10.0,"gold_loss":0.0,"damage_taken":0.0},{"damage_healed":0.0,"max_hp_gain":0.0,"max_hp_loss":0.0,"gold_gain":0.0,"event_name":"Back to Basics","player_choice":"Simplicity","floor":21.0,"gold_loss":0.0,"damage_taken":0.0,"cards_upgraded":["Defend_G","Defend_G","Defend_G","Defend_G","Defend_G","Strike_G","Strike_G","Strike_G"]},{"damage_healed":0.0,"max_hp_gain":0.0,"max_hp_loss":0.0,"gold_gain":0.0,"event_name":"The Mausoleum","player_choice":"Opened","floor":24.0,"gold_loss":0.0,"damage_taken":0.0,"relics_obtained":["Tiny Chest"],"cards_obtained":["Writhe"]},{"damage_healed":0.0,"max_hp_gain":0.0,"max_hp_loss":0.0,"gold_gain":0.0,"event_name":"Lab","player_choice":"Got Potions","floor":30.0,"gold_loss":0.0,"damage_taken":0.0}],"is_beta":false,"boss_relics":[{"not_picked":["Lizard Tail","Ring of the Serpent"],"picked":"Philosopher\u0027s Stone"}],"items_purged_floors":[2,11],"is_endless":false,"potions_floor_spawned":[5,14,18,20,25,31],"killed_by":"Collector","ascension_level":20}