{"gold_per_floor":[217,236,411,148,148,188,188,204,204,242,48,88,113,113,113,113],"floor_reached":16,"playtime":1589,"items_purged":[],"score":143,"play_id":"4a4797e2-4c73-4597-9dba-af0fb494f1be","local_time":"20190105145659","is_ascension_mode":false,"campfire_choices":[{"data":"Deadly Poison","floor":7,"key":"SMITH"},{"floor":15,"key":"REST"}],"neow_cost":"NONE","seed_source_timestamp":150829314288756,"circlet_count":0,"master_deck":["Defend_G","Defend_G","Defend_G","Defend_G","Defend_G","Strike_G","Strike_G","Strike_G","Strike_G","Survivor","Neutralize","Sucker Punch","Flying Knee","Doubt","Deadly Poison+1","Well Laid Plans","Acrobatics","Deadly Poison","PiercingWail","Tactician","Deadly Poison"],"relics":["Ring of the Snake","Art of War","Golden Idol","Dodecahedron","Paper Crane","Ginger","TwistedFunnel","Pantograph"],"potions_floor_usage":[10,16,16],"damage_taken":[{"damage":0,"enemies":"Cultist","floor":1,"turns":4},{"damage":5,"enemies":"Jaw Worm","floor":2,"turns":4},{"damage":24,"enemies":"Lagavulin","floor":6,"turns":10},{"damage":7,"enemies":"Small Slimes","floor":8,"turns":3},{"damage":13,"enemies":"3 Sentries","floor":10,"turns":10},{"damage":0,"enemies":"Gremlin Nob","floor":12,"turns":4},{"damage":0,"enemies":"Gremlin Gang","floor":13,"turns":4},{"damage":54,"enemies":"Slime Boss","floor":16,"turns":15}],"seed_played":"-7518264251775660364","potions_obtained":[{"floor":1,"key":"EssenceOfSteel"},{"floor":6,"key":"SkillPotion"},{"floor":13,"key":"EssenceOfSteel"}],"is_trial":false,"path_per_floor":["M","M","?","$","?","E","R","M","T","E","$","E","M","?","R","B"],"character_chosen":"THE_SILENT","items_purchased":["Deadly Poison","Art of War","Well Laid Plans","TwistedFunnel"],"campfire_rested":1,"item_purchase_floors":[4,4,4,11],"current_hp_per_floor":[70,65,65,65,48,24,24,17,17,4,4,4,4,4,25,0],"gold":113,"neow_bonus":"HUNDRED_GOLD","is_prod":false,"is_daily":false,"chose_seed":false,"campfire_upgraded":1,"win_rate":0.0,"timestamp":1546671419,"path_taken":["M","M","?","$","?","E","R","M","T","E","?","E","M","?","R","BOSS"],"build_version":"2019-01-03v4","purchased_purges":0,"victory":false,"max_hp_per_floor":[70,70,70,70,70,70,70,70,70,70,70,70,70,70,70,70],"card_choices":[{"not_picked":["Catalyst","Acrobatics"],"picked":"Sucker Punch","floor":1},{"not_picked":["Blade Dance","Acrobatics"],"picked":"Flying Knee","floor":2},{"not_picked":["Finisher","Dagger Spray"],"picked":"Acrobatics","floor":6},{"not_picked":["Expertise","Reflex"],"picked":"Deadly Poison","floor":8},{"not_picked":["Footwork","Dagger Throw"],"picked":"PiercingWail","floor":10},{"not_picked":["Dodge and Roll","Corpse Explosion"],"picked":"Tactician","floor":12},{"not_picked":["Dagger Spray","Infinite Blades"],"picked":"Deadly Poison","floor":13}],"player_experience":39525,"relics_obtained":[{"floor":6,"key":"Dodecahedron"},{"floor":9,"key":"Paper Crane"},{"floor":10,"key":"Ginger"},{"floor":12,"key":"Pantograph"}],"event_choices":[{"damage_healed":0,"gold_gain":175,"player_choice":"AGREE","damage_taken":0,"max_hp_gain":0,"max_hp_loss":0,"event_name":"Liars Game","floor":3,"gold_loss":0,"cards_obtained":["Doubt"]},{"damage_healed":0,"gold_gain":0,"player_choice":"Take Damage","damage_taken":17,"relics_obtained":["Golden Idol"],"max_hp_gain":0,"max_hp_loss":0,"event_name":"Golden Idol","floor":5,"gold_loss":0},{"cards_removed":["Strike_G"],"damage_healed":0,"gold_gain":0,"player_choice":"Purged","damage_taken":0,"max_hp_gain":0,"max_hp_loss":0,"event_name":"Purifier","floor":14,"gold_loss":0}],"is_beta":false,"boss_relics":[],"items_purged_floors":[],"is_endless":false,"potions_floor_spawned":[1,6,13],"killed_by":"Slime Boss","ascension_level":0}