{"gold_per_floor":[111,186,197,100,275,275,293,293,293,293,25,59,59,72,72,167,167,179,179,190,115,115,115,126,126,126,126,207,227,260,276,276,375,375,394,44,44,63,76,108,119,152,178,53,53,0,12,30,30,30],"floor_reached":51,"playtime":3395,"items_purged":["Shame","Doubt","Regret"],"score":775,"play_id":"04a0cafc-1e99-42e5-ae3d-fce457e3888c","local_time":"20190118221159","is_ascension_mode":false,"campfire_choices":[{"data":"Doppelganger","floor":6,"key":"SMITH"},{"data":"Noxious Fumes","floor":8,"key":"SMITH"},{"data":"1","floor":13,"key":"LIFT"},{"floor":15,"key":"REST"},{"data":"2","floor":23,"key":"LIFT"},{"floor":25,"key":"REST"},{"data":"Concentrate","floor":27,"key":"SMITH"},{"floor":32,"key":"REST"},{"data":"3","floor":45,"key":"LIFT"},{"floor":49,"key":"REST"}],"neow_cost":"CURSE","seed_source_timestamp":8691257595394,"circlet_count":0,"master_deck":["Defend_G","Defend_G","Defend_G","Defend_G","Defend_G","Survivor","Neutralize","Footwork","Doppelganger+1","Sucker Punch","Noxious Fumes+1","PiercingWail","Finisher","Blind","Footwork","Slice","Well Laid Plans","Leg Sweep","Corpse Explosion","Well Laid Plans+1","Backstab+1","Concentrate+1","Dash+1","Necronomicurse","Backflip","Backflip","Poisoned Stab+1","Masterful Stab","PiercingWail","Adrenaline","Blur","Heel Hook","Dash+1","Flying Knee+1","Finisher+1","Slice","Blade Dance+1","Escape Plan+1","Flying Knee+1","Escape Plan+1"],"relics":["Ring of the Snake","Girya","Bag of Preparation","Dream Catcher","Astrolabe","Necronomicon","Lantern","Pantograph","Bottled Tornado","Cursed Key","Kunai","Centennial Puzzle","Juzu Bracelet","Ancient Tea Set","Red Mask"],"potions_floor_usage":[12,12,50,50],"damage_taken":[{"damage":0,"enemies":"Small Slimes","floor":1,"turns":4},{"damage":2,"enemies":"Jaw Worm","floor":3,"turns":9},{"damage":0,"enemies":"Cultist","floor":7,"turns":4},{"damage":36,"enemies":"Gremlin Nob","floor":12,"turns":6},{"damage":0,"enemies":"Large Slime","floor":14,"turns":5},{"damage":2,"enemies":"Hexaghost","floor":16,"turns":12},{"damage":5,"enemies":"Spheric Guardian","floor":18,"turns":5},{"damage":12,"enemies":"3 Byrds","floor":20,"turns":4},{"damage":0,"enemies":"Cultist and Chosen","floor":24,"turns":7},{"damage":0,"enemies":"Chosen and Byrds","floor":29,"turns":5},{"damage":5,"enemies":"Gremlin Leader","floor":30,"turns":7},{"damage":0,"enemies":"Snake Plant","floor":31,"turns":4},{"damage":44,"enemies":"Champ","floor":33,"turns":13},{"damage":2,"enemies":"Orb Walker","floor":35,"turns":4},{"damage":0,"enemies":"3 Shapes","floor":38,"turns":4},{"damage":0,"enemies":"Writhing Mass","floor":39,"turns":5},{"damage":3,"enemies":"Nemesis","floor":40,"turns":7},{"damage":0,"enemies":"Spire Growth","floor":41,"turns":5},{"damage":25,"enemies":"Reptomancer","floor":42,"turns":5},{"damage":1,"enemies":"Maw","floor":47,"turns":6},{"damage":0,"enemies":"3 Darklings","floor":48,"turns":1},{"damage":0,"enemies":"Time Eater","floor":50,"turns":8}],"seed_played":"6194386866885600077","potions_obtained":[{"floor":7,"key":"Swift Potion"},{"floor":16,"key":"SteroidPotion"},{"floor":18,"key":"LiquidBronze"},{"floor":24,"key":"FearPotion"},{"floor":30,"key":"GhostInAJar"},{"floor":42,"key":"Strength Potion"},{"floor":48,"key":"Dexterity Potion"}],"is_trial":false,"path_per_floor":["M","?","M","$","?","R","M","R","T","T","$","E","R","M","R","B",null,"M","?","M","?","?","R","M","R","T","R","T","M","E","M","R","B",null,"M","$","?","M","M","E","M","E","T","$","R","?","M","M","R","B",null],"character_chosen":"THE_SILENT","items_purchased":["PiercingWail","Blind","Footwork","Energy Potion","Kunai","Blur","Heel Hook"],"campfire_rested":4,"item_purchase_floors":[4,11,11,11,36,36,36],"current_hp_per_floor":[70,59,57,57,57,57,57,57,57,57,57,21,21,21,42,40,70,65,65,53,53,37,37,37,58,58,58,58,58,53,53,70,26,70,68,68,68,68,68,65,65,40,40,40,40,40,39,39,60,70],"gold":30,"neow_bonus":"TRANSFORM_TWO_CARDS","is_prod":false,"is_daily":false,"chose_seed":false,"campfire_upgraded":3,"win_rate":0,"timestamp":1547838719,"path_taken":["M","?","M","$","?","R","M","R","T","?","$","E","R","?","R","BOSS","M","?","M","?","?","R","M","R","T","R","?","M","E","M","R","BOSS","M","$","?","M","M","E","M","E","T","$","R","?","M","M","R","BOSS"],"build_version":"2019-01-17v2","purchased_purges":3,"victory":true,"max_hp_per_floor":[70,70,70,70,70,70,70,70,70,70,70,70,70,70,70,70,70,70,70,70,70,70,70,70,70,70,70,70,70,70,70,70,70,70,70,70,70,70,70,70,70,70,70,70,70,70,70,70,70,70],"card_choices":[{"not_picked":["Dagger Throw","Accuracy"],"picked":"Sucker Punch","floor":1},{"not_picked":["Dagger Spray","Dodge and Roll"],"picked":"Noxious Fumes","floor":3},{"not_picked":["Doppelganger","Quick Slash"],"picked":"Finisher","floor":7},{"not_picked":["Envenom","Backflip"],"picked":"Slice","floor":12},{"not_picked":["Escape Plan","Calculated Gamble"],"picked":"Well Laid Plans","floor":14},{"not_picked":["Backflip","Bane"],"picked":"Leg Sweep","floor":15},{"not_picked":["Wraith Form v2","Glass Knife"],"picked":"Corpse Explosion","floor":16},{"not_picked":["Crippling Poison","Dagger Throw"],"picked":"Concentrate","floor":18},{"not_picked":["Endless Agony","Deadly Poison"],"picked":"Dash+1","floor":20},{"not_picked":["Well Laid Plans","Dagger Spray","Finisher"],"picked":"SKIP","floor":24},{"not_picked":["Dagger Throw+1","Acrobatics"],"picked":"Backflip","floor":25},{"not_picked":["Quick Slash","Underhanded Strike+1"],"picked":"Backflip","floor":29},{"not_picked":["Skewer","Cloak And Dagger"],"picked":"Poisoned Stab+1","floor":30},{"not_picked":["Cloak And Dagger","Sucker Punch"],"picked":"Masterful Stab","floor":31},{"not_picked":["Quick Slash","Outmaneuver"],"picked":"PiercingWail","floor":32},{"not_picked":["Corpse Explosion","Grand Finale"],"picked":"Adrenaline","floor":33},{"not_picked":["Dagger Spray+1","Deflect","PiercingWail+1"],"picked":"SKIP","floor":35},{"not_picked":["Eviscerate+1","PiercingWail"],"picked":"Flying Knee+1","floor":38},{"not_picked":["Prepared","Dodge and Roll"],"picked":"Finisher+1","floor":39},{"not_picked":["Wraith Form v2","Concentrate"],"picked":"Slice","floor":40},{"not_picked":["Sucker Punch","Outmaneuver","Quick Slash"],"picked":"SKIP","floor":41},{"not_picked":["Choke","Predator"],"picked":"Blade Dance+1","floor":42},{"not_picked":["Dagger Spray","Endless Agony"],"picked":"Escape Plan+1","floor":47},{"not_picked":["Bouncing Flask","Outmaneuver"],"picked":"Flying Knee+1","floor":48},{"not_picked":["Choke+1","Die Die Die"],"picked":"Escape Plan+1","floor":49}],"player_experience":484926,"relics_obtained":[{"floor":9,"key":"Girya"},{"floor":10,"key":"Bag of Preparation"},{"floor":12,"key":"Dream Catcher"},{"floor":22,"key":"Necronomicon"},{"floor":26,"key":"Lantern"},{"floor":28,"key":"Pantograph"},{"floor":30,"key":"Bottled Tornado"},{"floor":40,"key":"Centennial Puzzle"},{"floor":42,"key":"Juzu Bracelet"},{"floor":43,"key":"Ancient Tea Set"}],"event_choices":[{"damage_healed":0,"gold_gain":75,"player_choice":"Gather Gold","damage_taken":11,"max_hp_gain":0,"max_hp_loss":0,"event_name":"World of Goop","floor":2,"gold_loss":0},{"damage_healed":0,"gold_gain":175,"player_choice":"AGREE","damage_taken":0,"max_hp_gain":0,"max_hp_loss":0,"event_name":"Liars Game","floor":5,"gold_loss":0,"cards_obtained":["Doubt"]},{"damage_healed":0,"gold_gain":0,"player_choice":"Ignored","damage_taken":0,"max_hp_gain":0,"max_hp_loss":0,"event_name":"Vampires","floor":19,"gold_loss":0},{"cards_removed":["Reflex"],"damage_healed":0,"gold_gain":0,"player_choice":"Gave Gold","damage_taken":0,"max_hp_gain":0,"max_hp_loss":0,"event_name":"Beggar","floor":21,"gold_loss":75},{"damage_healed":0,"gold_gain":0,"player_choice":"Obtained Book","damage_taken":16,"max_hp_gain":0,"max_hp_loss":0,"event_name":"Cursed Tome","floor":22,"gold_loss":0},{"damage_healed":0,"gold_gain":0,"player_choice":"Copied","damage_taken":0,"max_hp_gain":0,"max_hp_loss":0,"event_name":"Duplicator","floor":37,"gold_loss":0,"cards_obtained":["Dash"]},{"damage_healed":0,"gold_gain":0,"player_choice":"Paid","damage_taken":0,"relics_obtained":["Red Mask"],"max_hp_gain":0,"max_hp_loss":0,"event_name":"Tomb of Lord Red Mask","floor":46,"gold_loss":53}],"is_beta":false,"boss_relics":[{"not_picked":["WristBlade","Fusion Hammer"],"picked":"Astrolabe"},{"not_picked":["Snecko Eye","Coffee Dripper"],"picked":"Cursed Key"}],"items_purged_floors":[4,11,44],"is_endless":false,"potions_floor_spawned":[7,16,18,24,30,38,41,42,47,48],"ascension_level":0}