{"gold_per_floor":[119,119,131,3,0,0,0,0,0,0,10,10,25,0,0,98,98,0,0,0,0,0,0,0,0,0,0,0,0,0],"floor_reached":30,"playtime":1126,"items_purged":["Regret"],"score":392,"play_id":"0acdd19b-1d30-47b1-96e6-a4423aee7ec7","local_time":"20190114230954","is_ascension_mode":true,"campfire_choices":[{"floor":6.0,"key":"DIG"},{"data":"Neutralize","floor":8.0,"key":"SMITH"},{"floor":10.0,"key":"DIG"},{"floor":15,"key":"REST"},{"floor":23,"key":"DIG"},{"floor":25,"key":"DIG"},{"floor":29,"key":"DIG"}],"neow_cost":"NONE","seed_source_timestamp":12385196492370,"circlet_count":0,"master_deck":["AscendersBane","Defend_G","Defend_G","Defend_G","Defend_G","Defend_G","Strike_G","Strike_G","Strike_G","Strike_G+1","Strike_G+1","Survivor","Neutralize+1","Grand Finale","Cloak And Dagger","Backflip","Deadly Poison","Corpse Explosion","Setup","Dodge and Roll","Finisher"],"special_seed":0,"relics":["Ring of the Snake","Shovel","Meat on the Bone","Happy Flower","Ginger","Golden Idol","Ectoplasm","Gremlin Horn","Whetstone","Calipers","Ornamental Fan","Molten Egg 2"],"potions_floor_usage":[13],"damage_taken":[{"damage":7.0,"enemies":"Small Slimes","floor":1.0,"turns":4.0},{"damage":22.0,"enemies":"Jaw Worm","floor":3.0,"turns":6.0},{"damage":0.0,"enemies":"Cultist","floor":11.0,"turns":3.0},{"damage":18,"enemies":"Large Slime","floor":13,"turns":7},{"damage":0,"enemies":"Looter","floor":14,"turns":4},{"damage":40,"enemies":"The Guardian","floor":16,"turns":16},{"damage":15,"enemies":"2 Thieves","floor":18,"turns":5},{"damage":24,"enemies":"3 Byrds","floor":24,"turns":4},{"damage":21,"enemies":"Centurion and Healer","floor":28,"turns":7},{"damage":30,"enemies":"Shelled Parasite and Fungi","floor":30,"turns":3}],"seed_played":"5155804815842368833","potions_obtained":[{"floor":3.0,"key":"SkillPotion"},{"floor":16,"key":"Dexterity Potion"}],"is_trial":false,"path_per_floor":["M","?","M","$","?","R","$","R","T","R","M","?","M","M","R","B",null,"M","?","T","$","$","R","M","R","T","$","M","R","M"],"character_chosen":"THE_SILENT","items_purchased":["Deadly Poison"],"campfire_rested":1,"item_purchase_floors":[4],"current_hp_per_floor":[52,52,30,30,30,30,30,30,30,30,42,19,13,25,44,16,54,39,39,39,39,39,39,27,27,27,27,18,18,0],"gold":0,"neow_bonus":"ONE_RANDOM_RARE_CARD","is_prod":false,"is_daily":false,"chose_seed":false,"campfire_upgraded":1,"win_rate":0,"timestamp":1547496594,"path_taken":["M","?","M","$","?","R","$","R","T","R","M","?","M","M","R","BOSS","M","?","?","?","$","R","M","R","T","$","?","R","M"],"build_version":"2019-01-10","purchased_purges":1,"victory":false,"max_hp_per_floor":[66,66,66,66,66,66,66,66,66,66,66,66,66,66,66,66,66,66,66,66,66,66,66,66,66,66,66,66,66,66],"card_choices":[{"not_picked":["Quick Slash","Sucker Punch"],"picked":"Cloak And Dagger","floor":1.0},{"not_picked":["Flying Knee","Quick Slash"],"picked":"Backflip","floor":3.0},{"not_picked":["Prepared","Flying Knee","Backflip"],"picked":"SKIP","floor":11.0},{"not_picked":["Infinite Blades","Dodge and Roll","Prepared"],"picked":"SKIP","floor":13},{"not_picked":["Heel Hook","Bouncing Flask","Night Terror"],"picked":"SKIP","floor":14},{"not_picked":["Malaise","Doppelganger"],"picked":"Corpse Explosion","floor":16},{"not_picked":["Outmaneuver","Blade Dance"],"picked":"Setup","floor":18},{"not_picked":["Cloak And Dagger","Slice"],"picked":"Dodge and Roll","floor":24},{"not_picked":["Flying Knee","Slice"],"picked":"Finisher","floor":28}],"player_experience":459025,"relics_obtained":[{"floor":6.0,"key":"Meat on the Bone"},{"floor":9.0,"key":"Happy Flower"},{"floor":10.0,"key":"Ginger"},{"floor":20,"key":"Gremlin Horn"},{"floor":23,"key":"Whetstone"},{"floor":25,"key":"Calipers"},{"floor":26,"key":"Ornamental Fan"},{"floor":29,"key":"Molten Egg 2"}],"event_choices":[{"damage_healed":0.0,"max_hp_gain":0.0,"max_hp_loss":0.0,"gold_gain":0.0,"event_name":"Big Fish","player_choice":"Box","floor":2.0,"gold_loss":0.0,"damage_taken":0.0,"relics_obtained":["Shovel"],"cards_obtained":["Regret"]},{"damage_healed":0.0,"max_hp_gain":0.0,"max_hp_loss":0.0,"gold_gain":0.0,"event_name":"World of Goop","player_choice":"Left Gold","floor":5.0,"gold_loss":3.0,"damage_taken":0.0},{"damage_healed":0.0,"max_hp_gain":0.0,"max_hp_loss":0.0,"gold_gain":0.0,"event_name":"Golden Idol","player_choice":"Take Damage","floor":12.0,"gold_loss":0.0,"damage_taken":23.0,"relics_obtained":["Golden Idol"]}],"is_beta":false,"boss_relics":[{"not_picked":["Ring of the Serpent","Empty Cage"],"picked":"Ectoplasm"}],"items_purged_floors":[4],"is_endless":false,"potions_floor_spawned":[3,16],"killed_by":"Shelled Parasite and Fungi","ascension_level":17}