{"gold_per_floor":[114,30,42,42,60,90,90,90,114,130,181,206,223,16,16,116,166,179,214,214],"floor_reached":20,"playtime":2908,"items_purged":[],"score":172,"play_id":"f7d49843-1fb8-471d-89e6-2ff2cde0d085","local_time":"20190430045218","is_ascension_mode":false,"campfire_choices":[{"floor":8,"key":"REST"},{"floor":15,"key":"REST"}],"neow_cost":"NONE","seed_source_timestamp":14462750338202,"circlet_count":0,"master_deck":["Strike_B","Strike_B","Strike_B","Defend_B","Defend_B","Defend_B","Defend_B","Zap+1","Dualcast","Compile Driver","Blizzard","Streamline","Redo","Reinforced Body","Darkness","Chill","Leap","Force Field","Doom and Gloom","Go for the Eyes","Seek","Conserve Battery","Biased Cognition","Coolheaded","Aggregate","Doom and Gloom"],"relics":["Cracked Core","NeowsBlessing","GremlinMask","Centennial Puzzle","Vajra","Dream Catcher","Tiny House","Red Mask"],"potions_floor_usage":[20,20,20],"damage_taken":[{"damage":0,"enemies":"Small Slimes","floor":1,"turns":1},{"damage":0,"enemies":"Cultist","floor":3,"turns":1},{"damage":0,"enemies":"2 Louse","floor":5,"turns":1},{"damage":52,"enemies":"Lagavulin","floor":6,"turns":7},{"damage":5,"enemies":"Looter","floor":10,"turns":4},{"damage":3,"enemies":"2 Fungi Beasts","floor":13,"turns":4},{"damage":12,"enemies":"Slime Boss","floor":16,"turns":7},{"damage":0,"enemies":"Spheric Guardian","floor":18,"turns":5},{"damage":47,"enemies":"Masked Bandits","floor":19,"turns":7},{"damage":20,"enemies":"Colosseum Slavers","floor":20,"turns":4},{"damage":39,"enemies":"Colosseum Nobs","floor":20,"turns":5}],"seed_played":"6943863040337837996","potions_obtained":[{"floor":1,"key":"AttackPotion"},{"floor":3,"key":"SpeedPotion"},{"floor":6,"key":"SpeedPotion"},{"floor":10,"key":"FearPotion"},{"floor":17,"key":"PowerPotion"}],"is_trial":false,"path_per_floor":["M","$","M","?","M","E","?","R","T","M","?","T","M","$","R","B",null,"M","?","?"],"character_chosen":"DEFECT","items_purchased":["Blizzard","Streamline","Doom and Gloom","Go for the Eyes","Seek"],"campfire_rested":2,"item_purchase_floors":[2,2,14,14,14],"current_hp_per_floor":[75,75,75,75,75,23,23,45,45,40,40,40,37,37,59,47,80,80,33,0],"gold":214,"neow_bonus":"THREE_ENEMY_KILL","is_prod":false,"is_daily":false,"chose_seed":false,"campfire_upgraded":0,"win_rate":0.0,"timestamp":1556614338,"path_taken":["M","$","M","?","?","E","?","R","T","M","?","?","M","$","R","BOSS","M","?","?"],"build_version":"2019-01-23","purchased_purges":0,"victory":false,"max_hp_per_floor":[75,75,75,75,75,75,75,75,75,75,75,75,75,75,75,75,80,80,80,80],"card_choices":[{"not_picked":["Steam Power","Barrage"],"picked":"Compile Driver","floor":1},{"not_picked":["Barrage","BootSequence"],"picked":"Redo","floor":3},{"not_picked":["Gash","Auto Shields"],"picked":"Reinforced Body","floor":5},{"not_picked":["Beam Cell","Consume"],"picked":"Darkness","floor":6},{"not_picked":["Gash","Darkness"],"picked":"Leap","floor":10},{"not_picked":["FTL","BootSequence"],"picked":"Force Field","floor":13},{"not_picked":["Machine Learning","Steam Power"],"picked":"Conserve Battery","floor":15},{"not_picked":["Machine Learning","Seek"],"picked":"Biased Cognition","floor":16},{"not_picked":["Hologram","Rip and Tear"],"picked":"Coolheaded","floor":17},{"not_picked":["Consume","Redo"],"picked":"Aggregate","floor":18},{"not_picked":["Barrage","Stack"],"picked":"Doom and Gloom","floor":19}],"player_experience":5169,"relics_obtained":[{"floor":6,"key":"Centennial Puzzle"},{"floor":9,"key":"Vajra"},{"floor":12,"key":"Dream Catcher"},{"floor":19,"key":"Red Mask"}],"event_choices":[{"damage_healed":0,"gold_gain":0,"player_choice":"Trade","damage_taken":0,"relics_obtained":["GremlinMask"],"max_hp_gain":0,"max_hp_loss":0,"event_name":"FaceTrader","floor":4,"gold_loss":0},{"damage_healed":0,"gold_gain":0,"cards_transformed":["Strike_B"],"player_choice":"Change","damage_taken":0,"max_hp_gain":0,"max_hp_loss":0,"event_name":"Living Wall","floor":7,"gold_loss":0,"cards_obtained":["Chill"]},{"damage_healed":0,"gold_gain":51,"player_choice":"Gained Gold","damage_taken":0,"max_hp_gain":0,"max_hp_loss":0,"event_name":"Golden Wing","floor":11,"gold_loss":0},{"damage_healed":0,"gold_gain":0,"player_choice":"Fought Bandits","damage_taken":0,"max_hp_gain":0,"max_hp_loss":0,"event_name":"Masked Bandits","floor":19,"gold_loss":0},{"damage_healed":0,"gold_gain":0,"player_choice":"Fight","damage_taken":0,"max_hp_gain":0,"max_hp_loss":0,"event_name":"Colosseum","floor":20,"gold_loss":0},{"damage_healed":0,"gold_gain":0,"player_choice":"Fought Nobs","damage_taken":0,"max_hp_gain":0,"max_hp_loss":0,"event_name":"Colosseum","floor":20,"gold_loss":0}],"is_beta":false,"boss_relics":[{"not_picked":["Fusion Hammer","Runic Dome"],"picked":"Tiny House"}],"items_purged_floors":[],"is_endless":false,"potions_floor_spawned":[1,3,6,10,20],"killed_by":"Colosseum Nobs","ascension_level":0}