{"gold_per_floor":[110,129,129,143,143,154,154,179,179,179,211,223,238,52,52,131,131,143,156,71,91,91,91,121,121,121,121,121],"floor_reached":28,"playtime":995,"items_purged":["Strike_B"],"score":496,"play_id":"4ff4e052-888d-4374-9012-e65db9f8a86e","local_time":"20190310194319","is_ascension_mode":true,"campfire_choices":[{"data":"Zap","floor":7,"key":"SMITH"},{"data":"Defragment","floor":10,"key":"SMITH"},{"data":"Chaos","floor":15,"key":"SMITH"},{"floor":23,"key":"REST"},{"floor":25,"key":"REST"},{"floor":27,"key":"REST"}],"neow_cost":"NONE","seed_source_timestamp":17179701362600,"circlet_count":0,"master_deck":["AscendersBane","Strike_B","Strike_B","Strike_B","Defend_B","Defend_B","Defend_B","Defend_B","Zap+1","Dualcast","Glacier","Cold Snap","Ball Lightning","Defragment+1","Chaos+1","Rainbow","Undo","Coolheaded"],"relics":["Cracked Core","Anchor","Singing Bowl","Pantograph","The Courier","Happy Flower","Fusion Hammer","Strawberry","Juzu Bracelet","Pen Nib","Dodecahedron"],"potions_floor_usage":[8,28,28],"damage_taken":[{"damage":0,"enemies":"Jaw Worm","floor":1,"turns":2},{"damage":0,"enemies":"Small Slimes","floor":2,"turns":3},{"damage":0,"enemies":"Cultist","floor":4,"turns":5},{"damage":2,"enemies":"2 Fungi Beasts","floor":6,"turns":5},{"damage":6,"enemies":"Gremlin Nob","floor":8,"turns":3},{"damage":14,"enemies":"Lagavulin","floor":11,"turns":7},{"damage":0,"enemies":"Exordium Thugs","floor":12,"turns":5},{"damage":0,"enemies":"Looter","floor":13,"turns":3},{"damage":23,"enemies":"Slime Boss","floor":16,"turns":8},{"damage":0,"enemies":"Spheric Guardian","floor":18,"turns":4},{"damage":2,"enemies":"Shell Parasite","floor":19,"turns":4},{"damage":8,"enemies":"Snake Plant","floor":21,"turns":5},{"damage":38,"enemies":"Book of Stabbing","floor":24,"turns":6},{"damage":93,"enemies":"Gremlin Leader","floor":28,"turns":8}],"seed_played":"-8351336471733181421","potions_obtained":[{"floor":1,"key":"Fire Potion"},{"floor":2,"key":"FearPotion"},{"floor":5,"key":"PowerPotion"},{"floor":11,"key":"Energy Potion"}],"is_trial":false,"path_per_floor":["M","M","?","M","?","M","R","E","T","R","E","M","M","$","R","B",null,"M","M","?","M","T","R","E","R","T","R","E"],"character_chosen":"DEFECT","items_purchased":["Happy Flower"],"campfire_rested":3,"item_purchase_floors":[14],"current_hp_per_floor":[64,64,69,69,69,67,67,61,61,61,49,51,51,51,51,53,73,73,71,78,72,72,89,53,80,80,91,0],"gold":121,"neow_bonus":"RANDOM_COMMON_RELIC","is_prod":false,"is_daily":false,"chose_seed":false,"campfire_upgraded":3,"win_rate":0,"timestamp":1552272199,"path_taken":["M","M","?","M","?","?","R","E","T","R","E","M","M","$","R","BOSS","M","M","?","M","?","R","E","R","T","R","E"],"build_version":"2019-01-23","purchased_purges":1,"victory":false,"max_hp_per_floor":[71,71,76,76,76,76,76,76,76,76,78,80,80,80,80,80,80,80,80,87,89,89,89,91,91,91,91,91],"card_choices":[{"not_picked":["Turbo","Redo","Force Field"],"picked":"SKIP","floor":1},{"not_picked":["Turbo","Redo","Force Field"],"picked":"SKIP","floor":1},{"not_picked":["Turbo","Heatsinks"],"picked":"Glacier","floor":2},{"not_picked":["Stack","Beam Cell"],"picked":"Cold Snap","floor":4},{"not_picked":["Steam Power","Stack"],"picked":"Ball Lightning","floor":6},{"not_picked":["Redo","Hello World"],"picked":"Defragment","floor":8},{"not_picked":["Self Repair","Cold Snap","Ball Lightning"],"picked":"Singing Bowl","floor":11},{"not_picked":["Rebound","Ball Lightning","Recycle"],"picked":"Singing Bowl","floor":12},{"not_picked":["Hologram","Fusion"],"picked":"Chaos","floor":13},{"not_picked":["Meteor Strike","Thunder Strike"],"picked":"Rainbow","floor":16},{"not_picked":["Streamline","Self Repair"],"picked":"Undo","floor":18},{"not_picked":["Steam","Stack"],"picked":"Coolheaded","floor":19},{"not_picked":["Auto Shields","Lockon","White Noise"],"picked":"Singing Bowl","floor":21},{"not_picked":["Ball Lightning","Barrage","Rebound"],"picked":"Singing Bowl","floor":24}],"player_experience":447514,"relics_obtained":[{"floor":8,"key":"Singing Bowl"},{"floor":9,"key":"Pantograph"},{"floor":11,"key":"The Courier"},{"floor":22,"key":"Juzu Bracelet"},{"floor":24,"key":"Pen Nib"},{"floor":26,"key":"Dodecahedron"}],"event_choices":[{"damage_healed":0,"gold_gain":0,"player_choice":"Donut","damage_taken":0,"max_hp_gain":5,"max_hp_loss":0,"event_name":"Big Fish","floor":3,"gold_loss":0},{"damage_healed":0,"gold_gain":0,"player_choice":"Got Potions","damage_taken":0,"max_hp_gain":0,"max_hp_loss":0,"event_name":"Lab","floor":5,"gold_loss":0},{"damage_healed":0,"gold_gain":0,"player_choice":"Obtained Relic","damage_taken":0,"relics_obtained":["Strawberry"],"max_hp_gain":0,"max_hp_loss":0,"event_name":"Addict","floor":20,"gold_loss":85}],"is_beta":false,"boss_relics":[{"not_picked":["Runic Pyramid","Coffee Dripper"],"picked":"Fusion Hammer"}],"items_purged_floors":[14],"is_endless":false,"potions_floor_spawned":[1,2,11,21,24],"killed_by":"Gremlin Leader","ascension_level":18}