{"gold_per_floor":[115,85,96,107,107,142,154,181,218,249,261,286,298,109,109,109],"floor_reached":16,"playtime":823,"items_purged":["Strike_R"],"score":102,"play_id":"61a210c8-49a7-48e2-a9b7-15dbe7335365","local_time":"20181007230112","is_ascension_mode":false,"campfire_choices":[{"floor":7,"key":"REST"},{"data":"Armaments","floor":11,"key":"SMITH"},{"floor":15,"key":"REST"}],"neow_cost":"NONE","seed_source_timestamp":43288945213504,"circlet_count":0,"master_deck":["Strike_R","Strike_R","Strike_R","Strike_R","Defend_R","Defend_R","Defend_R","Defend_R","Bash","Flex","Armaments+1","Feed","Rage","Inflame","Whirlwind"],"relics":["Burning Blood","Smiling Mask","MawBank","Dream Catcher"],"potions_floor_usage":[6,8,10,16,16],"damage_taken":[{"damage":8,"enemies":"Jaw Worm","floor":1,"turns":4},{"damage":6,"enemies":"Cultist","floor":3,"turns":3},{"damage":3,"enemies":"2 Louse","floor":4,"turns":4},{"damage":64,"enemies":"Lagavulin","floor":6,"turns":12},{"damage":18,"enemies":"Large Slime","floor":8,"turns":8},{"damage":9,"enemies":"3 Louse","floor":10,"turns":2},{"damage":11,"enemies":"Red Slaver","floor":12,"turns":8},{"damage":49,"enemies":"The Guardian","floor":16,"turns":9}],"seed_played":"-6383706869259750270","potions_obtained":[{"floor":1,"key":"Explosive Potion"},{"floor":2,"key":"Explosive Potion"},{"floor":2,"key":"Poison Potion"},{"floor":6,"key":"Block Potion"},{"floor":12,"key":"Strength Potion"}],"is_trial":false,"path_per_floor":["M","?","M","M","?","E","R","M","T","M","R","M","$","$","R"],"character_chosen":"IRONCLAD","items_purchased":["Inflame","Whirlwind"],"campfire_rested":2,"item_purchase_floors":[14,14],"current_hp_per_floor":[78,78,78,80,68,10,34,25,25,22,22,20,20,20,45,0],"gold":109,"neow_bonus":"THREE_CARDS","is_prod":false,"is_daily":false,"chose_seed":false,"campfire_upgraded":1,"win_rate":0,"timestamp":1538942472,"path_taken":["M","?","M","M","?","E","R","M","T","?","R","M","?","$","R","BOSS"],"build_version":"2018-10-04v2","purchased_purges":1,"victory":false,"max_hp_per_floor":[80,80,80,80,80,80,80,83,83,83,83,86,86,86,86,86],"card_choices":[{"not_picked":["Heavy Blade","Rupture"],"picked":"Flex","floor":0},{"not_picked":["Sever Soul","Body Slam","Heavy Blade"],"picked":"SKIP","floor":1},{"not_picked":["Flex","Sword Boomerang"],"picked":"Armaments","floor":3},{"not_picked":["Body Slam","Shockwave","Pummel"],"picked":"SKIP","floor":4},{"not_picked":["Uppercut","Rupture"],"picked":"Feed","floor":6},{"not_picked":["True Grit","Heavy Blade"],"picked":"Rage","floor":8},{"not_picked":["Entrench","Sword Boomerang","Iron Wave"],"picked":"SKIP","floor":10},{"not_picked":["Pommel Strike","Warcry","Second Wind"],"picked":"SKIP","floor":12}],"player_experience":59645,"relics_obtained":[{"floor":6,"key":"MawBank"},{"floor":9,"key":"Dream Catcher"}],"event_choices":[{"event_name":"The Woman in Blue","player_choice":"Bought 2 Potions","floor":2,"damage_taken":0},{"event_name":"Scrap Ooze","player_choice":"success","floor":5,"damage_taken":12}],"is_beta":false,"boss_relics":[],"items_purged_floors":[14],"is_endless":false,"potions_floor_spawned":[1,6,12],"killed_by":"The Guardian","ascension_level":0}