{"gold_per_floor":[119,132,146,146,161,204,204,240,240,240,240,263,278,299,299,419,419,434,405,426,440,461,461,502,502,502,502,523,523,523,541,541,671,671,696,719,215,240,264,300,300,300],"floor_reached":42,"playtime":3806,"items_purged":["Defend_G"],"score":538,"play_id":"b2d55805-4a4a-4f2f-a8c2-54c23a9d801d","local_time":"20190108165810","is_ascension_mode":true,"campfire_choices":[{"data":"Bouncing Flask","floor":7,"key":"SMITH"},{"data":"Neutralize","floor":10,"key":"SMITH"},{"data":"After Image","floor":15,"key":"SMITH"},{"data":"Sucker Punch","floor":23,"key":"SMITH"},{"data":"Deflect","floor":25,"key":"SMITH"},{"data":"Crippling Poison","floor":27,"key":"SMITH"},{"floor":30,"key":"REST"},{"floor":32,"key":"REST"},{"floor":41,"key":"REST"}],"neow_cost":"NONE","seed_source_timestamp":415096412587430,"circlet_count":0,"master_deck":["Defend_G","Defend_G","Defend_G","Defend_G","Strike_G+1","Strike_G+1","Strike_G","Survivor","Neutralize+1","Noxious Fumes","Bouncing Flask+1","Backstab","Flying Knee","Blur","Poisoned Stab","After Image+1","Terror","Crippling Poison+1","Quick Slash","Burst","Blade Dance+1","Deflect+1","Deadly Poison+1","Sucker Punch+1","Well Laid Plans+1","Dodge and Roll+1","Slice","Bane","Die Die Die","Poisoned Stab+1","Outmaneuver+1","Jack Of All Trades","Deadly Poison","Deflect+1","Prepared"],"relics":["Ring of the Snake","Golden Idol","Anchor","Whetstone","Empty Cage","Pear","Torii","Black Star","Membership Card","Mummified Hand","Orichalcum","Ice Cream","Ninja Scroll"],"potions_floor_usage":[6,8,19,22,24,33,35,40,40,42],"damage_taken":[{"damage":1,"enemies":"2 Louse","floor":1,"turns":5},{"damage":8,"enemies":"Small Slimes","floor":2,"turns":4},{"damage":1,"enemies":"Cultist","floor":3,"turns":3},{"damage":4,"enemies":"3 Louse","floor":5,"turns":4},{"damage":10,"enemies":"Gremlin Nob","floor":6,"turns":5},{"damage":9,"enemies":"3 Sentries","floor":8,"turns":7},{"damage":0,"enemies":"2 Fungi Beasts","floor":12,"turns":2},{"damage":0,"enemies":"Red Slaver","floor":13,"turns":2},{"damage":0,"enemies":"Looter","floor":14,"turns":3},{"damage":12,"enemies":"Slime Boss","floor":16,"turns":9},{"damage":0,"enemies":"Shell Parasite","floor":18,"turns":5},{"damage":9,"enemies":"2 Thieves","floor":19,"turns":5},{"damage":11,"enemies":"Centurion and Healer","floor":20,"turns":6},{"damage":9,"enemies":"Snecko","floor":21,"turns":5},{"damage":18,"enemies":"Sentry and Sphere","floor":22,"turns":6},{"damage":12,"enemies":"Book of Stabbing","floor":24,"turns":6},{"damage":9,"enemies":"3 Cultists","floor":28,"turns":6},{"damage":1,"enemies":"Snecko","floor":31,"turns":3},{"damage":17,"enemies":"Champ","floor":33,"turns":14},{"damage":9,"enemies":"3 Darklings","floor":35,"turns":9},{"damage":1,"enemies":"3 Shapes","floor":36,"turns":7},{"damage":0,"enemies":"Maw","floor":38,"turns":7},{"damage":26,"enemies":"3 Darklings","floor":39,"turns":4},{"damage":43,"enemies":"Giant Head","floor":40,"turns":10},{"damage":45,"enemies":"Reptomancer","floor":42,"turns":3}],"seed_played":"2544963615890892353","potions_obtained":[{"floor":1,"key":"Explosive Potion"},{"floor":2,"key":"SpeedPotion"},{"floor":5,"key":"SkillPotion"},{"floor":16,"key":"FearPotion"},{"floor":21,"key":"Fire Potion"},{"floor":22,"key":"FearPotion"},{"floor":24,"key":"Ancient Potion"},{"floor":28,"key":"SkillPotion"},{"floor":31,"key":"Block Potion"},{"floor":36,"key":"Strength Potion"},{"floor":39,"key":"SpeedPotion"}],"is_trial":false,"path_per_floor":["M","M","M","?","M","E","R","E","T","R","?","M","M","M","R","B",null,"M","M","M","M","M","R","E","R","T","R","M","?","R","M","R","B",null,"M","M","$","M","M","E","R","E"],"character_chosen":"THE_SILENT","items_purchased":["Membership Card","Mummified Hand","Jack Of All Trades","Orichalcum"],"campfire_rested":3,"item_purchase_floors":[37,37,37,37],"current_hp_per_floor":[69,61,60,60,56,46,46,37,37,37,42,42,42,42,42,30,70,70,61,50,41,23,23,21,21,21,21,12,3,27,26,50,33,80,71,70,70,70,44,1,25,0],"gold":300,"neow_bonus":"THREE_CARDS","is_prod":false,"is_daily":false,"chose_seed":false,"campfire_upgraded":6,"win_rate":0,"timestamp":1546937890,"path_taken":["M","M","M","?","M","E","R","E","T","R","?","M","M","M","R","BOSS","M","M","M","M","M","R","E","R","T","R","M","?","R","M","R","BOSS","M","M","$","M","M","E","R","E"],"build_version":"2019-01-03v4","purchased_purges":1,"victory":false,"max_hp_per_floor":[70,70,70,65,65,65,65,65,65,65,70,70,70,70,70,70,70,70,70,70,70,70,70,80,80,80,80,80,80,80,80,80,80,80,80,80,80,80,80,80,80,80],"card_choices":[{"not_picked":["Poisoned Stab","Sucker Punch"],"picked":"Noxious Fumes","floor":0},{"not_picked":["Finisher","Prepared"],"picked":"Bouncing Flask","floor":1},{"not_picked":["Dodge and Roll","Dagger Throw"],"picked":"Backstab","floor":2},{"not_picked":["Outmaneuver","Bane"],"picked":"Flying Knee","floor":3},{"not_picked":["Poisoned Stab","Backflip"],"picked":"Blur","floor":5},{"not_picked":["Dodge and Roll","Corpse Explosion"],"picked":"Poisoned Stab","floor":6},{"not_picked":["Underhanded Strike","Dagger Spray"],"picked":"After Image","floor":8},{"not_picked":["Caltrops","Slice"],"picked":"Terror","floor":12},{"not_picked":["Deflect","Eviscerate"],"picked":"Crippling Poison","floor":13},{"not_picked":["Expertise","Reflex"],"picked":"Quick Slash","floor":14},{"not_picked":["Corpse Explosion","Tools of the Trade"],"picked":"Burst","floor":16},{"not_picked":["Dagger Spray+1","Endless Agony"],"picked":"Blade Dance+1","floor":18},{"not_picked":["Backflip","Eviscerate"],"picked":"Deflect","floor":19},{"not_picked":["Backflip","Riddle With Holes"],"picked":"Deadly Poison+1","floor":20},{"not_picked":["Concentrate","Terror"],"picked":"Sucker Punch","floor":21},{"not_picked":["PiercingWail","Burst"],"picked":"Well Laid Plans+1","floor":22},{"not_picked":["Distraction","Bane+1"],"picked":"Dodge and Roll+1","floor":24},{"not_picked":["Blade Dance","Skewer"],"picked":"Slice","floor":28},{"not_picked":["Underhanded Strike","Concentrate"],"picked":"Bane","floor":31},{"not_picked":["Doppelganger","Glass Knife"],"picked":"Die Die Die","floor":33},{"not_picked":["Bane","Quick Slash+1"],"picked":"Poisoned Stab+1","floor":35},{"not_picked":["Reflex+1","Blade Dance"],"picked":"Outmaneuver+1","floor":36},{"not_picked":["Flying Knee+1","Infinite Blades+1"],"picked":"Deadly Poison","floor":38},{"not_picked":["Reflex","PiercingWail+1"],"picked":"Deflect+1","floor":39},{"not_picked":["Reflex","All Out Attack+1"],"picked":"Prepared","floor":40}],"player_experience":97276,"relics_obtained":[{"floor":6,"key":"Anchor"},{"floor":8,"key":"Whetstone"},{"floor":24,"key":"Pear"},{"floor":26,"key":"Torii"},{"floor":40,"key":"Ice Cream"},{"floor":40,"key":"Ninja Scroll"}],"event_choices":[{"damage_healed":0,"gold_gain":0,"player_choice":"Lose Max HP","damage_taken":0,"relics_obtained":["Golden Idol"],"max_hp_gain":0,"max_hp_loss":5,"event_name":"Golden Idol","floor":4,"gold_loss":0},{"damage_healed":0,"gold_gain":0,"player_choice":"Donut","damage_taken":0,"max_hp_gain":5,"max_hp_loss":0,"event_name":"Big Fish","floor":11,"gold_loss":0},{"damage_healed":0,"gold_gain":0,"player_choice":"Stopped","damage_taken":9,"max_hp_gain":0,"max_hp_loss":0,"event_name":"Cursed Tome","floor":29,"gold_loss":0}],"is_beta":false,"boss_relics":[{"not_picked":["Orrery","Sozu"],"picked":"Empty Cage"},{"not_picked":["Runic Pyramid","Lizard Tail"],"picked":"Black Star"}],"items_purged_floors":[37],"is_endless":false,"potions_floor_spawned":[1,2,5,16,21,22,24,28,31,36,39],"killed_by":"Reptomancer","ascension_level":2}