{"gold_per_floor":[215,215,228,528,539,539,555,583,630,26,26,42,76,93,93,193,193,211,226,240,240,33,59,59,91,114,148,163,194,210,229,229,324,324,340,352,427,442,89,115,115,148,148,168,188,188,213,242,254,266],"floor_reached":51,"playtime":5975,"items_purged":["Strike_G","Strike_G"],"score":1239,"play_id":"d646fee5-be9d-4099-a93b-70d827cfe01d","local_time":"20190108013824","is_ascension_mode":true,"campfire_choices":[{"data":"Neutralize","floor":6.0,"key":"SMITH"},{"floor":11.0,"key":"REST"},{"data":"Tools of the Trade","floor":15.0,"key":"SMITH"},{"data":"Finisher","floor":24.0,"key":"SMITH"},{"data":"Phantasmal Killer","floor":32.0,"key":"SMITH"},{"data":"Burst","floor":41.0,"key":"SMITH"},{"data":"Accuracy","floor":46.0,"key":"SMITH"},{"data":"Outmaneuver","floor":49,"key":"SMITH"}],"neow_cost":"NONE","seed_source_timestamp":42294416986671,"circlet_count":0,"master_deck":["Defend_G","Defend_G","Defend_G","Defend_G","Defend_G","Strike_G","Strike_G","Survivor","Neutralize+1","Backflip","Footwork","Finisher+1","Tools of the Trade+1","Well Laid Plans","Blur","Blade Dance","Footwork","Noxious Fumes","Blur","Phantasmal Killer+1","Blade Dance","Footwork+1","Skewer+1","Terror","Distraction+1","Outmaneuver+1","Deflect+1","Cloak And Dagger","Burst+1","Deflect+1","Dodge and Roll+1","Accuracy+1","Footwork+1","Concentrate+1"],"special_seed":0,"relics":["Ring of the Snake","Lantern","Old Coin","Ninja Scroll","Vajra","Art of War","PreservedInsect","Pear","WristBlade","OrangePellets","Smiling Mask","Snake Skull","Happy Flower","Pantograph","Ancient Tea Set","Runic Pyramid","Anchor","Regal Pillow","Blue Candle","Letter Opener","MawBank"],"potions_floor_usage":[50,50,50],"damage_taken":[{"damage":2.0,"enemies":"Cultist","floor":1.0,"turns":5.0},{"damage":0.0,"enemies":"2 Louse","floor":3.0,"turns":3.0},{"damage":0.0,"enemies":"Jaw Worm","floor":5.0,"turns":5.0},{"damage":29.0,"enemies":"Gremlin Gang","floor":7.0,"turns":9.0},{"damage":29.0,"enemies":"3 Sentries","floor":8.0,"turns":11.0},{"damage":0.0,"enemies":"Looter","floor":12.0,"turns":1.0},{"damage":5.0,"enemies":"Lagavulin","floor":13.0,"turns":4.0},{"damage":0.0,"enemies":"Red Slaver","floor":14.0,"turns":1.0},{"damage":1.0,"enemies":"The Guardian","floor":16.0,"turns":13.0},{"damage":0.0,"enemies":"Chosen","floor":18.0,"turns":4.0},{"damage":0.0,"enemies":"2 Thieves","floor":19.0,"turns":4.0},{"damage":0.0,"enemies":"Snecko","floor":20.0,"turns":4.0},{"damage":21.0,"enemies":"Book of Stabbing","floor":23.0,"turns":8.0},{"damage":2.0,"enemies":"Gremlin Leader","floor":25.0,"turns":4.0},{"damage":5.0,"enemies":"Book of Stabbing","floor":27.0,"turns":4.0},{"damage":2.0,"enemies":"Chosen and Byrds","floor":28.0,"turns":6.0},{"damage":0.0,"enemies":"Gremlin Leader","floor":29.0,"turns":4.0},{"damage":0.0,"enemies":"Snake Plant","floor":30.0,"turns":3.0},{"damage":0.0,"enemies":"Sentry and Sphere","floor":31.0,"turns":7.0},{"damage":4.0,"enemies":"Champ","floor":33.0,"turns":12.0},{"damage":0.0,"enemies":"3 Shapes","floor":35.0,"turns":5.0},{"damage":25.0,"enemies":"3 Darklings","floor":36.0,"turns":7.0},{"damage":12.0,"enemies":"Jaw Worm Horde","floor":38.0,"turns":6.0},{"damage":0.0,"enemies":"Nemesis","floor":40.0,"turns":3.0},{"damage":0.0,"enemies":"Giant Head","floor":42.0,"turns":8.0},{"damage":0.0,"enemies":"4 Shapes","floor":44.0,"turns":4.0},{"damage":0.0,"enemies":"Maw","floor":45.0,"turns":10.0},{"damage":0.0,"enemies":"Nemesis","floor":47.0,"turns":3.0},{"damage":0,"enemies":"Spire Growth","floor":48,"turns":7},{"damage":26,"enemies":"Time Eater","floor":50,"turns":14}],"seed_played":"489711784871694091","potions_obtained":[{"floor":3.0,"key":"Strength Potion"},{"floor":8.0,"key":"SkillPotion"},{"floor":12.0,"key":"GhostInAJar"},{"floor":13.0,"key":"GhostInAJar"},{"floor":18.0,"key":"Regen Potion"},{"floor":23.0,"key":"Fire Potion"},{"floor":27.0,"key":"Explosive Potion"},{"floor":30.0,"key":"Strength Potion"},{"floor":31.0,"key":"SpeedPotion"},{"floor":36.0,"key":"Regen Potion"},{"floor":45.0,"key":"Swift Potion"},{"floor":47.0,"key":"Strength Potion"}],"is_trial":false,"path_per_floor":["M","T","M","?","M","R","M","E","T","$","R","M","E","M","R","B",null,"M","M","M","?","$","E","R","E","T","E","M","E","M","M","R","B",null,"M","M","?","M","$","E","R","E","T","M","M","R","E","M","R","B",null],"character_chosen":"THE_SILENT","items_purchased":["Art of War","Well Laid Plans","Blur","Blade Dance","PreservedInsect","Weak Potion","OrangePellets","Regen Potion","Anchor","Accuracy"],"campfire_rested":1,"item_purchase_floors":[10,10,10,10,10,10,22,39,39,39],"current_hp_per_floor":[61,61,61,61,61,61,32,3,3,3,24,24,29,29,29,28,67,67,67,67,67,67,60,60,58,58,53,51,51,51,51,51,72,78,78,53,45,48,48,48,48,48,48,62,62,62,62,62,62,54],"gold":278,"neow_bonus":"HUNDRED_GOLD","is_prod":false,"is_daily":false,"chose_seed":false,"campfire_upgraded":7,"win_rate":0,"timestamp":1546900704,"path_taken":["M","?","M","?","?","R","?","E","T","$","R","M","E","?","R","BOSS","M","M","M","?","$","E","R","E","T","E","M","E","M","?","R","BOSS","M","?","?","M","$","E","R","E","T","M","M","R","E","?","R","BOSS"],"build_version":"2019-01-03v4","purchased_purges":2,"victory":true,"max_hp_per_floor":[70,70,70,70,70,70,70,70,70,70,70,70,80,80,80,80,80,80,80,80,80,80,80,80,80,80,80,80,80,80,80,80,80,80,80,80,80,80,80,80,80,80,80,80,80,80,80,80,80,80],"card_choices":[{"not_picked":["Cloak And Dagger","Slice"],"picked":"Backflip","floor":1.0},{"not_picked":["Backflip","Outmaneuver"],"picked":"Footwork","floor":3.0},{"not_picked":["Slice","Sucker Punch"],"picked":"Finisher","floor":5.0},{"not_picked":["Bane","Slice","Distraction"],"picked":"SKIP","floor":7.0},{"not_picked":["Venomology","Quick Slash"],"picked":"Tools of the Trade","floor":8.0},{"not_picked":["Infinite Blades","Caltrops"],"picked":"Footwork","floor":12.0},{"not_picked":["Sucker Punch","Acrobatics"],"picked":"Noxious Fumes","floor":13.0},{"not_picked":["Dagger Throw","Acrobatics"],"picked":"Blur","floor":14.0},{"not_picked":["Storm of Steel","Wraith Form v2"],"picked":"Phantasmal Killer","floor":16.0},{"not_picked":["Flying Knee","Masterful Stab"],"picked":"Blade Dance","floor":18.0},{"not_picked":["Dagger Spray","Blade Dance"],"picked":"Footwork+1","floor":19.0},{"not_picked":["Poisoned Stab","Well Laid Plans"],"picked":"Skewer+1","floor":20.0},{"not_picked":["Underhanded Strike","Grand Finale"],"picked":"Terror","floor":23.0},{"not_picked":["Dagger Spray","Noxious Fumes","Predator"],"picked":"SKIP","floor":25.0},{"not_picked":["Malaise","Finisher","Flying Knee"],"picked":"SKIP","floor":27.0},{"not_picked":["Dagger Throw","Choke"],"picked":"Distraction+1","floor":28.0},{"not_picked":["Phantasmal Killer","Finisher"],"picked":"Outmaneuver","floor":29.0},{"not_picked":["Bane+1","Eviscerate"],"picked":"Deflect+1","floor":30.0},{"not_picked":["Deflect","Footwork"],"picked":"Cloak And Dagger","floor":31.0},{"not_picked":["Bullet Time","Glass Knife"],"picked":"Burst","floor":33.0},{"not_picked":["Cloak And Dagger","Skewer","Deflect"],"picked":"SKIP","floor":35.0},{"not_picked":["Concentrate","PiercingWail+1"],"picked":"Deflect+1","floor":36.0},{"not_picked":["Cloak And Dagger+1","Prepared+1"],"picked":"Dodge and Roll+1","floor":38.0},{"not_picked":["Bouncing Flask","Dagger Throw+1"],"picked":"Footwork+1","floor":40.0},{"not_picked":["Well Laid Plans","Acrobatics+1","Wraith Form v2"],"picked":"SKIP","floor":42.0},{"not_picked":["Endless Agony","PiercingWail"],"picked":"Concentrate+1","floor":44.0},{"not_picked":["Dodge and Roll+1","Dagger Spray","Reflex"],"picked":"SKIP","floor":45.0},{"not_picked":["Dagger Spray+1","All Out Attack","Blur"],"picked":"SKIP","floor":47.0},{"not_picked":["PiercingWail","Slice","A Thousand Cuts"],"picked":"SKIP","floor":48}],"player_experience":406902,"relics_obtained":[{"floor":2.0,"key":"Lantern"},{"floor":8.0,"key":"Ninja Scroll"},{"floor":9.0,"key":"Vajra"},{"floor":13.0,"key":"Pear"},{"floor":23.0,"key":"Smiling Mask"},{"floor":25.0,"key":"Snake Skull"},{"floor":26.0,"key":"Happy Flower"},{"floor":27.0,"key":"Pantograph"},{"floor":29.0,"key":"Ancient Tea Set"},{"floor":40.0,"key":"Regal Pillow"},{"floor":42.0,"key":"Blue Candle"},{"floor":43.0,"key":"Letter Opener"},{"floor":47.0,"key":"MawBank"}],"event_choices":[{"damage_healed":0.0,"max_hp_gain":0.0,"max_hp_loss":0.0,"gold_gain":0.0,"event_name":"WeMeetAgain","player_choice":"Gave Potion","floor":4.0,"gold_loss":0.0,"damage_taken":0.0,"relics_obtained":["Old Coin"]},{"cards_removed":["Strike_G"],"damage_healed":0.0,"max_hp_gain":0.0,"max_hp_loss":0.0,"gold_gain":0.0,"event_name":"Bonfire Elementals","player_choice":"Offered Basic","floor":21.0,"gold_loss":0.0,"damage_taken":0.0},{"damage_healed":0.0,"max_hp_gain":0.0,"max_hp_loss":0.0,"gold_gain":75.0,"event_name":"FaceTrader","player_choice":"Touch","floor":37.0,"gold_loss":0.0,"damage_taken":8.0}],"is_beta":false,"boss_relics":[{"not_picked":["Eternal Feather","White Beast Statue"],"picked":"WristBlade"},{"not_picked":["Empty Cage","Lizard Tail"],"picked":"Runic Pyramid"}],"items_purged_floors":[10,39],"is_endless":false,"potions_floor_spawned":[3,8,12,13,18,20,23,27,30,31,36,45,47,48],"ascension_level":7}