{"gold_per_floor":[114,114,114,39,39,70,116,149,149,182,201,201,20,38,38,168,168,191,112,131,144,187,218,218,218,286,301,301,325,325,344,344,463,526,547,880,107,107,120,120,155,155,203,203,222,222,240,93,93,93],"floor_reached":51,"playtime":3470,"items_purged":["Regret","Strike_G","Decay"],"score":1117,"play_id":"2d671ad9-a4eb-4f3b-aa66-8a956821b96c","local_time":"20190111000416","is_ascension_mode":true,"campfire_choices":[{"data":"Unload","floor":12.0,"key":"SMITH"},{"data":"Wraith Form v2","floor":15.0,"key":"SMITH"},{"data":"Concentrate","floor":25.0,"key":"SMITH"},{"data":"Footwork","floor":28.0,"key":"SMITH"},{"data":"Phantasmal Killer","floor":30.0,"key":"SMITH"},{"floor":32.0,"key":"REST"},{"data":"Wraith Form v2","floor":40.0,"key":"SMITH"},{"data":"Blind","floor":42,"key":"SMITH"},{"data":"Corpse Explosion","floor":46,"key":"SMITH"},{"floor":49,"key":"REST"}],"neow_cost":"NONE","seed_source_timestamp":15732686703665,"circlet_count":0,"master_deck":["Defend_G","Defend_G","Defend_G","Defend_G","Defend_G","Strike_G","Strike_G","Strike_G","Strike_G","Survivor","Neutralize","Backflip","Leg Sweep","Wraith Form v2+1","Unload+1","PiercingWail","Well Laid Plans+1","Corpse Explosion+1","Heel Hook","Footwork+1","Concentrate+1","Deflect+1","Phantasmal Killer+1","Terror+1","Crippling Poison+1","Wraith Form v2+1","Calculated Gamble","Dodge and Roll+1","Blind+1","Concentrate","Distraction+1","Noxious Fumes","Choke"],"special_seed":0,"relics":["Ring of the Snake","NeowsBlessing","StoneCalendar","Torii","Lantern","Mercury Hourglass","Unceasing Top","Strawberry","Sozu","Red Mask","Meat on the Bone","Kunai","Tiny House","Gremlin Horn","Matryoshka","Ninja Scroll","Juzu Bracelet","Bag of Marbles"],"potions_floor_usage":[],"damage_taken":[{"damage":0.0,"enemies":"Small Slimes","floor":1.0,"turns":1.0},{"damage":0.0,"enemies":"Lagavulin","floor":6.0,"turns":1.0},{"damage":0.0,"enemies":"3 Sentries","floor":8.0,"turns":1.0},{"damage":27.0,"enemies":"Lagavulin","floor":10.0,"turns":7.0},{"damage":0.0,"enemies":"Jaw Worm","floor":11.0,"turns":3.0},{"damage":0.0,"enemies":"2 Louse","floor":14.0,"turns":2.0},{"damage":10.0,"enemies":"Slime Boss","floor":16.0,"turns":8.0},{"damage":0.0,"enemies":"Spheric Guardian","floor":18.0,"turns":6.0},{"damage":13.0,"enemies":"3 Byrds","floor":20.0,"turns":3.0},{"damage":7.0,"enemies":"Snake Plant","floor":21.0,"turns":5.0},{"damage":0.0,"enemies":"Masked Bandits","floor":22.0,"turns":3.0},{"damage":5.0,"enemies":"Book of Stabbing","floor":23.0,"turns":7.0},{"damage":9.0,"enemies":"Chosen and Byrds","floor":27.0,"turns":7.0},{"damage":0.0,"enemies":"Centurion and Healer","floor":29.0,"turns":5.0},{"damage":0.0,"enemies":"Cultist and Chosen","floor":31.0,"turns":6.0},{"damage":8.0,"enemies":"Collector","floor":33.0,"turns":8.0},{"damage":1.0,"enemies":"Orb Walker","floor":35.0,"turns":5.0},{"damage":0.0,"enemies":"3 Shapes","floor":39.0,"turns":2.0},{"damage":13,"enemies":"Reptomancer","floor":41,"turns":7},{"damage":0,"enemies":"Sphere and 2 Shapes","floor":45,"turns":4},{"damage":0,"enemies":"Jaw Worm Horde","floor":47,"turns":2},{"damage":12,"enemies":"Donu and Deca","floor":50,"turns":7}],"seed_played":"2950785415568835596","potions_obtained":[{"floor":6.0,"key":"GhostInAJar"},{"floor":8.0,"key":"FearPotion"},{"floor":11.0,"key":"Explosive Potion"}],"is_trial":false,"path_per_floor":["M","?","?","$","?","E","T","E","T","E","M","R","$","M","R","B",null,"M","$","M","M","?","E","?","R","T","M","R","M","R","M","R","B",null,"M","?","$","?","M","R","E","R","T","?","M","R","M","$","R","B",null],"character_chosen":"THE_SILENT","items_purchased":["Well Laid Plans","Footwork","Blind","Gremlin Horn","Matryoshka","Concentrate","Noxious Fumes","Choke"],"campfire_rested":2,"item_purchase_floors":[13,19,37,37,37,37,48,48],"current_hp_per_floor":[63,63,63,63,63,63,63,63,63,43,43,43,43,43,43,33,66,66,66,53,46,46,41,41,41,41,44,44,44,44,44,67,59,78,77,77,77,77,77,77,64,64,64,64,64,64,64,64,82,70],"gold":93,"neow_bonus":"THREE_ENEMY_KILL","is_prod":false,"is_daily":false,"chose_seed":false,"campfire_upgraded":8,"win_rate":0,"timestamp":1547154256,"path_taken":["M","?","?","$","?","E","?","E","T","E","?","R","?","M","R","BOSS","M","$","M","M","?","E","?","R","T","M","R","?","R","M","R","BOSS","M","?","$","?","M","R","E","R","T","?","M","R","M","$","R","BOSS"],"build_version":"2019-01-03v4","purchased_purges":3,"victory":true,"max_hp_per_floor":[70,70,70,70,70,70,70,70,70,77,77,77,77,77,77,77,77,77,77,77,77,77,77,77,77,77,77,77,77,77,77,77,77,82,82,82,82,82,82,82,82,82,82,82,82,82,82,82,82,82],"card_choices":[{"not_picked":["Underhanded Strike","Sucker Punch"],"picked":"Backflip","floor":1.0},{"not_picked":["Concentrate","Accuracy"],"picked":"Leg Sweep","floor":6.0},{"not_picked":["Backflip","Reflex"],"picked":"Wraith Form v2","floor":8.0},{"not_picked":["Dagger Throw","Riddle With Holes"],"picked":"Unload","floor":10.0},{"not_picked":["Bane","Dodge and Roll"],"picked":"PiercingWail","floor":11.0},{"not_picked":["All Out Attack","Sucker Punch","Underhanded Strike"],"picked":"SKIP","floor":14.0},{"not_picked":["Night Terror","After Image"],"picked":"Corpse Explosion","floor":16.0},{"not_picked":["Finisher","Cloak And Dagger"],"picked":"Heel Hook","floor":18.0},{"not_picked":["Acrobatics","Dagger Throw"],"picked":"Concentrate","floor":20.0},{"not_picked":["Crippling Poison","Underhanded Strike"],"picked":"Deflect+1","floor":21.0},{"not_picked":["Grand Finale","Calculated Gamble"],"picked":"Phantasmal Killer","floor":23.0},{"not_picked":["Masterful Stab","Acrobatics"],"picked":"Terror+1","floor":27.0},{"not_picked":["Crippling Poison","Deadly Poison","Outmaneuver"],"picked":"SKIP","floor":29.0},{"not_picked":["Sucker Punch","Distraction"],"picked":"Crippling Poison+1","floor":31.0},{"not_picked":["Tools of the Trade","Doppelganger"],"picked":"Wraith Form v2","floor":33.0},{"not_picked":["Deflect","Flying Knee"],"picked":"Calculated Gamble","floor":34.0},{"not_picked":["Bouncing Flask+1","Sucker Punch+1"],"picked":"Dodge and Roll+1","floor":35.0},{"not_picked":["Acrobatics+1","Flechettes"],"picked":"Distraction+1","floor":39.0},{"not_picked":["Unload","Concentrate","Setup+1"],"picked":"SKIP","floor":41},{"not_picked":["Deflect","Sucker Punch+1","Predator+1"],"picked":"SKIP","floor":45},{"not_picked":["Tactician","Acrobatics","Endless Agony"],"picked":"SKIP","floor":47}],"player_experience":417717,"relics_obtained":[{"floor":6.0,"key":"Torii"},{"floor":7.0,"key":"Lantern"},{"floor":8.0,"key":"Mercury Hourglass"},{"floor":9.0,"key":"Unceasing Top"},{"floor":10.0,"key":"Strawberry"},{"floor":22.0,"key":"Red Mask"},{"floor":23.0,"key":"Meat on the Bone"},{"floor":26.0,"key":"Kunai"},{"floor":41,"key":"Ninja Scroll"},{"floor":43,"key":"Juzu Bracelet"},{"floor":43,"key":"Bag of Marbles"}],"event_choices":[{"damage_healed":0.0,"max_hp_gain":0.0,"max_hp_loss":0.0,"gold_gain":0.0,"event_name":"Big Fish","player_choice":"Box","floor":2.0,"gold_loss":0.0,"damage_taken":0.0,"relics_obtained":["StoneCalendar"],"cards_obtained":["Regret"]},{"damage_healed":0.0,"max_hp_gain":0.0,"max_hp_loss":0.0,"gold_gain":0.0,"event_name":"Golden Idol","player_choice":"Take Wound","floor":3.0,"gold_loss":0.0,"damage_taken":0.0,"relics_obtained":["Golden Idol"],"cards_obtained":["Injury"]},{"cards_removed":["Injury"],"damage_healed":0.0,"max_hp_gain":0.0,"max_hp_loss":0.0,"gold_gain":0.0,"event_name":"Living Wall","player_choice":"Forget","floor":5.0,"gold_loss":0.0,"damage_taken":0.0},{"damage_healed":0.0,"max_hp_gain":0.0,"max_hp_loss":0.0,"gold_gain":0.0,"event_name":"Masked Bandits","player_choice":"Fought Bandits","floor":22.0,"gold_loss":0.0,"damage_taken":0.0},{"damage_healed":0.0,"max_hp_gain":0.0,"max_hp_loss":0.0,"gold_gain":0.0,"event_name":"Wheel of Change","player_choice":"Cursed","floor":24.0,"gold_loss":0.0,"damage_taken":0.0,"cards_obtained":["Decay"]},{"damage_healed":0.0,"max_hp_gain":0.0,"max_hp_loss":0.0,"gold_gain":333.0,"event_name":"The Moai Head","player_choice":"Gave Idol","floor":36.0,"relics_lost":["Golden Idol"],"gold_loss":0.0,"damage_taken":0.0},{"damage_healed":0.0,"max_hp_gain":0.0,"max_hp_loss":0.0,"gold_gain":0.0,"event_name":"Lab","player_choice":"Got Potions","floor":38.0,"gold_loss":0.0,"damage_taken":0.0},{"damage_healed":0,"gold_gain":0,"player_choice":"Ignored","damage_taken":0,"max_hp_gain":0,"max_hp_loss":0,"event_name":"Mysterious Sphere","floor":44,"gold_loss":0}],"is_beta":false,"boss_relics":[{"not_picked":["Black Star","Fusion Hammer"],"picked":"Sozu"},{"not_picked":["Calling Bell","White Beast Statue"],"picked":"Tiny House"}],"items_purged_floors":[4,13,37],"is_endless":false,"potions_floor_spawned":[6,8,11,18,20,29,31,35,39,41],"ascension_level":9}