{"gold_per_floor":[118,32,32,32,50,88,112,153,180,180,180,203,233,36,36,161,161,174,194,215,229,93,93,109,122,122,122,47,47,47,66,66,187,187,210,225,225,225,100,100,143,143],"floor_reached":42,"playtime":2380,"items_purged":["Strike_R","Strike_R","Strike_R"],"score":486,"play_id":"00c1e2f9-dc28-441e-a6e1-023240b6bdc3","local_time":"20181031230301","is_ascension_mode":false,"campfire_choices":[{"data":"Armaments","floor":11,"key":"SMITH"},{"data":"Metallicize","floor":15,"key":"SMITH"},{"data":"Metallicize","floor":23,"key":"SMITH"},{"floor":27,"key":"DIG"},{"floor":32,"key":"DIG"},{"data":"Madness","floor":40,"key":"SMITH"}],"neow_cost":"NONE","seed_source_timestamp":13590047701504,"circlet_count":0,"master_deck":["Strike_R","Defend_R","Defend_R","Defend_R","Defend_R","Bash","Shockwave","Metallicize+1","Armaments+1","Iron Wave","Rage","Inflame","Metallicize+1","Shrug It Off","Limit Break","Body Slam","Combust","Battle Trance","Flex+1","Barricade","Exhume","Bash","Madness+1","Madness","Flame Barrier+1"],"relics":["Burning Blood","NeowsBlessing","Golden Idol","FaceOfCleric","Bag of Preparation","PreservedInsect","Centennial Puzzle","Tiny Chest","Mark of Pain","Shovel","Bronze Scales","Juzu Bracelet","Sozu","Bottled Lightning"],"potions_floor_usage":[33,42],"damage_taken":[{"damage":0,"enemies":"Small Slimes","floor":1,"turns":1},{"damage":0,"enemies":"2 Louse","floor":5,"turns":1},{"damage":0,"enemies":"Lagavulin","floor":6,"turns":1},{"damage":0,"enemies":"Cultist","floor":7,"turns":4},{"damage":35,"enemies":"3 Sentries","floor":8,"turns":11},{"damage":7,"enemies":"2 Fungi Beasts","floor":12,"turns":5},{"damage":22,"enemies":"Slime Boss","floor":16,"turns":14},{"damage":10,"enemies":"3 Byrds","floor":18,"turns":7},{"damage":10,"enemies":"Chosen","floor":19,"turns":7},{"damage":6,"enemies":"Snecko","floor":20,"turns":6},{"damage":17,"enemies":"Sentry and Sphere","floor":21,"turns":7},{"damage":1,"enemies":"Shelled Parasite and Fungi","floor":24,"turns":7},{"damage":9,"enemies":"3 Cultists","floor":25,"turns":7},{"damage":11,"enemies":"Colosseum Slavers","floor":29,"turns":5},{"damage":13,"enemies":"Sentry and Sphere","floor":31,"turns":7},{"damage":58,"enemies":"Automaton","floor":33,"turns":13},{"damage":10,"enemies":"3 Shapes","floor":35,"turns":4},{"damage":9,"enemies":"3 Darklings","floor":36,"turns":7},{"damage":42,"enemies":"Reptomancer","floor":41,"turns":8},{"damage":49,"enemies":"Spire Growth","floor":42,"turns":4}],"seed_played":"686834384320115980","potions_obtained":[{"floor":5,"key":"Dexterity Potion"},{"floor":7,"key":"BloodPotion"},{"floor":8,"key":"AttackPotion"},{"floor":20,"key":"Swift Potion"},{"floor":21,"key":"Dexterity Potion"},{"floor":31,"key":"Dexterity Potion"}],"is_trial":false,"path_per_floor":["M","$","?","?","M","E","M","E","T","?","R","M","?","$","R","B",null,"M","M","M","M","$","R","M","M","T","R","?","?","$","M","R","B",null,"M","M","?","?","$","R","E"],"character_chosen":"IRONCLAD","items_purchased":["Metallicize","Armaments","Metallicize","Shrug It Off","Battle Trance"],"campfire_rested":0,"item_purchase_floors":[2,2,14,14,22],"current_hp_per_floor":[80,80,60,60,67,74,81,53,53,53,53,53,53,53,53,38,86,83,80,81,71,71,71,77,75,75,75,75,71,71,65,65,14,95,92,90,90,78,78,78,43,0],"gold":143,"neow_bonus":"THREE_ENEMY_KILL","is_prod":false,"is_daily":false,"chose_seed":false,"campfire_upgraded":4,"win_rate":0,"timestamp":1541016181,"path_taken":["M","$","?","?","M","E","?","E","T","?","R","M","?","$","R","BOSS","M","M","M","M","$","R","M","M","T","R","?","?","$","M","R","BOSS","M","M","?","?","$","R","E","M"],"build_version":"2018-10-25v2","purchased_purges":3,"victory":false,"max_hp_per_floor":[80,80,80,80,81,82,83,84,84,84,84,85,85,85,85,86,86,87,88,89,90,90,90,91,92,92,92,92,93,93,94,94,95,95,96,97,97,97,97,97,98,98],"card_choices":[{"not_picked":["Perfected Strike","Shrug It Off"],"picked":"Shockwave","floor":1},{"not_picked":["Burning Pact","Perfected Strike"],"picked":"Iron Wave","floor":5},{"not_picked":["Intimidate","Armaments","Pummel"],"picked":"SKIP","floor":6},{"not_picked":["Pommel Strike","Armaments","Sever Soul"],"picked":"SKIP","floor":7},{"not_picked":["Rupture","Twin Strike"],"picked":"Rage","floor":8},{"not_picked":["True Grit","Evolve"],"picked":"Inflame","floor":12},{"not_picked":["Fiend Fire","Offering"],"picked":"Limit Break","floor":16},{"not_picked":["Warcry","Corruption","Armaments"],"picked":"SKIP","floor":18},{"not_picked":["Warcry","Thunderclap+1"],"picked":"Body Slam","floor":19},{"not_picked":["Shrug It Off","Perfected Strike"],"picked":"Combust","floor":20},{"not_picked":["Infernal Blade","Havoc+1","Warcry"],"picked":"SKIP","floor":21},{"not_picked":["Infernal Blade","Havoc+1","Warcry"],"picked":"SKIP","floor":21},{"not_picked":["Heavy Blade","Spot Weakness","Disarm"],"picked":"SKIP","floor":24},{"not_picked":["True Grit","Uppercut","Second Wind"],"picked":"SKIP","floor":25},{"not_picked":["Entrench","Searing Blow"],"picked":"Flex+1","floor":31},{"not_picked":["Reaper","Exhume"],"picked":"Barricade","floor":33},{"not_picked":["Warcry","Second Wind+1","Clash+1"],"picked":"SKIP","floor":35},{"not_picked":["Pummel","Sentinel+1","Twin Strike+1"],"picked":"SKIP","floor":36},{"not_picked":["Twin Strike+1","Flex+1"],"picked":"Flame Barrier+1","floor":41}],"player_experience":120488,"relics_obtained":[{"floor":6,"key":"Bag of Preparation"},{"floor":8,"key":"PreservedInsect"},{"floor":9,"key":"Centennial Puzzle"},{"floor":26,"key":"Shovel"},{"floor":27,"key":"Bronze Scales"},{"floor":32,"key":"Juzu Bracelet"},{"floor":41,"key":"Bottled Lightning"}],"event_choices":[{"damage_healed":0,"gold_gain":0,"player_choice":"Take Damage","damage_taken":20,"relics_obtained":["Golden Idol"],"max_hp_gain":0,"max_hp_loss":0,"event_name":"Golden Idol","floor":3,"gold_loss":0},{"damage_healed":0,"gold_gain":0,"player_choice":"Trade","damage_taken":0,"relics_obtained":["FaceOfCleric"],"max_hp_gain":0,"max_hp_loss":0,"event_name":"FaceTrader","floor":4,"gold_loss":0},{"damage_healed":0,"gold_gain":0,"player_choice":"0 cards matched","damage_taken":0,"max_hp_gain":0,"max_hp_loss":0,"event_name":"Match and Keep!","floor":10,"gold_loss":0,"cards_obtained":[]},{"damage_healed":0,"gold_gain":0,"player_choice":"Gave Potion","damage_taken":0,"relics_obtained":["Tiny Chest"],"max_hp_gain":0,"max_hp_loss":0,"event_name":"WeMeetAgain","floor":13,"gold_loss":0},{"cards_removed":["Strike_R"],"damage_healed":0,"gold_gain":0,"player_choice":"Gave Gold","damage_taken":0,"max_hp_gain":0,"max_hp_loss":0,"event_name":"Beggar","floor":28,"gold_loss":75},{"damage_healed":0,"gold_gain":0,"player_choice":"Fight","damage_taken":0,"max_hp_gain":0,"max_hp_loss":0,"event_name":"Colosseum","floor":29,"gold_loss":0},{"damage_healed":0,"gold_gain":0,"player_choice":"Fled From Nobs","damage_taken":0,"max_hp_gain":0,"max_hp_loss":0,"event_name":"Colosseum","floor":29,"gold_loss":0},{"damage_healed":0,"gold_gain":0,"player_choice":"2 cards matched","damage_taken":0,"max_hp_gain":0,"max_hp_loss":0,"event_name":"Match and Keep!","floor":37,"gold_loss":0,"cards_obtained":["Exhume","Bash"]},{"damage_healed":0,"gold_gain":0,"player_choice":"2 cards matched","damage_taken":0,"max_hp_gain":0,"max_hp_loss":0,"event_name":"Match and Keep!","floor":37,"gold_loss":0,"cards_obtained":["Exhume","Bash"]},{"damage_healed":0,"gold_gain":0,"player_choice":"Embrace Madness","damage_taken":12,"max_hp_gain":0,"max_hp_loss":0,"event_name":"Winding Halls","floor":38,"gold_loss":0,"cards_obtained":["Madness","Madness"]}],"is_beta":false,"boss_relics":[{"not_picked":["Calling Bell","Philosopher\u0027s Stone"],"picked":"Mark of Pain"},{"not_picked":["Orrery","Coffee Dripper"],"picked":"Sozu"}],"items_purged_floors":[14,22,39],"is_endless":false,"potions_floor_spawned":[5,7,8,20,21,24,29,31,35],"killed_by":"Spire Growth","ascension_level":0}