{"gold_per_floor":[119,119,84,359,376,408,418,448,448,448,462,15,32,52,52,155,155,174,6,6],"floor_reached":20,"playtime":1416,"items_purged":["Regret"],"score":209,"play_id":"c20df8a0-af5f-4efc-88a8-f33cbc51a98c","local_time":"20190501221335","is_ascension_mode":false,"campfire_choices":[{"data":"Poisoned Stab","floor":10,"key":"SMITH"},{"floor":15,"key":"REST"}],"neow_cost":"NONE","seed_source_timestamp":66983157182681,"circlet_count":0,"master_deck":["Defend_G+1","Defend_G","Defend_G","Defend_G","Defend_G+1","Strike_G","Strike_G","Strike_G","Strike_G","Strike_G","Survivor","Neutralize","Dash","Backstab","After Image","Poisoned Stab+1","Poisoned Stab","PiercingWail","Bouncing Flask","Blade Dance","Infinite Blades","Backstab","Bane","Adrenaline","Blade Dance","Footwork","Sucker Punch"],"relics":["Ring of the Snake","NeowsBlessing","Snake Skull","Thread and Needle","Bottled Lightning","Pear","Snecko Eye"],"potions_floor_usage":[8,8,11,16],"damage_taken":[{"damage":0,"enemies":"Jaw Worm","floor":1,"turns":1},{"damage":0,"enemies":"2 Louse","floor":5,"turns":1},{"damage":0,"enemies":"3 Sentries","floor":6,"turns":1},{"damage":3,"enemies":"Cultist","floor":7,"turns":3},{"damage":23,"enemies":"Lagavulin","floor":8,"turns":7},{"damage":2,"enemies":"Exordium Thugs","floor":11,"turns":4},{"damage":2,"enemies":"3 Louse","floor":13,"turns":3},{"damage":3,"enemies":"Large Slime","floor":14,"turns":5},{"damage":16,"enemies":"Slime Boss","floor":16,"turns":11},{"damage":20,"enemies":"2 Thieves","floor":18,"turns":4}],"seed_played":"-7033060927071101879","potions_obtained":[{"floor":6,"key":"SteroidPotion"},{"floor":7,"key":"GhostInAJar"},{"floor":8,"key":"Weak Potion"},{"floor":13,"key":"Fire Potion"}],"is_trial":false,"path_per_floor":["M","?","?","?","M","E","M","E","T","R","M","$","M","M","R","B",null,"M","$","?"],"character_chosen":"THE_SILENT","items_purchased":["Bouncing Flask","Blade Dance","Infinite Blades","Pear","Footwork","Sucker Punch"],"campfire_rested":1,"item_purchase_floors":[12,12,12,12,19,19],"current_hp_per_floor":[70,56,70,70,70,70,67,44,44,44,42,52,50,47,71,55,80,60,60,44],"gold":6,"neow_bonus":"THREE_ENEMY_KILL","is_prod":false,"is_daily":false,"chose_seed":false,"campfire_upgraded":1,"win_rate":0.0,"timestamp":1556763215,"path_taken":["M","?","?","?","M","E","?","E","T","R","M","$","M","M","R","BOSS","M","$","?"],"build_version":"2019-01-23","purchased_purges":1,"victory":false,"max_hp_per_floor":[70,70,70,70,70,70,70,70,70,70,70,80,80,80,80,80,80,80,80,80],"card_choices":[{"not_picked":["Underhanded Strike","Quick Slash"],"picked":"Dash","floor":1},{"not_picked":["Dodge and Roll","Bane"],"picked":"Backstab","floor":5},{"not_picked":["Underhanded Strike","Blur"],"picked":"After Image","floor":6},{"not_picked":["Dagger Spray","Slice"],"picked":"Poisoned Stab","floor":7},{"not_picked":["Prepared","Dagger Throw"],"picked":"Poisoned Stab","floor":8},{"not_picked":["Acrobatics","Well Laid Plans"],"picked":"PiercingWail","floor":11},{"not_picked":["Poisoned Stab","Dagger Throw"],"picked":"Backstab","floor":13},{"not_picked":["Predator","Dagger Spray"],"picked":"Bane","floor":14},{"not_picked":["A Thousand Cuts","Malaise"],"picked":"Adrenaline","floor":16},{"not_picked":["Dash","Bane"],"picked":"Blade Dance","floor":18}],"player_experience":48147,"relics_obtained":[{"floor":6,"key":"Snake Skull"},{"floor":8,"key":"Thread and Needle"},{"floor":9,"key":"Bottled Lightning"}],"event_choices":[{"damage_healed":0,"gold_gain":0,"player_choice":"Entered Light","damage_taken":14,"max_hp_gain":0,"max_hp_loss":0,"event_name":"Shining Light","floor":2,"gold_loss":0,"cards_upgraded":["Defend_G","Defend_G"]},{"damage_healed":17,"gold_gain":0,"player_choice":"Healed","damage_taken":0,"max_hp_gain":0,"max_hp_loss":0,"event_name":"The Cleric","floor":3,"gold_loss":35},{"damage_healed":0,"gold_gain":275,"player_choice":"Desecrate","damage_taken":0,"max_hp_gain":0,"max_hp_loss":0,"event_name":"Golden Shrine","floor":4,"gold_loss":0,"cards_obtained":["Regret"]},{"damage_healed":0,"gold_gain":0,"player_choice":"Obtained Book","damage_taken":16,"max_hp_gain":0,"max_hp_loss":0,"event_name":"Cursed Tome","floor":20,"gold_loss":0}],"is_beta":false,"boss_relics":[{"not_picked":["Runic Pyramid","Fusion Hammer"],"picked":"Snecko Eye"}],"items_purged_floors":[19],"is_endless":false,"potions_floor_spawned":[6,7,8,13],"ascension_level":0}