{"gold_per_floor":[118,3,3,22,38,63,80,111,135,168,168],"floor_reached":11,"playtime":426,"items_purged":["Strike_B"],"score":107,"play_id":"eef89aeb-2d24-475c-a594-545e1844536f","local_time":"20190124165751","is_ascension_mode":true,"campfire_choices":[],"neow_cost":"NONE","seed_source_timestamp":0,"circlet_count":0,"master_deck":["Strike_B","Strike_B","Defend_B","Defend_B","Defend_B","Defend_B","Zap","Dualcast","Rebound","Self Repair","Redo","Ball Lightning","Static Discharge","Sweeping Beam","Chaos","Defragment"],"special_seed":0,"relics":["Cracked Core","NeowsBlessing","Nunchaku","Happy Flower","Juzu Bracelet","Omamori"],"potions_floor_usage":[],"damage_taken":[{"damage":0.0,"enemies":"2 Louse","floor":1.0,"turns":1.0},{"damage":0.0,"enemies":"Small Slimes","floor":4.0,"turns":1.0},{"damage":0.0,"enemies":"Cultist","floor":5.0,"turns":1.0},{"damage":25.0,"enemies":"3 Sentries","floor":6.0,"turns":6.0},{"damage":7.0,"enemies":"2 Fungi Beasts","floor":7.0,"turns":3.0},{"damage":30,"enemies":"Lagavulin","floor":8,"turns":5},{"damage":28,"enemies":"Gremlin Nob","floor":10,"turns":4},{"damage":13,"enemies":"Blue Slaver","floor":11,"turns":1}],"seed_played":"-3280847783853557600","potions_obtained":[{"floor":4.0,"key":"Explosive Potion"},{"floor":5.0,"key":"Dexterity Potion"},{"floor":8,"key":"Strength Potion"}],"is_trial":false,"path_per_floor":["M","$","?","M","M","E","M","E","T","E","M"],"character_chosen":"DEFECT","items_purchased":["Self Repair"],"campfire_rested":0,"item_purchase_floors":[2],"current_hp_per_floor":[75,75,68,68,75,57,57,34,34,13,0],"gold":168,"neow_bonus":"THREE_ENEMY_KILL","is_prod":false,"is_daily":false,"chose_seed":false,"campfire_upgraded":0,"win_rate":0,"timestamp":1548320271,"path_taken":["M","$","?","M","M","E","M","E","T","E","M"],"build_version":"2019-01-23","purchased_purges":1,"victory":false,"max_hp_per_floor":[75,75,75,75,75,75,75,75,75,75,75],"card_choices":[{"not_picked":["Streamline","Scrape"],"picked":"Rebound","floor":1.0},{"not_picked":["Sunder","Go for the Eyes"],"picked":"Redo","floor":4.0},{"not_picked":["Chill","Defragment"],"picked":"Ball Lightning","floor":5.0},{"not_picked":["Rebound","Go for the Eyes"],"picked":"Static Discharge","floor":6.0},{"not_picked":["Streamline","Blizzard"],"picked":"Sweeping Beam","floor":7.0},{"not_picked":["Genetic Algorithm","Turbo"],"picked":"Chaos","floor":8},{"not_picked":["Conserve Battery","Echo Form"],"picked":"Defragment","floor":10}],"player_experience":186227,"relics_obtained":[{"floor":6.0,"key":"Nunchaku"},{"floor":8,"key":"Happy Flower"},{"floor":9,"key":"Juzu Bracelet"},{"floor":10,"key":"Omamori"}],"event_choices":[{"cards_removed":["Strike_B"],"damage_healed":0.0,"max_hp_gain":0.0,"max_hp_loss":0.0,"gold_gain":0.0,"event_name":"Golden Wing","player_choice":"Card Removal","floor":3.0,"gold_loss":0.0,"damage_taken":7.0}],"is_beta":false,"boss_relics":[],"items_purged_floors":[2],"is_endless":false,"potions_floor_spawned":[4,5,8],"killed_by":"Blue Slaver","ascension_level":3}