{"gold_per_floor":[218,168,178,197,197,230,230,264,316,316,333,313,329,361,361,461,461,481,24,78,98,198,198,198],"floor_reached":24,"playtime":1379,"items_purged":[],"score":282,"play_id":"9e4056de-a6ee-4e17-93be-0554687d81fd","local_time":"20190117225350","is_ascension_mode":true,"campfire_choices":[{"data":"Uppercut","floor":7,"key":"SMITH"},{"data":"Bash","floor":10,"key":"SMITH"},{"data":"Regret","floor":15,"key":"PURGE"},{"data":"Armaments","floor":23,"key":"SMITH"}],"neow_cost":"NONE","seed_source_timestamp":299729850230947,"circlet_count":0,"master_deck":["Strike_R","Strike_R","Strike_R","Strike_R","Defend_R","Defend_R","Defend_R","Defend_R","Bash+1","Anger","Iron Wave","Uppercut+1","Headbutt","Thunderclap","Pommel Strike","Iron Wave","Metallicize+1","Barricade+1","Body Slam","Feed","Shrug It Off","Armaments+1"],"relics":["Burning Blood","Darkstone Periapt","Bag of Marbles","Peace Pipe","Bronze Scales","Frozen Egg 2","Black Star","Membership Card","Tiny Chest","Question Card","Orichalcum","Torii","Singing Bowl"],"potions_floor_usage":[6,11,13,14,22,24],"damage_taken":[{"damage":11,"enemies":"2 Louse","floor":1,"turns":3},{"damage":7,"enemies":"Small Slimes","floor":3,"turns":3},{"damage":1,"enemies":"Cultist","floor":4,"turns":4},{"damage":34,"enemies":"Lagavulin","floor":6,"turns":8},{"damage":43,"enemies":"3 Sentries","floor":8,"turns":8},{"damage":18,"enemies":"Lots of Slimes","floor":11,"turns":4},{"damage":5,"enemies":"Blue Slaver","floor":13,"turns":2},{"damage":13,"enemies":"Lagavulin","floor":14,"turns":5},{"damage":11,"enemies":"Hexaghost","floor":16,"turns":8},{"damage":23,"enemies":"Shell Parasite","floor":18,"turns":6},{"damage":2,"enemies":"Spheric Guardian","floor":21,"turns":3},{"damage":33,"enemies":"Colosseum Slavers","floor":22,"turns":5},{"damage":51,"enemies":"Colosseum Nobs","floor":22,"turns":6},{"damage":17,"enemies":"Shelled Parasite and Fungi","floor":24,"turns":4}],"seed_played":"-5401678482192109069","potions_obtained":[{"floor":3,"key":"EssenceOfSteel"},{"floor":8,"key":"Fruit Juice"},{"floor":11,"key":"SkillPotion"},{"floor":12,"key":"Regen Potion"},{"floor":21,"key":"Explosive Potion"},{"floor":22,"key":"LiquidBronze"}],"is_trial":false,"path_per_floor":["M","?","M","M","?","E","R","E","T","R","M","?","M","E","R","B",null,"M","$","T","M","?","R","M"],"character_chosen":"IRONCLAD","items_purchased":["Membership Card","Tiny Chest","Question Card","Feed"],"campfire_rested":0,"item_purchase_floors":[19,19,19,19],"current_hp_per_floor":[75,75,74,79,85,57,57,20,20,20,13,13,14,21,21,16,91,74,74,74,81,12,12,0],"gold":198,"neow_bonus":"HUNDRED_GOLD","is_prod":false,"is_daily":false,"chose_seed":false,"campfire_upgraded":3,"win_rate":0,"timestamp":1547736830,"path_taken":["M","?","M","M","?","E","R","E","T","R","M","?","?","E","R","BOSS","M","$","?","M","?","R","M"],"build_version":"2019-01-10","purchased_purges":0,"victory":false,"max_hp_per_floor":[80,80,80,80,86,86,86,86,86,86,91,91,91,91,91,91,91,91,91,91,94,97,97,97],"card_choices":[{"not_picked":["Sword Boomerang","Havoc"],"picked":"Anger","floor":1},{"not_picked":["Twin Strike","Clothesline"],"picked":"Iron Wave","floor":3},{"not_picked":["Cleave","Clothesline"],"picked":"Uppercut","floor":4},{"not_picked":["Sever Soul","Wild Strike"],"picked":"Headbutt","floor":6},{"not_picked":["Combust","Perfected Strike"],"picked":"Thunderclap","floor":8},{"not_picked":["Immolate","Dropkick"],"picked":"Pommel Strike","floor":11},{"not_picked":["Clothesline","Heavy Blade"],"picked":"Iron Wave","floor":13},{"not_picked":["Flex","Rampage"],"picked":"Metallicize","floor":14},{"not_picked":["Double Tap","Berserk+1"],"picked":"Barricade+1","floor":16},{"not_picked":["Pummel","Bloodletting"],"picked":"Body Slam","floor":18},{"not_picked":["Searing Blow","Cleave","Seeing Red"],"picked":"Shrug It Off","floor":21},{"not_picked":["Thunderclap","Heavy Blade","Shrug It Off"],"picked":"Armaments","floor":22}],"player_experience":153548,"relics_obtained":[{"floor":6,"key":"Bag of Marbles"},{"floor":8,"key":"Peace Pipe"},{"floor":9,"key":"Bronze Scales"},{"floor":14,"key":"Frozen Egg 2"},{"floor":20,"key":"Orichalcum"},{"floor":22,"key":"Torii"},{"floor":22,"key":"Singing Bowl"}],"event_choices":[{"cards_removed":["Strike_R"],"damage_healed":0,"gold_gain":0,"player_choice":"Card Removal","damage_taken":0,"max_hp_gain":0,"max_hp_loss":0,"event_name":"The Cleric","floor":2,"gold_loss":50},{"damage_healed":0,"gold_gain":0,"player_choice":"Box","damage_taken":0,"relics_obtained":["Darkstone Periapt"],"max_hp_gain":0,"max_hp_loss":0,"event_name":"Big Fish","floor":5,"gold_loss":0,"cards_obtained":["Regret"]},{"damage_healed":0,"gold_gain":0,"player_choice":"Bought 1 Potion","damage_taken":0,"max_hp_gain":0,"max_hp_loss":0,"event_name":"The Woman in Blue","floor":12,"gold_loss":0},{"damage_healed":0,"gold_gain":0,"player_choice":"Fight","damage_taken":0,"max_hp_gain":0,"max_hp_loss":0,"event_name":"Colosseum","floor":22,"gold_loss":0},{"damage_healed":0,"gold_gain":0,"player_choice":"Fought Nobs","damage_taken":0,"max_hp_gain":0,"max_hp_loss":0,"event_name":"Colosseum","floor":22,"gold_loss":0}],"is_beta":false,"boss_relics":[{"not_picked":["Philosopher\u0027s Stone","Busted Crown"],"picked":"Black Star"}],"items_purged_floors":[],"is_endless":false,"potions_floor_spawned":[3,8,11,21,22],"killed_by":"Shelled Parasite and Fungi","ascension_level":4}