{"gold_per_floor":[110,120,120,130,144,160,64,64,110,141,157,157,157,167,167,270,270,286,301,14,89,89,89,103,113,113,133,133,133,145,157,157,157],"floor_reached":33,"playtime":2056,"items_purged":[],"score":278,"play_id":"3989f1ea-ebf6-4a4d-893f-b06463d351cf","local_time":"20190104001629","is_ascension_mode":false,"campfire_choices":[{"data":"Fire Breathing","floor":8,"key":"SMITH"},{"data":"Infernal Blade","floor":15,"key":"SMITH"},{"data":"Double Tap","floor":23,"key":"SMITH"},{"floor":28,"key":"REST"},{"data":"Double Tap","floor":32,"key":"SMITH"}],"neow_cost":"NONE","seed_source_timestamp":0,"circlet_count":0,"master_deck":["Strike_R","Strike_R","Strike_R","Strike_R","Defend_R","Defend_R","Defend_R","Bash","Anger","Iron Wave+1","Cleave","Infernal Blade+1","Fire Breathing+1","Twin Strike","Thunderclap","Headbutt","Thunderclap","Blood for Blood","Double Tap+1","Thunderclap+1","Clash","Iron Wave","Burning Pact","Iron Wave+1","Iron Wave","Double Tap+1"],"special_seed":0,"relics":["Burning Blood","PreservedInsect","Self Forming Clay","Sundial","Empty Cage","Centennial Puzzle","Potion Belt","Kunai","Blood Vial"],"potions_floor_usage":[16,31,33,33,33,33],"damage_taken":[{"damage":5,"enemies":"Jaw Worm","floor":1,"turns":4},{"damage":1,"enemies":"Cultist","floor":2,"turns":3},{"damage":5,"enemies":"2 Louse","floor":4,"turns":2},{"damage":8,"enemies":"Lots of Slimes","floor":5,"turns":3},{"damage":27,"enemies":"Exordium Thugs","floor":6,"turns":6},{"damage":26,"enemies":"Lagavulin","floor":10,"turns":4},{"damage":7,"enemies":"Blue Slaver","floor":11,"turns":2},{"damage":0,"enemies":"Lots of Slimes","floor":14,"turns":2},{"damage":44,"enemies":"The Guardian","floor":16,"turns":7},{"damage":10,"enemies":"Chosen","floor":18,"turns":4},{"damage":30,"enemies":"2 Thieves","floor":19,"turns":4},{"damage":15,"enemies":"Snecko","floor":24,"turns":3},{"damage":34,"enemies":"Snake Plant","floor":25,"turns":4},{"damage":9,"enemies":"Sentry and Sphere","floor":27,"turns":4},{"damage":10,"enemies":"Chosen and Byrds","floor":30,"turns":5},{"damage":13,"enemies":"Cultist and Chosen","floor":31,"turns":6},{"damage":62,"enemies":"Automaton","floor":33,"turns":6}],"seed_played":"-5283681203868680791","potions_obtained":[{"floor":1,"key":"SteroidPotion"},{"floor":5,"key":"SneckoOil"},{"floor":10,"key":"Weak Potion"},{"floor":11,"key":"Dexterity Potion"},{"floor":19,"key":"Explosive Potion"},{"floor":27,"key":"SkillPotion"},{"floor":30,"key":"BloodPotion"}],"is_trial":false,"path_per_floor":["M","M","?","M","M","M","$","R","T","E","M","$","T","M","R","B",null,"M","M","$","?","$","R","M","M","T","M","R","T","M","M","R","B"],"character_chosen":"IRONCLAD","items_purchased":["Twin Strike","Thunderclap","Centennial Puzzle","Potion Belt"],"campfire_rested":1,"item_purchase_floors":[7,7,20,20],"current_hp_per_floor":[88,88,88,88,86,65,65,65,65,45,44,44,44,50,50,12,88,84,60,60,52,52,52,43,15,15,12,38,38,36,39,39,0],"gold":157,"neow_bonus":"TEN_PERCENT_HP_BONUS","is_prod":false,"is_daily":false,"chose_seed":false,"campfire_upgraded":4,"win_rate":0.0,"timestamp":1546532189,"path_taken":["M","M","?","M","M","M","$","R","T","E","M","$","?","M","R","BOSS","M","M","$","?","$","R","M","M","T","?","R","?","M","M","R","BOSS"],"build_version":"2018-12-20","purchased_purges":0,"victory":false,"max_hp_per_floor":[88,88,88,88,88,88,88,88,88,88,88,88,88,88,88,88,88,88,88,88,88,88,88,88,88,88,88,88,88,88,88,88,88],"card_choices":[{"not_picked":["Shrug It Off","Perfected Strike"],"picked":"Anger","floor":1},{"not_picked":["Clothesline","Armaments"],"picked":"Iron Wave","floor":2},{"not_picked":["Shockwave","Body Slam"],"picked":"Cleave","floor":4},{"not_picked":["Shrug It Off","Pommel Strike"],"picked":"Infernal Blade","floor":5},{"not_picked":["Fiend Fire","Armaments"],"picked":"Fire Breathing","floor":6},{"not_picked":["Inflame","Armaments"],"picked":"Headbutt","floor":10},{"not_picked":["Burning Pact","Corruption"],"picked":"Thunderclap","floor":11},{"not_picked":["Cleave","Iron Wave"],"picked":"Blood for Blood","floor":14},{"not_picked":["Demon Form","Limit Break"],"picked":"Double Tap","floor":16},{"not_picked":["Burning Pact","Headbutt"],"picked":"Thunderclap+1","floor":18},{"not_picked":["Entrench","Ghostly Armor+1"],"picked":"Clash","floor":19},{"not_picked":["Shrug It Off","Rupture"],"picked":"Iron Wave","floor":24},{"not_picked":["Body Slam","Brutality"],"picked":"Burning Pact","floor":25},{"not_picked":["Cleave+1","Body Slam"],"picked":"Iron Wave+1","floor":27},{"not_picked":["Sword Boomerang","Body Slam"],"picked":"Iron Wave","floor":30},{"not_picked":["Body Slam","Twin Strike+1"],"picked":"Double Tap","floor":31}],"player_experience":9620,"relics_obtained":[{"floor":9,"key":"PreservedInsect"},{"floor":10,"key":"Self Forming Clay"},{"floor":13,"key":"Sundial"},{"floor":26,"key":"Kunai"},{"floor":29,"key":"Blood Vial"}],"event_choices":[{"damage_healed":0,"gold_gain":0,"player_choice":"Forge","damage_taken":0,"max_hp_gain":0,"max_hp_loss":0,"event_name":"Accursed Blacksmith","floor":3,"gold_loss":0,"cards_upgraded":["Iron Wave"]},{"damage_healed":0,"gold_gain":75,"player_choice":"Touch","damage_taken":8,"max_hp_gain":0,"max_hp_loss":0,"event_name":"FaceTrader","floor":21,"gold_loss":0}],"is_beta":false,"boss_relics":[{"not_picked":["Calling Bell","Velvet Choker"],"picked":"Empty Cage"}],"items_purged_floors":[],"is_endless":false,"potions_floor_spawned":[1,5,10,11,14,19,27,30],"killed_by":"Automaton","ascension_level":0}