{"gold_per_floor":[113,113,113,131,149,149,168,168,192,207,219,294,328,503,503,605,605,605,605,363,363,363,363,363,363,363,363,234,234,234,184,184,184,184,184,184,184,134,134,134,134,134,134,134,134,134,134,134,134,134],"floor_reached":51,"playtime":2825,"items_purged":["Strike_R","Doubt","Strike_R","Strike_R"],"score":775,"play_id":"28b87a7d-57e8-4544-bd26-8ed5ae338bcc","local_time":"20181104222328","is_ascension_mode":false,"campfire_choices":[{"data":"Rampage","floor":6,"key":"SMITH"},{"data":"True Grit","floor":8,"key":"SMITH"},{"floor":15,"key":"REST"},{"data":"Barricade","floor":23,"key":"SMITH"},{"data":"Iron Wave","floor":25,"key":"SMITH"},{"data":"Headbutt","floor":27,"key":"SMITH"},{"data":"Flame Barrier","floor":29,"key":"SMITH"},{"data":"Defend_R","floor":32,"key":"SMITH"},{"data":"Double Tap","floor":40,"key":"SMITH"},{"data":"Pummel","floor":44,"key":"SMITH"},{"floor":46,"key":"REST"},{"floor":49,"key":"REST"}],"neow_cost":"PERCENT_DAMAGE","seed_source_timestamp":2023572787279,"circlet_count":0,"master_deck":["Strike_R","Defend_R","Defend_R+1","Defend_R+1","Bash+1","Pummel+1","Rampage+1","Iron Wave+1","Entrench+1","True Grit+1","Headbutt+1","Barricade+1","Rage+1","Flame Barrier+1","Double Tap+1"],"relics":["Burning Blood","FaceOfCleric","Bag of Preparation","Smiling Mask","Ectoplasm","MutagenicStrength","TheAbacus","Letter Opener","Velvet Choker","Centennial Puzzle","Oddly Smooth Stone"],"potions_floor_usage":[13,13,47,50,50],"damage_taken":[{"damage":0,"enemies":"Small Slimes","floor":1,"turns":3},{"damage":1,"enemies":"2 Louse","floor":4,"turns":2},{"damage":0,"enemies":"Cultist","floor":5,"turns":2},{"damage":5,"enemies":"2 Fungi Beasts","floor":7,"turns":3},{"damage":2,"enemies":"Looter","floor":10,"turns":3},{"damage":8,"enemies":"Exordium Wildlife","floor":11,"turns":3},{"damage":18,"enemies":"3 Sentries","floor":13,"turns":10},{"damage":65,"enemies":"Hexaghost","floor":16,"turns":11},{"damage":24,"enemies":"3 Byrds","floor":18,"turns":7},{"damage":1,"enemies":"Shell Parasite","floor":22,"turns":7},{"damage":7,"enemies":"Centurion and Healer","floor":30,"turns":7},{"damage":8,"enemies":"Champ","floor":33,"turns":15},{"damage":0,"enemies":"3 Shapes","floor":35,"turns":6},{"damage":3,"enemies":"3 Darklings","floor":36,"turns":9},{"damage":0,"enemies":"4 Shapes","floor":37,"turns":7},{"damage":0,"enemies":"Maw","floor":41,"turns":7},{"damage":30,"enemies":"Transient","floor":45,"turns":5},{"damage":41,"enemies":"Reptomancer","floor":47,"turns":7},{"damage":0,"enemies":"4 Shapes","floor":48,"turns":6},{"damage":18,"enemies":"Awakened One","floor":50,"turns":11}],"seed_played":"-7320274782965770968","potions_obtained":[{"floor":1,"key":"LiquidBronze"},{"floor":4,"key":"Regen Potion"},{"floor":11,"key":"SteroidPotion"},{"floor":13,"key":"PowerPotion"},{"floor":18,"key":"Fire Potion"},{"floor":35,"key":"Block Potion"},{"floor":41,"key":"SpeedPotion"},{"floor":48,"key":"PowerPotion"}],"is_trial":false,"path_per_floor":["M","?","?","M","M","R","M","R","T","M","M","?","E","?","R","B",null,"M","?","$","?","M","R","?","R","T","R","$","R","M","$","R","B",null,"M","M","M","$","?","R","M","?","T","R","M","R","E","M","R","B",null],"character_chosen":"IRONCLAD","items_purchased":["TheAbacus","Flame Barrier"],"campfire_rested":3,"item_purchase_floors":[20,28],"current_hp_per_floor":[62,46,46,52,59,59,61,61,61,66,65,54,58,58,83,25,87,70,70,70,70,76,76,76,76,76,76,76,76,76,76,76,75,91,92,93,94,94,89,89,90,90,90,90,67,91,57,64,91,80],"gold":134,"neow_bonus":"TRANSFORM_TWO_CARDS","is_prod":false,"is_daily":false,"chose_seed":false,"campfire_upgraded":9,"win_rate":0,"timestamp":1541359408,"path_taken":["M","?","?","M","M","R","M","R","T","M","?","?","E","?","R","BOSS","M","?","$","?","?","R","?","R","T","R","$","R","M","$","R","BOSS","M","M","M","$","?","R","M","?","T","R","M","R","E","?","R","BOSS"],"build_version":"2018-11-01","purchased_purges":4,"victory":true,"max_hp_per_floor":[80,80,80,81,82,82,83,83,83,84,85,85,86,86,86,87,87,88,88,88,88,89,89,89,89,89,89,89,89,90,90,90,91,91,92,93,94,94,89,89,90,90,90,90,91,91,92,93,93,94],"card_choices":[{"not_picked":["Combust","Body Slam"],"picked":"Iron Wave","floor":1},{"not_picked":["Warcry","Body Slam","Clothesline"],"picked":"SKIP","floor":4},{"not_picked":["Perfected Strike","Infernal Blade"],"picked":"Entrench","floor":5},{"not_picked":["Dropkick","Infernal Blade"],"picked":"True Grit","floor":7},{"not_picked":["Flex","Disarm"],"picked":"Headbutt","floor":10},{"not_picked":["Twin Strike","Armaments","Disarm"],"picked":"SKIP","floor":11},{"not_picked":["Heavy Blade","Entrench","Second Wind"],"picked":"SKIP","floor":13},{"not_picked":["Dark Embrace","Offering"],"picked":"Barricade","floor":16},{"not_picked":["True Grit","Flex","Infernal Blade"],"picked":"SKIP","floor":18},{"not_picked":["Pommel Strike","Wild Strike+1"],"picked":"Rage+1","floor":22},{"not_picked":["Bloodletting","Clothesline","Heavy Blade"],"picked":"SKIP","floor":30},{"not_picked":["Feed","Immolate"],"picked":"Double Tap","floor":33},{"not_picked":["Seeing Red+1","Wild Strike","Headbutt+1"],"picked":"SKIP","floor":35},{"not_picked":["Evolve","Whirlwind+1","Cleave+1"],"picked":"SKIP","floor":36},{"not_picked":["Warcry","Power Through+1","Rupture"],"picked":"SKIP","floor":37},{"not_picked":["Clash+1","Perfected Strike+1","Dual Wield+1"],"picked":"SKIP","floor":41},{"not_picked":["Exhume","Corruption","Headbutt+1"],"picked":"SKIP","floor":45},{"not_picked":["Seeing Red+1","Perfected Strike","Wild Strike+1"],"picked":"SKIP","floor":47},{"not_picked":["Wild Strike+1","Clothesline+1","Blood for Blood+1"],"picked":"SKIP","floor":48}],"player_experience":131283,"relics_obtained":[{"floor":9,"key":"Bag of Preparation"},{"floor":13,"key":"Smiling Mask"},{"floor":26,"key":"Letter Opener"},{"floor":43,"key":"Centennial Puzzle"},{"floor":47,"key":"Oddly Smooth Stone"}],"event_choices":[{"damage_healed":0,"gold_gain":0,"player_choice":"Entered Light","damage_taken":16,"max_hp_gain":0,"max_hp_loss":0,"event_name":"Shining Light","floor":2,"gold_loss":0,"cards_upgraded":["Defend_R","Bash"]},{"damage_healed":0,"gold_gain":0,"player_choice":"Trade","damage_taken":0,"relics_obtained":["FaceOfCleric"],"max_hp_gain":0,"max_hp_loss":0,"event_name":"FaceTrader","floor":3,"gold_loss":0},{"damage_healed":0,"gold_gain":75,"player_choice":"Gather Gold","damage_taken":11,"max_hp_gain":0,"max_hp_loss":0,"event_name":"World of Goop","floor":12,"gold_loss":0},{"damage_healed":0,"gold_gain":175,"player_choice":"AGREE","damage_taken":0,"max_hp_gain":0,"max_hp_loss":0,"event_name":"Liars Game","floor":14,"gold_loss":0,"cards_obtained":["Doubt"]},{"damage_healed":0,"gold_gain":0,"player_choice":"Inject Mutagens","damage_taken":0,"relics_obtained":["MutagenicStrength"],"max_hp_gain":0,"max_hp_loss":0,"event_name":"Drug Dealer","floor":19,"gold_loss":0},{"damage_healed":0,"gold_gain":0,"player_choice":"Forge","damage_taken":0,"max_hp_gain":0,"max_hp_loss":0,"event_name":"Accursed Blacksmith","floor":21,"gold_loss":0,"cards_upgraded":["Entrench"]},{"damage_healed":0,"gold_gain":100,"player_choice":"Pray","damage_taken":0,"max_hp_gain":0,"max_hp_loss":0,"event_name":"Golden Shrine","floor":24,"gold_loss":0},{"damage_healed":0,"gold_gain":0,"player_choice":"Max HP","damage_taken":0,"max_hp_gain":0,"max_hp_loss":5,"event_name":"Winding Halls","floor":39,"gold_loss":0},{"damage_healed":0,"gold_gain":0,"player_choice":"Ignored","damage_taken":0,"max_hp_gain":0,"max_hp_loss":0,"event_name":"Golden Shrine","floor":42,"gold_loss":0}],"is_beta":false,"boss_relics":[{"not_picked":["Mark of Pain","Sozu"],"picked":"Ectoplasm"},{"not_picked":["Empty Cage","Black Star"],"picked":"Velvet Choker"}],"items_purged_floors":[20,28,31,38],"is_endless":false,"potions_floor_spawned":[1,4,11,13,18,33,35,41,45,48],"ascension_level":0}