{"gold_per_floor":[116,116,135,60,60,60,76,90,166,189,203,203,203,219,219,219],"floor_reached":16,"playtime":688,"items_purged":["Defend_G"],"score":96,"play_id":"dbdfec32-5b1e-4039-aa94-d3cace8ce85e","local_time":"20190303133542","is_ascension_mode":false,"campfire_choices":[{"data":"Skewer","floor":6,"key":"SMITH"},{"data":"Neutralize","floor":15,"key":"SMITH"}],"neow_cost":"PERCENT_DAMAGE","seed_source_timestamp":19746104550322,"circlet_count":0,"master_deck":["Defend_G","Defend_G","Defend_G","Defend_G","Strike_G","Strike_G","Strike_G","Strike_G","Survivor","Neutralize+1","Acrobatics","Skewer+1","Acrobatics"],"special_seed":0,"relics":["Ring of the Snake","Golden Idol","Tiny Chest"],"potions_floor_usage":[8,12,13,14,16,16],"damage_taken":[{"damage":0.0,"enemies":"2 Louse","floor":1.0,"turns":3.0},{"damage":0.0,"enemies":"Small Slimes","floor":3.0,"turns":5.0},{"damage":0,"enemies":"Cultist","floor":7,"turns":3},{"damage":0,"enemies":"3 Louse","floor":8,"turns":3},{"damage":1,"enemies":"Red Slaver","floor":10,"turns":3},{"damage":2,"enemies":"Blue Slaver","floor":11,"turns":4},{"damage":0,"enemies":"Lots of Slimes","floor":13,"turns":1},{"damage":5,"enemies":"Large Slime","floor":14,"turns":7},{"damage":77,"enemies":"The Guardian","floor":16,"turns":19}],"seed_played":"6434344508512871078","potions_obtained":[{"floor":1.0,"key":"Block Potion"},{"floor":8,"key":"Swift Potion"},{"floor":12,"key":"Fruit Juice"},{"floor":12,"key":"SmokeBomb"},{"floor":12,"key":"SkillPotion"},{"floor":14,"key":"SpeedPotion"}],"is_trial":false,"path_per_floor":["M","?","M","$","?","R","M","M","T","M","M","?","M","M","R","B"],"character_chosen":"THE_SILENT","items_purchased":[],"campfire_rested":0,"item_purchase_floors":[],"current_hp_per_floor":[63,63,63,63,63,63,63,63,63,62,60,65,65,60,60,0],"gold":219,"neow_bonus":"TWENTY_PERCENT_HP_BONUS","is_prod":false,"is_daily":false,"chose_seed":false,"campfire_upgraded":2,"win_rate":0,"timestamp":1551609342,"path_taken":["M","?","M","$","?","R","?","M","T","M","M","?","?","M","R","BOSS"],"build_version":"2019-01-23","purchased_purges":1,"victory":false,"max_hp_per_floor":[84,78,78,78,78,78,78,78,78,78,78,83,83,83,83,83],"card_choices":[{"not_picked":["Choke","Dagger Throw"],"picked":"Acrobatics","floor":1.0},{"not_picked":["Sucker Punch","Choke","PiercingWail"],"picked":"SKIP","floor":3.0},{"not_picked":["Prepared","Sucker Punch","Quick Slash"],"picked":"SKIP","floor":7},{"not_picked":["Distraction","Slice","Phantasmal Killer"],"picked":"SKIP","floor":8},{"not_picked":["Prepared","Calculated Gamble"],"picked":"Acrobatics","floor":10},{"not_picked":["Expertise","Deadly Poison","Deflect"],"picked":"SKIP","floor":11},{"not_picked":["Endless Agony","Skewer","Storm of Steel"],"picked":"SKIP","floor":14}],"player_experience":951700,"relics_obtained":[{"floor":9,"key":"Tiny Chest"}],"event_choices":[{"damage_healed":0.0,"max_hp_gain":0.0,"max_hp_loss":6.0,"gold_gain":0.0,"event_name":"Golden Idol","player_choice":"Lose Max HP","floor":2.0,"gold_loss":0.0,"damage_taken":0.0,"relics_obtained":["Golden Idol"]},{"damage_healed":0,"gold_gain":0,"cards_transformed":["Strike_G"],"player_choice":"Transformed","damage_taken":0,"max_hp_gain":0,"max_hp_loss":0,"event_name":"Transmorgrifier","floor":5,"gold_loss":0,"cards_obtained":["Skewer"]},{"damage_healed":0,"gold_gain":0,"player_choice":"Got Potions","damage_taken":0,"max_hp_gain":0,"max_hp_loss":0,"event_name":"Lab","floor":12,"gold_loss":0}],"is_beta":false,"boss_relics":[],"items_purged_floors":[4],"is_endless":false,"potions_floor_spawned":[1,8,14],"killed_by":"The Guardian","ascension_level":0}