{"gold_per_floor":[213,225,244,92,92,92,111,128,205,205,223,223,242,271,271,367,367,377,394,410,410,439,439,466,90,90,90,105,105,121,19,19,119,119,139,89,100,112,212,212,223,223,298,298,312,312],"floor_reached":46,"playtime":3329,"items_purged":["Strike_R","Defend_R","Defend_R","Normality"],"score":444,"play_id":"467bb0c1-d2d6-4531-85ff-3edfcf71ca14","local_time":"20181030232638","is_ascension_mode":false,"campfire_choices":[{"data":"Flame Barrier","floor":6,"key":"SMITH"},{"data":"Fire Breathing","floor":10,"key":"SMITH"},{"data":"Rage","floor":12,"key":"SMITH"},{"data":"Uppercut","floor":15,"key":"SMITH"},{"floor":23,"key":"REST"},{"data":"Berserk","floor":27,"key":"SMITH"},{"floor":29,"key":"REST"},{"data":"Burning Pact","floor":32,"key":"SMITH"},{"data":"Offering","floor":40,"key":"SMITH"},{"data":"1","floor":42,"key":"LIFT"},{"data":"2","floor":44,"key":"LIFT"}],"neow_cost":"NONE","seed_source_timestamp":13912299115155,"circlet_count":0,"master_deck":["Defend_R","Defend_R","Bash","Dropkick","Rage+1","Fire Breathing+1","Flame Barrier+1","Uppercut+1","Shrug It Off","Burning Pact+1","Headbutt","Berserk+1","Evolve+1","Immolate+1","Combust+1","Iron Wave+1","Rupture+1","Spot Weakness","Uppercut+1","Offering+1","Shrug It Off+1","Metallicize"],"relics":["Burning Blood","Ornamental Fan","Calipers","Astrolabe","Omamori","Red Mask","Self Forming Clay","HandDrill","Smiling Mask","Calling Bell","Lantern","Pantograph","Girya","Charon\u0027s Ashes","Singing Bowl"],"potions_floor_usage":[14,20,24,30,33],"damage_taken":[{"damage":6,"enemies":"Cultist","floor":1,"turns":3},{"damage":2,"enemies":"Small Slimes","floor":2,"turns":5},{"damage":2,"enemies":"2 Louse","floor":3,"turns":2},{"damage":13,"enemies":"Exordium Wildlife","floor":7,"turns":5},{"damage":2,"enemies":"Large Slime","floor":8,"turns":7},{"damage":2,"enemies":"Blue Slaver","floor":11,"turns":3},{"damage":6,"enemies":"2 Fungi Beasts","floor":13,"turns":4},{"damage":14,"enemies":"3 Sentries","floor":14,"turns":9},{"damage":21,"enemies":"Hexaghost","floor":16,"turns":10},{"damage":19,"enemies":"Spheric Guardian","floor":18,"turns":4},{"damage":24,"enemies":"Shell Parasite","floor":19,"turns":8},{"damage":14,"enemies":"Cultist and Chosen","floor":20,"turns":5},{"damage":13,"enemies":"Masked Bandits","floor":22,"turns":4},{"damage":25,"enemies":"Book of Stabbing","floor":24,"turns":7},{"damage":17,"enemies":"3 Cultists","floor":28,"turns":4},{"damage":14,"enemies":"Centurion and Healer","floor":30,"turns":6},{"damage":48,"enemies":"Automaton","floor":33,"turns":10},{"damage":29,"enemies":"3 Darklings","floor":35,"turns":4},{"damage":14,"enemies":"Orb Walker","floor":37,"turns":2},{"damage":8,"enemies":"Sphere and 2 Shapes","floor":38,"turns":3},{"damage":14,"enemies":"Mind Bloom Boss Battle","floor":39,"turns":6},{"damage":6,"enemies":"4 Shapes","floor":41,"turns":4},{"damage":34,"enemies":"Writhing Mass","floor":45,"turns":7},{"damage":39,"enemies":"Transient","floor":46,"turns":5}],"seed_played":"2648823739256518960","potions_obtained":[{"floor":1,"key":"AttackPotion"},{"floor":2,"key":"Regen Potion"},{"floor":8,"key":"Regen Potion"},{"floor":19,"key":"Weak Potion"},{"floor":22,"key":"Fire Potion"},{"floor":28,"key":"LiquidBronze"},{"floor":35,"key":"Poison Potion"},{"floor":37,"key":"SpeedPotion"},{"floor":41,"key":"Dexterity Potion"}],"is_trial":false,"path_per_floor":["M","M","M","$","?","R","M","M","T","R","M","R","M","E","R","B",null,"M","M","M","?","?","R","E","$","T","R","M","R","M","$","R","B",null,"M","$","M","M","?","R","M","R","T","R","M"],"character_chosen":"IRONCLAD","items_purchased":["Flame Barrier","HandDrill","Spot Weakness","Dexterity Potion"],"campfire_rested":2,"item_purchase_floors":[4,25,25,31],"current_hp_per_floor":[80,80,80,80,80,80,73,77,77,77,80,80,80,72,72,57,80,67,49,55,55,48,72,53,53,53,53,42,66,73,73,73,31,80,57,57,49,47,64,64,64,64,64,64,36,0],"gold":312,"neow_bonus":"HUNDRED_GOLD","is_prod":false,"is_daily":false,"chose_seed":false,"campfire_upgraded":7,"win_rate":0,"timestamp":1540931198,"path_taken":["M","M","M","$","?","R","M","M","T","R","M","R","M","E","R","BOSS","M","M","M","?","?","R","E","$","T","R","?","R","M","?","R","BOSS","M","$","M","M","?","R","M","R","T","R","M","M"],"build_version":"2018-10-25v2","purchased_purges":4,"victory":false,"max_hp_per_floor":[80,80,80,80,80,80,80,80,80,80,80,80,80,80,80,80,80,80,80,80,80,80,80,80,80,80,80,80,80,80,80,80,80,80,80,80,80,80,80,80,80,80,80,80,80,80],"card_choices":[{"not_picked":["Reckless Charge","Perfected Strike"],"picked":"Dropkick","floor":1},{"not_picked":["True Grit","Clash"],"picked":"Rage","floor":2},{"not_picked":["Havoc","Headbutt"],"picked":"Fire Breathing","floor":3},{"not_picked":["Power Through","Dropkick","Sentinel"],"picked":"SKIP","floor":7},{"not_picked":["Fire Breathing","Wild Strike"],"picked":"Shrug It Off","floor":8},{"not_picked":["True Grit","Pommel Strike"],"picked":"Burning Pact","floor":11},{"not_picked":["Flame Barrier","Shrug It Off","Bludgeon"],"picked":"SKIP","floor":13},{"not_picked":["Dual Wield","Iron Wave"],"picked":"Headbutt","floor":14},{"not_picked":["Fiend Fire","Limit Break"],"picked":"Berserk","floor":16},{"not_picked":["Armaments","True Grit","Searing Blow"],"picked":"SKIP","floor":18},{"not_picked":["Shrug It Off","Sword Boomerang","Thunderclap"],"picked":"SKIP","floor":19},{"not_picked":["Cleave","Limit Break"],"picked":"Iron Wave+1","floor":20},{"not_picked":["Shrug It Off","Battle Trance"],"picked":"Rupture+1","floor":22},{"not_picked":["Shrug It Off","Pommel Strike","Anger+1"],"picked":"SKIP","floor":24},{"not_picked":["Armaments","Heavy Blade","Rupture"],"picked":"SKIP","floor":28},{"not_picked":["Armaments","Blood for Blood"],"picked":"Uppercut+1","floor":30},{"not_picked":["Immolate","Reaper"],"picked":"Offering","floor":33},{"not_picked":["Armaments","Seeing Red","Warcry"],"picked":"SKIP","floor":35},{"not_picked":["Iron Wave","Uppercut"],"picked":"Shrug It Off+1","floor":37},{"not_picked":["Clothesline","Flex","Second Wind"],"picked":"SKIP","floor":38},{"not_picked":["Clash+1","Perfected Strike","Twin Strike"],"picked":"SKIP","floor":41},{"not_picked":["Hemokinesis+1","Heavy Blade"],"picked":"Metallicize","floor":45}],"player_experience":112382,"relics_obtained":[{"floor":9,"key":"Ornamental Fan"},{"floor":14,"key":"Calipers"},{"floor":22,"key":"Red Mask"},{"floor":24,"key":"Self Forming Clay"},{"floor":26,"key":"Smiling Mask"},{"floor":34,"key":"Lantern"},{"floor":34,"key":"Pantograph"},{"floor":34,"key":"Girya"},{"floor":39,"key":"Charon\u0027s Ashes"},{"floor":43,"key":"Singing Bowl"}],"event_choices":[{"damage_healed":0,"gold_gain":0,"cards_transformed":["Strike_R"],"player_choice":"Transformed","damage_taken":0,"max_hp_gain":0,"max_hp_loss":0,"event_name":"Transmorgrifier","floor":5,"gold_loss":0,"cards_obtained":["Uppercut"]},{"damage_healed":0,"gold_gain":0,"player_choice":"Opened","damage_taken":0,"relics_obtained":["Omamori"],"max_hp_gain":0,"max_hp_loss":0,"event_name":"The Mausoleum","floor":21,"gold_loss":0},{"damage_healed":0,"gold_gain":0,"player_choice":"Fought Bandits","damage_taken":0,"max_hp_gain":0,"max_hp_loss":0,"event_name":"Masked Bandits","floor":22,"gold_loss":0},{"damage_healed":0,"gold_gain":0,"player_choice":"Fight","damage_taken":0,"max_hp_gain":0,"max_hp_loss":0,"event_name":"MindBloom","floor":39,"gold_loss":0}],"is_beta":false,"boss_relics":[{"not_picked":["Runic Pyramid","White Beast Statue"],"picked":"Astrolabe"},{"not_picked":["Tiny House","Busted Crown"],"picked":"Calling Bell"}],"items_purged_floors":[4,25,31,36],"is_endless":false,"potions_floor_spawned":[1,2,8,19,22,28,35,37,41],"killed_by":"Transient","ascension_level":0}