{"gold_per_floor":[119,132,149,149,168,168,203,203,251,251,280,300,300,314,314,409,409,424,424,439,179,199,199,231,231,231,156,10,10,10,41,41,145,145,157,157,107,117,134,134,150,150],"floor_reached":42,"playtime":2818,"items_purged":["Entrench"],"score":461,"play_id":"8c131f28-1e7f-4524-85ca-15e36307da14","local_time":"20181028234610","is_ascension_mode":false,"campfire_choices":[{"data":"Metallicize","floor":6,"key":"SMITH"},{"data":"Juggernaut","floor":8,"key":"SMITH"},{"data":"Whirlwind","floor":10,"key":"SMITH"},{"data":"Bash","floor":13,"key":"SMITH"},{"floor":15,"key":"REST"},{"data":"Bite","floor":23,"key":"SMITH"},{"data":"Armaments","floor":29,"key":"SMITH"},{"floor":32,"key":"REST"},{"data":"Barricade","floor":40,"key":"SMITH"}],"neow_cost":"NONE","seed_source_timestamp":39105258881248,"circlet_count":0,"master_deck":["Defend_R+1","Defend_R+1","Defend_R+1","Defend_R+1","Bash+1","Inflame","Whirlwind+1","Metallicize+1","Juggernaut+1","Inflame","Shrug It Off","Thunderclap","Offering","Sentinel+1","Entrench+1","Anger+1","Bite+1","Bite","Bite","Bite","Bite","Panache","Combust+1","Armaments+1","Barricade+1","Limit Break","Madness","Madness","Body Slam","Headbutt+1"],"relics":["Burning Blood","Vajra","Self Forming Clay","Lantern","Regal Pillow","Odd Mushroom","Astrolabe","Dream Catcher","Juzu Bracelet","Bottled Tornado","Oddly Smooth Stone","Orichalcum","Eternal Feather"],"potions_floor_usage":[16,31],"damage_taken":[{"damage":0,"enemies":"2 Louse","floor":1,"turns":2},{"damage":3,"enemies":"Jaw Worm","floor":2,"turns":3},{"damage":6,"enemies":"Cultist","floor":3,"turns":3},{"damage":9,"enemies":"Exordium Wildlife","floor":5,"turns":3},{"damage":25,"enemies":"Lagavulin","floor":7,"turns":7},{"damage":2,"enemies":"The Mushroom Lair","floor":11,"turns":3},{"damage":2,"enemies":"2 Fungi Beasts","floor":12,"turns":3},{"damage":10,"enemies":"Large Slime","floor":14,"turns":4},{"damage":12,"enemies":"Slime Boss","floor":16,"turns":7},{"damage":7,"enemies":"Shell Parasite","floor":18,"turns":4},{"damage":16,"enemies":"Chosen","floor":20,"turns":4},{"damage":13,"enemies":"Centurion and Healer","floor":22,"turns":6},{"damage":33,"enemies":"Book of Stabbing","floor":24,"turns":6},{"damage":35,"enemies":"Gremlin Leader","floor":31,"turns":6},{"damage":22,"enemies":"Collector","floor":33,"turns":8},{"damage":5,"enemies":"Orb Walker","floor":35,"turns":4},{"damage":25,"enemies":"3 Darklings","floor":38,"turns":4},{"damage":37,"enemies":"Spire Growth","floor":39,"turns":7},{"damage":17,"enemies":"Sphere and 2 Shapes","floor":41,"turns":6},{"damage":36,"enemies":"Jaw Worm Horde","floor":42,"turns":4}],"seed_played":"-158719543911002859","potions_obtained":[{"floor":5,"key":"Dexterity Potion"},{"floor":7,"key":"FearPotion"},{"floor":12,"key":"Weak Potion"},{"floor":16,"key":"Block Potion"},{"floor":18,"key":"Strength Potion"},{"floor":41,"key":"SpeedPotion"}],"is_trial":false,"path_per_floor":["M","M","M","?","M","R","E","R","T","R","?","M","R","M","R","B",null,"M","?","M","$","M","R","E","?","T","?","$","R","?","E","R","B",null,"M","?","$","M","M","R","M"],"character_chosen":"IRONCLAD","items_purchased":["Panache","Oddly Smooth Stone","Body Slam"],"campfire_rested":2,"item_purchase_floors":[21,28,37],"current_hp_per_floor":[80,80,80,73,70,70,51,51,51,51,55,59,59,55,80,74,80,79,56,48,48,55,55,37,37,37,37,37,37,37,27,56,56,56,56,49,49,33,16,34,28,0],"gold":150,"neow_bonus":"RANDOM_COMMON_RELIC","is_prod":false,"is_daily":false,"chose_seed":false,"campfire_upgraded":7,"win_rate":0,"timestamp":1540759570,"path_taken":["M","M","M","?","?","R","E","R","T","R","?","M","R","M","R","BOSS","M","?","M","$","M","R","E","?","T","?","$","R","?","E","R","BOSS","M","?","$","M","M","R","M","M"],"build_version":"2018-10-25v2","purchased_purges":1,"victory":false,"max_hp_per_floor":[80,80,80,80,80,80,80,80,80,80,80,80,80,80,80,80,80,80,56,56,56,56,56,56,56,56,56,56,56,56,56,56,56,56,56,56,56,56,56,56,56,56],"card_choices":[{"not_picked":["Twin Strike","Anger"],"picked":"Inflame","floor":1},{"not_picked":["Wild Strike","True Grit"],"picked":"Whirlwind","floor":2},{"not_picked":["Corruption","Whirlwind"],"picked":"Entrench","floor":3},{"not_picked":["Dual Wield","Evolve"],"picked":"Metallicize","floor":5},{"not_picked":["Reckless Charge","Perfected Strike"],"picked":"Juggernaut","floor":7},{"not_picked":["Body Slam","Second Wind"],"picked":"Inflame","floor":11},{"not_picked":["Cleave","Perfected Strike"],"picked":"Shrug It Off","floor":12},{"not_picked":["Wild Strike","Heavy Blade"],"picked":"Thunderclap","floor":14},{"not_picked":["Fiend Fire","Impervious"],"picked":"Offering","floor":16},{"not_picked":["Clothesline","Headbutt","Cleave"],"picked":"SKIP","floor":18},{"not_picked":["Carnage+1","Clash","Perfected Strike"],"picked":"SKIP","floor":20},{"not_picked":["Evolve","Second Wind"],"picked":"Combust+1","floor":22},{"not_picked":["Combust","Spot Weakness+1"],"picked":"Armaments","floor":24},{"not_picked":["Infernal Blade","Sever Soul+1"],"picked":"Barricade","floor":31},{"not_picked":["Juggernaut","Reaper"],"picked":"Limit Break","floor":33},{"not_picked":["Iron Wave","Whirlwind","Entrench+1"],"picked":"SKIP","floor":35},{"not_picked":["Armaments+1","Flex+1","Corruption+1"],"picked":"SKIP","floor":38},{"not_picked":["Thunderclap+1","Anger"],"picked":"Headbutt+1","floor":39},{"not_picked":["Feel No Pain+1","Burning Pact+1","Clash"],"picked":"SKIP","floor":41}],"player_experience":106421,"relics_obtained":[{"floor":7,"key":"Lantern"},{"floor":9,"key":"Regal Pillow"},{"floor":11,"key":"Odd Mushroom"},{"floor":24,"key":"Dream Catcher"},{"floor":26,"key":"Bottled Tornado"},{"floor":31,"key":"Orichalcum"}],"event_choices":[{"damage_healed":0,"gold_gain":0,"player_choice":"Success","damage_taken":7,"relics_obtained":["Self Forming Clay"],"max_hp_gain":0,"max_hp_loss":0,"event_name":"Scrap Ooze","floor":4,"gold_loss":0},{"damage_healed":0,"gold_gain":0,"player_choice":"Fought Mushrooms","damage_taken":0,"max_hp_gain":0,"max_hp_loss":0,"event_name":"Mushrooms","floor":11,"gold_loss":0},{"damage_healed":0,"gold_gain":0,"player_choice":"Became a vampire","damage_taken":0,"max_hp_gain":0,"max_hp_loss":24,"event_name":"Vampires","floor":19,"gold_loss":0,"cards_obtained":["Bite","Bite","Bite","Bite","Bite"]},{"damage_healed":0,"gold_gain":0,"player_choice":"Opened","damage_taken":0,"relics_obtained":["Juzu Bracelet"],"max_hp_gain":0,"max_hp_loss":0,"event_name":"The Mausoleum","floor":25,"gold_loss":0,"cards_obtained":["Writhe"]},{"cards_removed":["Writhe"],"damage_healed":0,"gold_gain":0,"player_choice":"Gave Gold","damage_taken":0,"max_hp_gain":0,"max_hp_loss":0,"event_name":"Beggar","floor":27,"gold_loss":75},{"damage_healed":0,"gold_gain":0,"player_choice":"Simplicity","damage_taken":0,"max_hp_gain":0,"max_hp_loss":0,"event_name":"Back to Basics","floor":30,"gold_loss":0,"cards_upgraded":["Defend_R","Defend_R","Defend_R","Defend_R"]},{"damage_healed":0,"gold_gain":0,"player_choice":"Embrace Madness","damage_taken":7,"max_hp_gain":0,"max_hp_loss":0,"event_name":"Winding Halls","floor":36,"gold_loss":0,"cards_obtained":["Madness","Madness"]}],"is_beta":false,"boss_relics":[{"not_picked":["Tiny House","Runic Cube"],"picked":"Astrolabe"},{"not_picked":["Lizard Tail","Calling Bell"],"picked":"Eternal Feather"}],"items_purged_floors":[21],"is_endless":false,"potions_floor_spawned":[5,7,12,16,18,20,41],"killed_by":"Jaw Worm Horde","ascension_level":0}