{"gold_per_floor":[110,121,141,157,157,191,216,229,253,274,318,333,333,358,358,488,488,512,512,527,95,109,109],"floor_reached":23,"playtime":1590,"items_purged":[],"score":234,"play_id":"53249d8f-1290-42be-bf01-98337214226d","local_time":"20190104165538","is_ascension_mode":false,"campfire_choices":[{"data":"Backstab","floor":15,"key":"SMITH"}],"neow_cost":"NONE","seed_source_timestamp":71540136807893,"circlet_count":0,"master_deck":["Defend_G","Defend_G","Defend_G","Defend_G","Strike_G","Strike_G","Strike_G","Strike_G","Strike_G","Survivor","Neutralize","Backflip","Masterful Stab","Dagger Throw","Backstab+1","Blur","Outmaneuver","Quick Slash","Prepared","Bullet Time","Underhanded Strike","Poisoned Stab","Deadly Poison","Envenom","Backflip","Ghostly","Ghostly","Ghostly","Ghostly","Ghostly","Well Laid Plans+1","Dagger Throw","Tools of the Trade","Slice"],"relics":["Ring of the Snake","Golden Idol","Snake Skull","Pen Nib","Potion Belt","WristBlade","Blood Vial","Tiny Chest"],"potions_floor_usage":[8,11,15,16,23],"damage_taken":[{"damage":0,"enemies":"Jaw Worm","floor":1,"turns":4},{"damage":0,"enemies":"Small Slimes","floor":2,"turns":6},{"damage":0,"enemies":"2 Louse","floor":3,"turns":4},{"damage":0,"enemies":"Red Slaver","floor":4,"turns":3},{"damage":6,"enemies":"Gremlin Nob","floor":6,"turns":4},{"damage":0,"enemies":"Exordium Wildlife","floor":7,"turns":4},{"damage":4,"enemies":"Exordium Thugs","floor":8,"turns":5},{"damage":0,"enemies":"Large Slime","floor":10,"turns":6},{"damage":9,"enemies":"3 Sentries","floor":11,"turns":4},{"damage":2,"enemies":"Blue Slaver","floor":12,"turns":2},{"damage":0,"enemies":"Exordium Thugs","floor":14,"turns":4},{"damage":19,"enemies":"The Guardian","floor":16,"turns":8},{"damage":4,"enemies":"Shell Parasite","floor":18,"turns":4},{"damage":0,"enemies":"Spheric Guardian","floor":20,"turns":4},{"damage":18,"enemies":"Snake Plant","floor":22,"turns":4},{"damage":25,"enemies":"Book of Stabbing","floor":23,"turns":4}],"seed_played":"-158019960778863674","potions_obtained":[{"floor":4,"key":"LiquidBronze"},{"floor":6,"key":"Fire Potion"},{"floor":7,"key":"Fire Potion"},{"floor":11,"key":"Ancient Potion"},{"floor":12,"key":"GamblersBrew"},{"floor":14,"key":"Fruit Juice"},{"floor":22,"key":"SteroidPotion"}],"is_trial":false,"path_per_floor":["M","M","M","M","?","E","M","M","T","M","E","M","?","M","R","B",null,"M","?","M","$","M","E"],"character_chosen":"THE_SILENT","items_purchased":["Blood Vial","Tiny Chest","Dagger Throw","Tools of the Trade"],"campfire_rested":0,"item_purchase_floors":[21,21,21,21],"current_hp_per_floor":[77,77,77,77,58,52,52,48,48,48,39,37,37,37,42,23,82,78,41,41,41,23,0],"gold":109,"neow_bonus":"TEN_PERCENT_HP_BONUS","is_prod":false,"is_daily":false,"chose_seed":false,"campfire_upgraded":1,"win_rate":0.0,"timestamp":1546592138,"path_taken":["M","M","M","M","?","E","M","M","T","M","E","M","?","M","R","BOSS","M","?","M","$","M","E"],"build_version":"2019-01-03v3","purchased_purges":0,"victory":false,"max_hp_per_floor":[77,77,77,77,77,77,77,77,77,77,77,77,77,77,82,82,82,82,41,41,41,41,41],"card_choices":[{"not_picked":["Dodge and Roll","Bane"],"picked":"Backflip","floor":1},{"not_picked":["Well Laid Plans","All Out Attack"],"picked":"Masterful Stab","floor":2},{"not_picked":["Sucker Punch","Accuracy"],"picked":"Dagger Throw","floor":3},{"not_picked":["Dodge and Roll","Dagger Spray"],"picked":"Backstab","floor":4},{"not_picked":["Distraction","Phantasmal Killer"],"picked":"Blur","floor":6},{"not_picked":["Backflip","Blade Dance"],"picked":"Outmaneuver","floor":7},{"not_picked":["Deadly Poison","Predator"],"picked":"Quick Slash","floor":8},{"not_picked":["Dagger Throw","Outmaneuver"],"picked":"Prepared","floor":10},{"not_picked":["Outmaneuver","Calculated Gamble"],"picked":"Bullet Time","floor":11},{"not_picked":["Bouncing Flask","Sucker Punch"],"picked":"Underhanded Strike","floor":12},{"not_picked":["Reflex","Flechettes"],"picked":"Deadly Poison","floor":14},{"not_picked":["Bullet Time","Tools of the Trade"],"picked":"Envenom","floor":16},{"not_picked":["Slice","Dodge and Roll"],"picked":"Backflip","floor":18},{"not_picked":["Bane","Blade Dance+1"],"picked":"Well Laid Plans+1","floor":20},{"not_picked":["Blade Dance","PiercingWail"],"picked":"Slice","floor":22}],"player_experience":29611,"relics_obtained":[{"floor":6,"key":"Snake Skull"},{"floor":9,"key":"Pen Nib"},{"floor":11,"key":"Potion Belt"}],"event_choices":[{"damage_healed":0,"gold_gain":0,"player_choice":"Take Damage","damage_taken":19,"relics_obtained":["Golden Idol"],"max_hp_gain":0,"max_hp_loss":0,"event_name":"Golden Idol","floor":5,"gold_loss":0},{"damage_healed":0,"gold_gain":0,"cards_transformed":["Defend_G"],"player_choice":"Change","damage_taken":0,"max_hp_gain":0,"max_hp_loss":0,"event_name":"Living Wall","floor":13,"gold_loss":0,"cards_obtained":["Poisoned Stab"]},{"damage_healed":0,"gold_gain":0,"player_choice":"Became a Ghost","damage_taken":0,"max_hp_gain":0,"max_hp_loss":41,"event_name":"Ghosts","floor":19,"gold_loss":0,"cards_obtained":["Ghostly","Ghostly","Ghostly","Ghostly","Ghostly"]}],"is_beta":false,"boss_relics":[{"not_picked":["Ring of the Serpent","Astrolabe"],"picked":"WristBlade"}],"items_purged_floors":[],"is_endless":false,"potions_floor_spawned":[4,6,7,11,12,14,22],"killed_by":"Book of Stabbing","ascension_level":0}