{"gold_per_floor":[109,109,109,123,139,139,153,167,242,257,19,19,19,38,38,38],"floor_reached":16,"playtime":803,"items_purged":["Strike_B"],"score":94,"play_id":"14307334-d0b8-4950-b59c-000b62f78576","local_time":"20181201132923","is_ascension_mode":false,"campfire_choices":[{"data":"Reinforced Body","floor":6,"key":"SMITH"},{"data":"Fusion","floor":12,"key":"SMITH"},{"floor":15,"key":"REST"}],"neow_cost":"NONE","seed_source_timestamp":13554952885674,"circlet_count":0,"master_deck":["Strike_B","Strike_B","Defend_B","Defend_B","Defend_B","Zap","Dualcast","Static Discharge+1","Reinforced Body+1","Fusion+1","Gash","Defragment"],"relics":["Cracked Core","The Courier","Juzu Bracelet","Pocketwatch"],"potions_floor_usage":[8,10],"damage_taken":[{"damage":2,"enemies":"Small Slimes","floor":1,"turns":4},{"damage":1,"enemies":"Jaw Worm","floor":4,"turns":3},{"damage":0,"enemies":"Cultist","floor":5,"turns":4},{"damage":11,"enemies":"Lots of Slimes","floor":7,"turns":3},{"damage":11,"enemies":"Gremlin Gang","floor":8,"turns":5},{"damage":12,"enemies":"Large Slime","floor":10,"turns":4},{"damage":9,"enemies":"2 Fungi Beasts","floor":14,"turns":4},{"damage":53,"enemies":"Hexaghost","floor":16,"turns":12}],"seed_played":"2745755296170124800","potions_obtained":[{"floor":5,"key":"SkillPotion"},{"floor":8,"key":"FocusPotion"}],"is_trial":false,"path_per_floor":["M","?","?","M","M","R","M","M","T","M","$","R","?","M","R","B"],"character_chosen":"DEFECT","items_purchased":["Defragment","Juzu Bracelet"],"campfire_rested":1,"item_purchase_floors":[11,11],"current_hp_per_floor":[73,73,73,72,72,72,61,50,50,38,38,38,38,29,51,0],"gold":38,"neow_bonus":"TRANSFORM_CARD","is_prod":false,"is_daily":false,"chose_seed":false,"campfire_upgraded":2,"win_rate":0,"timestamp":1543660163,"path_taken":["M","?","?","?","M","R","M","?","T","M","$","R","?","M","R","BOSS"],"build_version":"2018-11-15","purchased_purges":1,"victory":false,"max_hp_per_floor":[75,75,75,75,75,75,75,75,75,75,75,75,75,75,75,75],"card_choices":[{"not_picked":["Compile Driver","Sunder","Rip and Tear"],"picked":"SKIP","floor":1},{"not_picked":["Glacier","Beam Cell"],"picked":"Reinforced Body","floor":4},{"not_picked":["Stack","Hello World","Blizzard"],"picked":"SKIP","floor":5},{"not_picked":["Go for the Eyes","Undo"],"picked":"Fusion","floor":7},{"not_picked":["Streamline","Stack"],"picked":"Gash","floor":8},{"not_picked":["Barrage","Go for the Eyes","Conserve Battery"],"picked":"SKIP","floor":10},{"not_picked":["Blizzard","Barrage","Sunder"],"picked":"SKIP","floor":14}],"player_experience":240662,"relics_obtained":[{"floor":9,"key":"The Courier"}],"event_choices":[{"cards_removed":["Defend_B"],"damage_healed":0,"gold_gain":0,"player_choice":"Forget","damage_taken":0,"max_hp_gain":0,"max_hp_loss":0,"event_name":"Living Wall","floor":2,"gold_loss":0},{"damage_healed":0,"gold_gain":0,"player_choice":"Upgraded","damage_taken":0,"max_hp_gain":0,"max_hp_loss":0,"event_name":"Upgrade Shrine","floor":3,"gold_loss":0,"cards_upgraded":["Static Discharge"]},{"damage_healed":0,"gold_gain":0,"player_choice":"Searched \u00272\u0027 times","damage_taken":0,"relics_obtained":["Pocketwatch"],"max_hp_gain":0,"max_hp_loss":0,"event_name":"Dead Adventurer","floor":13,"gold_loss":0}],"is_beta":false,"boss_relics":[],"items_purged_floors":[11],"is_endless":false,"potions_floor_spawned":[5,8],"killed_by":"Hexaghost","ascension_level":0}