{"gold_per_floor":[118,131,45,96,66,92,92,103,103,103,68,102,102,118,118,118],"floor_reached":16,"playtime":1408,"items_purged":[],"score":108,"play_id":"6db751e6-3de6-4c5a-8cb2-2c956ab591cb","local_time":"20190502004234","is_ascension_mode":false,"campfire_choices":[{"data":"Blade Dance","floor":7,"key":"SMITH"},{"data":"Infinite Blades","floor":10,"key":"SMITH"},{"data":"Reflex","floor":15,"key":"SMITH"}],"neow_cost":"NONE","seed_source_timestamp":75906218430710,"circlet_count":0,"master_deck":["Defend_G","Defend_G","Defend_G","Defend_G","Defend_G","Strike_G","Strike_G","Strike_G","Strike_G","Strike_G","Survivor","Neutralize","Infinite Blades+1","Slice","Backstab","Finisher","Bane","Blade Dance+1","PiercingWail","Reflex+1","Outmaneuver"],"relics":["Ring of the Snake","Smiling Mask","Letter Opener","Snake Skull","Centennial Puzzle","CultistMask"],"potions_floor_usage":[12,14,16,16],"damage_taken":[{"damage":1,"enemies":"Cultist","floor":1,"turns":4},{"damage":0,"enemies":"Small Slimes","floor":2,"turns":3},{"damage":13,"enemies":"Lagavulin","floor":6,"turns":5},{"damage":0,"enemies":"Jaw Worm","floor":8,"turns":1},{"damage":7,"enemies":"Gremlin Nob","floor":12,"turns":3},{"damage":3,"enemies":"Looter","floor":14,"turns":2},{"damage":36,"enemies":"Slime Boss","floor":16,"turns":7}],"seed_played":"4420404284452932057","potions_obtained":[{"floor":2,"key":"Swift Potion"},{"floor":5,"key":"Swift Potion"},{"floor":5,"key":"EssenceOfSteel"},{"floor":6,"key":"Explosive Potion"},{"floor":12,"key":"Weak Potion"}],"is_trial":false,"path_per_floor":["M","M","$","T","?","E","R","M","T","R","?","E","?","M","R","B"],"character_chosen":"THE_SILENT","items_purchased":["Finisher","Bane"],"campfire_rested":0,"item_purchase_floors":[3,3],"current_hp_per_floor":[69,69,69,69,69,56,56,56,56,56,70,63,63,60,60,24],"gold":118,"neow_bonus":"THREE_CARDS","is_prod":false,"is_daily":false,"chose_seed":false,"campfire_upgraded":3,"win_rate":0.0,"timestamp":1556772154,"path_taken":["M","M","$","?","?","E","R","?","T","R","?","E","?","M","R","BOSS"],"build_version":"2019-01-23","purchased_purges":0,"victory":false,"max_hp_per_floor":[70,70,70,70,70,70,70,70,70,70,70,70,70,70,70,70],"card_choices":[{"not_picked":["Reflex","Leg Sweep"],"picked":"Infinite Blades","floor":0},{"not_picked":["Acrobatics","Outmaneuver"],"picked":"Slice","floor":1},{"not_picked":["Slice","Outmaneuver"],"picked":"Backstab","floor":2},{"not_picked":["Bouncing Flask","Dagger Throw"],"picked":"Blade Dance","floor":6},{"not_picked":["Distraction","Dagger Spray"],"picked":"PiercingWail","floor":8},{"not_picked":["Calculated Gamble","Distraction"],"picked":"Reflex","floor":12},{"not_picked":["Deflect","Flying Knee"],"picked":"Outmaneuver","floor":14}],"player_experience":49563,"relics_obtained":[{"floor":4,"key":"Smiling Mask"},{"floor":6,"key":"Letter Opener"},{"floor":9,"key":"Snake Skull"},{"floor":12,"key":"Centennial Puzzle"}],"event_choices":[{"damage_healed":0,"gold_gain":0,"player_choice":"Bought 2 Potions","damage_taken":0,"max_hp_gain":0,"max_hp_loss":0,"event_name":"The Woman in Blue","floor":5,"gold_loss":0},{"damage_healed":17,"gold_gain":0,"player_choice":"Healed","damage_taken":0,"max_hp_gain":0,"max_hp_loss":0,"event_name":"The Cleric","floor":11,"gold_loss":35},{"damage_healed":0,"gold_gain":0,"player_choice":"Trade","damage_taken":0,"relics_obtained":["CultistMask"],"max_hp_gain":0,"max_hp_loss":0,"event_name":"FaceTrader","floor":13,"gold_loss":0}],"is_beta":false,"boss_relics":[],"items_purged_floors":[],"is_endless":false,"potions_floor_spawned":[2,6,8,12],"killed_by":"Slime Boss","ascension_level":0}