{"gold_per_floor":[111,111,124,135,135,163,163,174,254,265,94,94,94,269,269,269],"floor_reached":16,"playtime":1014,"items_purged":["Strike_G"],"score":100,"play_id":"270bdf3f-b32c-4d0c-b22d-0c661e3f3645","local_time":"20180925231430","is_ascension_mode":false,"campfire_choices":[{"data":"Neutralize","floor":7,"key":"SMITH"},{"data":"Tactician","floor":12,"key":"SMITH"},{"data":"Tactician","floor":15,"key":"SMITH"}],"neow_cost":"NONE","seed_source_timestamp":14496533478767,"circlet_count":0,"master_deck":["Defend_G","Defend_G","Defend_G","Defend_G","Defend_G","Strike_G","Strike_G","Strike_G","Survivor","Neutralize+1","Night Terror","Blade Dance","Deadly Poison","Tactician+1","Tactician+1","Caltrops","Parasite","Doubt"],"relics":["Ring of the Snake","WingedGreaves","Gremlin Horn"],"potions_floor_usage":[11,16,16],"damage_taken":[{"damage":4,"enemies":"Cultist","floor":1,"turns":5},{"damage":4,"enemies":"Small Slimes","floor":3,"turns":5},{"damage":5,"enemies":"Jaw Worm","floor":4,"turns":6},{"damage":34,"enemies":"Gremlin Nob","floor":6,"turns":6},{"damage":11,"enemies":"Exordium Wildlife","floor":8,"turns":6},{"damage":0,"enemies":"Red Slaver","floor":10,"turns":5},{"damage":45,"enemies":"Hexaghost","floor":16,"turns":11}],"seed_played":"6908287431354247953","potions_obtained":[{"floor":3,"key":"PowerPotion"},{"floor":4,"key":"Dexterity Potion"}],"is_trial":false,"path_per_floor":["M","?","M","M","?","E","R","M","T","M","$","R","?","?","R"],"character_chosen":"THE_SILENT","items_purchased":["Fruit Juice"],"campfire_rested":0,"item_purchase_floors":[11],"current_hp_per_floor":[66,66,62,57,62,28,28,17,17,17,22,22,42,42,42,0],"gold":269,"neow_bonus":"ONE_RANDOM_RARE_CARD","is_prod":false,"is_daily":false,"chose_seed":false,"campfire_upgraded":3,"win_rate":0,"timestamp":1537906470,"path_taken":["M","?","M","?","?","E","R","M","T","M","$","R","?","?","R","BOSS"],"build_version":"2018-09-20","purchased_purges":1,"victory":false,"max_hp_per_floor":[70,70,70,70,75,75,75,75,75,75,80,80,80,80,80,80],"card_choices":[{"not_picked":["Dagger Throw","Heel Hook","Dagger Spray"],"picked":"SKIP","floor":1},{"not_picked":["Dagger Spray","Slice"],"picked":"Blade Dance","floor":3},{"not_picked":["Quick Slash","Crippling Poison"],"picked":"Deadly Poison","floor":4},{"not_picked":["Dagger Spray","Catalyst"],"picked":"Tactician","floor":6},{"not_picked":["Quick Slash","Slice"],"picked":"Tactician","floor":8},{"not_picked":["Endless Agony","Quick Slash"],"picked":"Caltrops","floor":10}],"player_experience":45451,"relics_obtained":[{"floor":6,"key":"WingedGreaves"},{"floor":9,"key":"Gremlin Horn"}],"event_choices":[{"event_name":"Purifier","player_choice":"One Purge","floor":2,"damage_taken":0},{"event_name":"Big Fish","player_choice":"Donut","floor":5,"damage_taken":0},{"event_name":"Mushrooms","player_choice":"Healed and dodged fight","floor":13,"damage_taken":0},{"event_name":"Liars Game","player_choice":"agreed","floor":14,"damage_taken":0}],"is_beta":false,"boss_relics":[],"items_purged_floors":[11],"is_endless":false,"potions_floor_spawned":[3,4],"killed_by":"Hexaghost","ascension_level":0}