{"gold_per_floor":[115,95,112,37,57,83,83,38,38,38,54,67,117,95,95,174,174,187,198,198,216,216],"floor_reached":22,"playtime":1140,"items_purged":[],"score":348,"play_id":"49c35c29-3c8d-418c-83b9-a454092d7fd4","local_time":"20190112230714","is_ascension_mode":true,"campfire_choices":[{"floor":7.0,"key":"REST"},{"data":"Footwork","floor":10.0,"key":"SMITH"},{"floor":15.0,"key":"REST"}],"neow_cost":"NONE","seed_source_timestamp":45879837827241,"circlet_count":0,"master_deck":["AscendersBane","Defend_G","Defend_G","Defend_G","Defend_G","Defend_G","Strike_G","Strike_G","Strike_G","Strike_G","Strike_G","Survivor","Neutralize","Footwork+1","Skewer","After Image","Predator","Blur","Noxious Fumes","Flying Knee","Choke","Deflect","Night Terror","Blur"],"special_seed":0,"relics":["Ring of the Snake","NeowsBlessing","Darkstone Periapt","Lantern","Velvet Choker"],"potions_floor_usage":[21,21],"damage_taken":[{"damage":0.0,"enemies":"Small Slimes","floor":1.0,"turns":1.0},{"damage":0.0,"enemies":"Cultist","floor":3.0,"turns":1.0},{"damage":0.0,"enemies":"Jaw Worm","floor":5.0,"turns":1.0},{"damage":46.0,"enemies":"Lagavulin","floor":6.0,"turns":6.0},{"damage":11.0,"enemies":"Lots of Slimes","floor":11.0,"turns":5.0},{"damage":0.0,"enemies":"2 Fungi Beasts","floor":12.0,"turns":4.0},{"damage":7.0,"enemies":"Exordium Thugs","floor":14.0,"turns":4.0},{"damage":9.0,"enemies":"The Guardian","floor":16.0,"turns":11.0},{"damage":19.0,"enemies":"Spheric Guardian","floor":18.0,"turns":7.0},{"damage":11.0,"enemies":"Shell Parasite","floor":19.0,"turns":9.0},{"damage":7,"enemies":"Snecko","floor":21,"turns":6},{"damage":19,"enemies":"Shelled Parasite and Fungi","floor":22,"turns":3}],"seed_played":"8976885685615648605","potions_obtained":[{"floor":1.0,"key":"EntropicBrew"},{"floor":2.0,"key":"Strength Potion"},{"floor":6.0,"key":"Dexterity Potion"},{"floor":12.0,"key":"SkillPotion"},{"floor":14.0,"key":"Fire Potion"},{"floor":16.0,"key":"SpeedPotion"},{"floor":20.0,"key":"Swift Potion"}],"is_trial":false,"path_per_floor":["M","?","M","$","M","E","R","$","T","R","M","M","?","M","R","B",null,"M","M","?","M","M"],"character_chosen":"THE_SILENT","items_purchased":["After Image","Noxious Fumes"],"campfire_rested":2,"item_purchase_floors":[4,8],"current_hp_per_floor":[59,59,59,59,59,13,32,32,32,32,21,21,15,8,27,18,54,35,24,24,17,0],"gold":216,"neow_bonus":"THREE_ENEMY_KILL","is_prod":false,"is_daily":false,"chose_seed":false,"campfire_upgraded":1,"win_rate":0,"timestamp":1547323634,"path_taken":["M","?","?","$","?","E","R","$","T","R","M","M","?","M","R","BOSS","M","?","?","?","M"],"build_version":"2019-01-10","purchased_purges":0,"victory":false,"max_hp_per_floor":[66,66,66,66,66,66,66,66,66,66,66,66,66,66,66,66,66,66,66,66,66,66],"card_choices":[{"not_picked":["Leg Sweep","Outmaneuver"],"picked":"Footwork","floor":1.0},{"not_picked":["Backstab","Slice"],"picked":"Skewer","floor":3.0},{"not_picked":["Accuracy","Masterful Stab"],"picked":"Predator","floor":5.0},{"not_picked":["Deflect","Tactician"],"picked":"Blur","floor":6.0},{"not_picked":["Dagger Spray","Skewer"],"picked":"Flying Knee","floor":11.0},{"not_picked":["Expertise","PiercingWail"],"picked":"Choke","floor":12.0},{"not_picked":["Riddle With Holes","A Thousand Cuts"],"picked":"Deflect","floor":14.0},{"not_picked":["Burst","Venomology"],"picked":"Night Terror","floor":16.0},{"not_picked":["Riddle With Holes","Infinite Blades"],"picked":"Blur","floor":18.0},{"not_picked":["Endless Agony","Bane","Skewer"],"picked":"SKIP","floor":19.0},{"not_picked":["Quick Slash","Dagger Spray","Choke"],"picked":"SKIP","floor":21}],"player_experience":457885,"relics_obtained":[{"floor":6.0,"key":"Darkstone Periapt"},{"floor":9.0,"key":"Lantern"}],"event_choices":[{"damage_healed":0.0,"max_hp_gain":0.0,"max_hp_loss":0.0,"gold_gain":0.0,"event_name":"The Woman in Blue","player_choice":"Bought 1 Potion","floor":2.0,"gold_loss":0.0,"damage_taken":0.0},{"damage_healed":0.0,"max_hp_gain":0.0,"max_hp_loss":0.0,"gold_gain":50.0,"event_name":"FaceTrader","player_choice":"Touch","floor":13.0,"gold_loss":0.0,"damage_taken":6.0},{"damage_healed":0.0,"max_hp_gain":0.0,"max_hp_loss":0.0,"gold_gain":0.0,"event_name":"Lab","player_choice":"Got Potions","floor":20.0,"gold_loss":0.0,"damage_taken":0.0}],"is_beta":false,"boss_relics":[{"not_picked":["Snecko Eye","Fusion Hammer"],"picked":"Velvet Choker"}],"items_purged_floors":[],"is_endless":false,"potions_floor_spawned":[1,6,12,14,16,18],"killed_by":"Shelled Parasite and Fungi","ascension_level":17}