{"gold_per_floor":[116,134,144,319,319,344,344,355,426,426,453,150,166,186,186,186],"floor_reached":16,"playtime":688,"items_purged":["Regret"],"score":102,"play_id":"dbb9543e-bf57-4eee-bc85-04b5dac4534d","local_time":"20181208152630","is_ascension_mode":false,"campfire_choices":[{"floor":7,"key":"REST"},{"floor":10,"key":"REST"},{"floor":15,"key":"REST"}],"neow_cost":"NONE","seed_source_timestamp":17240709827711,"circlet_count":0,"master_deck":["Strike_B","Strike_B","Strike_B","Strike_B","Defend_B","Defend_B","Defend_B","Defend_B","Zap","Dualcast","Conserve Battery","Beam Cell","Steam Power","Doubt","Tempest","Self Repair","Chill","Double Energy"],"relics":["Fusion Hammer","Bird Faced Urn","Bag of Preparation","Sundial","Potion Belt","DataDisk"],"potions_floor_usage":[],"damage_taken":[{"damage":1,"enemies":"Cultist","floor":1,"turns":4},{"damage":0,"enemies":"2 Louse","floor":2,"turns":4},{"damage":5,"enemies":"Small Slimes","floor":3,"turns":4},{"damage":39,"enemies":"Lagavulin","floor":6,"turns":8},{"damage":8,"enemies":"Looter","floor":8,"turns":3},{"damage":4,"enemies":"Gremlin Gang","floor":13,"turns":4},{"damage":0,"enemies":"3 Louse","floor":14,"turns":3},{"damage":79,"enemies":"Hexaghost","floor":16,"turns":10}],"seed_played":"9040313375342779297","potions_obtained":[{"floor":6,"key":"FocusPotion"},{"floor":13,"key":"Dexterity Potion"}],"is_trial":false,"path_per_floor":["M","M","M","?","?","E","R","M","T","R","T","$","M","M","R","B"],"character_chosen":"DEFECT","items_purchased":["DataDisk","Self Repair"],"campfire_rested":3,"item_purchase_floors":[12,12],"current_hp_per_floor":[74,74,69,69,69,30,52,44,44,66,66,66,71,71,75,0],"gold":186,"neow_bonus":"BOSS_RELIC","is_prod":false,"is_daily":false,"chose_seed":false,"campfire_upgraded":0,"win_rate":0,"timestamp":1544271990,"path_taken":["M","?","?","?","?","E","R","M","T","R","?","$","M","M","R","BOSS"],"build_version":"2018-12-06","purchased_purges":1,"victory":false,"max_hp_per_floor":[75,75,75,75,75,75,75,75,75,75,75,75,75,75,75,75],"card_choices":[{"not_picked":["Hologram","Streamline"],"picked":"Conserve Battery","floor":1},{"not_picked":["Turbo","Compile Driver"],"picked":"Beam Cell","floor":2},{"not_picked":["Heatsinks","Double Energy"],"picked":"Steam Power","floor":3},{"not_picked":["FTL","Buffer"],"picked":"Tempest","floor":6},{"not_picked":["Steam","Melter","Rebound"],"picked":"SKIP","floor":8},{"not_picked":["Consume","Rebound"],"picked":"Chill","floor":13},{"not_picked":["Streamline","Conserve Battery"],"picked":"Double Energy","floor":14}],"player_experience":268726,"relics_obtained":[{"floor":6,"key":"Bag of Preparation"},{"floor":9,"key":"Sundial"},{"floor":11,"key":"Potion Belt"}],"event_choices":[{"damage_healed":0,"gold_gain":175,"player_choice":"AGREE","damage_taken":0,"max_hp_gain":0,"max_hp_loss":0,"event_name":"Liars Game","floor":4,"gold_loss":0,"cards_obtained":["Doubt"]},{"damage_healed":0,"gold_gain":0,"player_choice":"Box","damage_taken":0,"relics_obtained":["Bird Faced Urn"],"max_hp_gain":0,"max_hp_loss":0,"event_name":"Big Fish","floor":5,"gold_loss":0,"cards_obtained":["Regret"]}],"is_beta":false,"boss_relics":[],"items_purged_floors":[12],"is_endless":false,"potions_floor_spawned":[6,13],"killed_by":"Hexaghost","ascension_level":0}