{"gold_per_floor":[114,114,39,58,76,76,107,107,130,130,44,44,64,76,76,180,180,197,197,214,232,244,244,244],"floor_reached":24,"playtime":1375,"items_purged":["Strike_G"],"score":248,"play_id":"7cedf87a-4eb0-4d04-b8d3-5081ed00fff0","local_time":"20190106222122","is_ascension_mode":true,"campfire_choices":[{"data":"Neutralize","floor":6,"key":"SMITH"},{"data":"Distraction","floor":8,"key":"SMITH"},{"data":"Choke","floor":10,"key":"SMITH"},{"data":"Madness","floor":12,"key":"SMITH"},{"data":"Backflip","floor":15,"key":"SMITH"},{"floor":23,"key":"REST"}],"neow_cost":"PERCENT_DAMAGE","seed_source_timestamp":35785611558872,"circlet_count":0,"master_deck":["Defend_G","Defend_G","Defend_G","Defend_G","Defend_G","Strike_G","Strike_G","Strike_G","Survivor","Neutralize+1","Choke+1","Flying Knee","Calculated Gamble","Distraction+1","Madness+1","Backflip+1","Slice","Glass Knife","Skewer+1","Pain","Well Laid Plans","Blur"],"relics":["Ring of the Snake","Mango","Vajra","Happy Flower","Velvet Choker","WarpedTongs"],"potions_floor_usage":[7,16,24,24],"damage_taken":[{"damage":0,"enemies":"2 Louse","floor":1,"turns":3},{"damage":5,"enemies":"Cultist","floor":4,"turns":4},{"damage":0,"enemies":"Jaw Worm","floor":5,"turns":3},{"damage":5,"enemies":"Gremlin Nob","floor":7,"turns":4},{"damage":0,"enemies":"Looter","floor":13,"turns":1},{"damage":0,"enemies":"2 Fungi Beasts","floor":14,"turns":3},{"damage":22,"enemies":"Hexaghost","floor":16,"turns":11},{"damage":7,"enemies":"Spheric Guardian","floor":18,"turns":4},{"damage":12,"enemies":"Chosen","floor":20,"turns":3},{"damage":15,"enemies":"Snecko","floor":21,"turns":3},{"damage":19,"enemies":"Chosen and Byrds","floor":22,"turns":5},{"damage":52,"enemies":"Gremlin Leader","floor":24,"turns":5}],"seed_played":"-8227928085353288947","potions_obtained":[{"floor":4,"key":"Block Potion"},{"floor":5,"key":"Explosive Potion"},{"floor":7,"key":"Weak Potion"},{"floor":16,"key":"Dexterity Potion"},{"floor":22,"key":"GamblersBrew"}],"is_trial":false,"path_per_floor":["M","?","$","M","M","R","E","R","T","R","$","R","M","M","R","B",null,"M","?","M","M","M","R","E"],"character_chosen":"THE_SILENT","items_purchased":["Madness"],"campfire_rested":1,"item_purchase_floors":[11],"current_hp_per_floor":[63,63,63,58,58,58,53,53,53,53,53,53,53,53,53,31,71,64,64,52,37,18,43,0],"gold":244,"neow_bonus":"ONE_RARE_RELIC","is_prod":false,"is_daily":false,"chose_seed":false,"campfire_upgraded":5,"win_rate":0,"timestamp":1546802482,"path_taken":["M","?","?","M","?","R","E","R","T","R","?","R","?","M","R","BOSS","M","?","M","M","?","R","E"],"build_version":"2019-01-03v4","purchased_purges":1,"victory":false,"max_hp_per_floor":[84,84,84,84,84,84,84,84,84,84,84,84,84,84,84,84,84,84,84,84,84,84,84,84],"card_choices":[{"not_picked":["Deflect","Quick Slash"],"picked":"Choke","floor":1},{"not_picked":["Dagger Throw","PiercingWail"],"picked":"Flying Knee","floor":4},{"not_picked":["Dagger Spray","Infinite Blades"],"picked":"Calculated Gamble","floor":5},{"not_picked":["Flying Knee","Acrobatics"],"picked":"Distraction","floor":7},{"not_picked":["Distraction","Infinite Blades"],"picked":"Backflip","floor":13},{"not_picked":["Outmaneuver","Dagger Throw"],"picked":"Slice","floor":14},{"not_picked":["Night Terror","Phantasmal Killer"],"picked":"Glass Knife","floor":16},{"not_picked":["Prepared+1","Underhanded Strike"],"picked":"Skewer+1","floor":18},{"not_picked":["Outmaneuver","Finisher"],"picked":"Well Laid Plans","floor":20},{"not_picked":["Acrobatics","PiercingWail"],"picked":"Blur","floor":21},{"not_picked":["Quick Slash","Flying Knee","Deadly Poison"],"picked":"SKIP","floor":22},{"not_picked":["Quick Slash","Flying Knee","Deadly Poison"],"picked":"SKIP","floor":22}],"player_experience":395138,"relics_obtained":[{"floor":7,"key":"Vajra"},{"floor":9,"key":"Happy Flower"}],"event_choices":[{"cards_removed":["Strike_G"],"damage_healed":0,"gold_gain":0,"player_choice":"Purged","damage_taken":0,"max_hp_gain":0,"max_hp_loss":0,"event_name":"Purifier","floor":2,"gold_loss":0},{"damage_healed":0,"gold_gain":0,"player_choice":"Rummage","damage_taken":0,"relics_obtained":["WarpedTongs"],"max_hp_gain":0,"max_hp_loss":0,"event_name":"Accursed Blacksmith","floor":19,"gold_loss":0,"cards_obtained":["Pain"]}],"is_beta":false,"boss_relics":[{"not_picked":["WristBlade","Calling Bell"],"picked":"Velvet Choker"}],"items_purged_floors":[3],"is_endless":false,"potions_floor_spawned":[4,5,7,16,22],"killed_by":"Gremlin Leader","ascension_level":5}