{"gold_per_floor":[144,163,163,174,188,218,229,14,67,98,98,18,48,65,65,161,161,176,176,194,205,216,216,248,248,323,334,334,363,376,392,392,492,492,503,503,513,533,74,74,100,118,118,152,170,0,0,19,19,19,19,19,19,19],"floor_reached":54,"playtime":5153,"items_purged":["Strike_G"],"score":927,"play_id":"997e2498-17b2-4625-9f3b-4fcc8bb43ae6","local_time":"20190204210819","is_ascension_mode":true,"campfire_choices":[{"data":"Venomology","floor":11.0,"key":"SMITH"},{"floor":15.0,"key":"REST"},{"data":"Sucker Punch","floor":23.0,"key":"SMITH"},{"data":"Envenom","floor":25.0,"key":"SMITH"},{"data":"Footwork","floor":32,"key":"SMITH"},{"data":"Footwork","floor":40,"key":"SMITH"},{"floor":47,"key":"RECALL"},{"data":"Catalyst","floor":49,"key":"SMITH"},{"data":"Tools of the Trade","floor":52,"key":"SMITH"}],"neow_cost":"NONE","seed_source_timestamp":0,"circlet_count":0,"master_deck":["Defend_G","Defend_G+1","Defend_G","Defend_G","Defend_G+1","Survivor","Neutralize","Sucker Punch+1","Backstab","Tools of the Trade+1","Dagger Spray","Poisoned Stab","Blur","All Out Attack","Venomology+1","Deflect","Well Laid Plans","Cloak And Dagger","Poisoned Stab","Glass Knife","Footwork+1","Bite","Bite","Bite","Bite","Bite","Blur+1","Poisoned Stab","Backflip","Envenom+1","Sucker Punch","Distraction+1","Leg Sweep+1","Noxious Fumes","Die Die Die","Heel Hook+1","Envenom+1","Deflect","Footwork+1","Crippling Poison+1","Catalyst+1","Bouncing Flask","Deadly Poison","Footwork+1"],"special_seed":0,"relics":["Ring of the Snake","Tiny Chest","Blood Vial","Bag of Preparation","Mummified Hand","Potion Belt","Eternal Feather","Dodecahedron","Boot","Ancient Tea Set","Velvet Choker","War Paint","Blue Candle","Oddly Smooth Stone","Mercury Hourglass","Du-Vu Doll","Red Mask"],"potions_floor_usage":[29,29,29,33,35,38,41,41,42,42,42,42,42,42,44,44,45,50,50,50,50,50],"damage_taken":[{"damage":4.0,"enemies":"Jaw Worm","floor":1.0,"turns":8.0},{"damage":0.0,"enemies":"Cultist","floor":2.0,"turns":3.0},{"damage":0.0,"enemies":"2 Louse","floor":4.0,"turns":2.0},{"damage":0.0,"enemies":"Looter","floor":5.0,"turns":3.0},{"damage":37.0,"enemies":"3 Sentries","floor":6.0,"turns":12.0},{"damage":0.0,"enemies":"2 Fungi Beasts","floor":7.0,"turns":3.0},{"damage":20.0,"enemies":"Gremlin Nob","floor":10.0,"turns":4.0},{"damage":13.0,"enemies":"Lagavulin","floor":13.0,"turns":8.0},{"damage":0.0,"enemies":"Gremlin Gang","floor":14.0,"turns":3.0},{"damage":19.0,"enemies":"Slime Boss","floor":16.0,"turns":8.0},{"damage":23.0,"enemies":"Spheric Guardian","floor":18.0,"turns":5.0},{"damage":0.0,"enemies":"Chosen","floor":20.0,"turns":6.0},{"damage":26.0,"enemies":"Sentry and Sphere","floor":21.0,"turns":7.0},{"damage":33.0,"enemies":"Snecko","floor":22.0,"turns":5.0},{"damage":25.0,"enemies":"Book of Stabbing","floor":24.0,"turns":7.0},{"damage":25.0,"enemies":"Centurion and Healer","floor":27.0,"turns":9.0},{"damage":14,"enemies":"Slavers","floor":29,"turns":6},{"damage":2,"enemies":"Chosen and Byrds","floor":30,"turns":5},{"damage":5,"enemies":"Snecko","floor":31,"turns":5},{"damage":48,"enemies":"Collector","floor":33,"turns":11},{"damage":35,"enemies":"3 Darklings","floor":35,"turns":5},{"damage":24,"enemies":"3 Shapes","floor":37,"turns":2},{"damage":2,"enemies":"Maw","floor":38,"turns":7},{"damage":40,"enemies":"Giant Head","floor":41,"turns":12},{"damage":29,"enemies":"Spire Growth","floor":42,"turns":6},{"damage":13,"enemies":"Nemesis","floor":44,"turns":7},{"damage":0,"enemies":"Jaw Worm Horde","floor":45,"turns":5},{"damage":0,"enemies":"4 Shapes","floor":48,"turns":3},{"damage":39,"enemies":"Awakened One","floor":50,"turns":16},{"damage":63,"enemies":"Shield and Spear","floor":54,"turns":4}],"seed_played":"-404292469801860642","potions_obtained":[{"floor":2.0,"key":"GamblersBrew"},{"floor":4.0,"key":"Energy Potion"},{"floor":6.0,"key":"EntropicBrew"},{"floor":13.0,"key":"Strength Potion"},{"floor":20.0,"key":"Dexterity Potion"},{"floor":21.0,"key":"Explosive Potion"},{"floor":22.0,"key":"Weak Potion"},{"floor":33,"key":"SpeedPotion"},{"floor":41,"key":"Swift Potion"},{"floor":42,"key":"SteroidPotion"},{"floor":44,"key":"GamblersBrew"},{"floor":48,"key":"EssenceOfSteel"}],"is_trial":false,"path_per_floor":["M","M","?","M","M","E","M","$","T","E","R","$","E","M","R","B",null,"M","?","M","M","M","R","E","R","T","M","?","E","M","M","R","B",null,"M","?","M","M","$","R","E","M","T","E","M","?","R","M","R","B",null,"R","$","E"],"character_chosen":"THE_SILENT","items_purchased":["Venomology","Well Laid Plans","War Paint","GhostInAJar","Blue Candle"],"campfire_rested":1,"item_purchase_floors":[8,12,39,39,39],"current_hp_per_floor":[66,66,66,66,66,29,31,31,31,13,13,13,2,4,25,8,70,47,47,49,29,4,19,6,24,24,15,15,13,19,24,42,12,49,22,22,6,26,26,47,20,5,5,2,14,14,38,42,49,22,49,49,49,0],"gold":19,"neow_bonus":"RANDOM_COMMON_RELIC","is_prod":false,"is_daily":false,"chose_seed":false,"campfire_upgraded":7,"win_rate":0,"timestamp":1549285699,"path_taken":["M","M","?","?","M","E","M","?","T","E","R","$","E","?","R","BOSS","M","?","M","M","M","R","E","R","T","M","?","E","M","M","R","BOSS","M","?","M","M","$","R","E","M","T","E","?","?","R","M","R","BOSS","R","$","E"],"build_version":"2019-01-23","purchased_purges":1,"victory":false,"max_hp_per_floor":[70,70,70,70,70,70,70,70,70,70,70,70,70,70,70,70,70,70,49,49,49,49,49,49,49,49,49,49,49,49,49,49,49,49,49,49,49,49,49,49,49,49,49,49,49,49,49,49,49,49,49,49,49,49],"card_choices":[{"not_picked":["Backflip","Dodge and Roll"],"picked":"Sucker Punch","floor":1.0},{"not_picked":["Choke","Setup"],"picked":"Backstab","floor":2.0},{"not_picked":["Deflect","Underhanded Strike"],"picked":"Dagger Spray","floor":4.0},{"not_picked":["Blade Dance","Dagger Spray"],"picked":"Poisoned Stab","floor":5.0},{"not_picked":["Backflip","Dodge and Roll"],"picked":"Blur","floor":6.0},{"not_picked":["Tactician","Outmaneuver"],"picked":"All Out Attack","floor":7.0},{"not_picked":["Terror","Tactician"],"picked":"Deflect","floor":10.0},{"not_picked":["Reflex","Wraith Form v2"],"picked":"Cloak And Dagger","floor":13.0},{"not_picked":["Well Laid Plans","Sucker Punch"],"picked":"Poisoned Stab","floor":14.0},{"not_picked":["Malaise","Tools of the Trade"],"picked":"Glass Knife","floor":16.0},{"not_picked":["Acrobatics","Bane"],"picked":"Footwork","floor":18.0},{"not_picked":["Dodge and Roll","Terror"],"picked":"Blur+1","floor":20.0},{"not_picked":["Riddle With Holes+1","Underhanded Strike"],"picked":"Poisoned Stab","floor":21.0},{"not_picked":["Acrobatics","Skewer"],"picked":"Backflip","floor":22.0},{"not_picked":["Flying Knee","Endless Agony+1"],"picked":"Envenom","floor":24.0},{"not_picked":["PiercingWail","Calculated Gamble"],"picked":"Sucker Punch","floor":27.0},{"not_picked":["Reflex","Deflect"],"picked":"Distraction+1","floor":29},{"not_picked":["Caltrops","Escape Plan"],"picked":"Leg Sweep+1","floor":30},{"not_picked":["Underhanded Strike","Riddle With Holes"],"picked":"Noxious Fumes","floor":31},{"not_picked":["Grand Finale","After Image"],"picked":"Die Die Die","floor":33},{"not_picked":["Endless Agony","Dodge and Roll+1"],"picked":"Heel Hook+1","floor":35},{"not_picked":["Acrobatics+1","All Out Attack"],"picked":"Deflect","floor":37},{"not_picked":["Prepared","Deadly Poison"],"picked":"Footwork","floor":38},{"not_picked":["Prepared","Flying Knee+1"],"picked":"Crippling Poison+1","floor":41},{"not_picked":["Crippling Poison","Deadly Poison"],"picked":"Catalyst","floor":42},{"not_picked":["Acrobatics","Backstab+1"],"picked":"Bouncing Flask","floor":44},{"not_picked":["Masterful Stab+1","Underhanded Strike+1"],"picked":"Deadly Poison","floor":45},{"not_picked":["Underhanded Strike+1","Poisoned Stab+1"],"picked":"Footwork+1","floor":48}],"player_experience":211226,"relics_obtained":[{"floor":6.0,"key":"Blood Vial"},{"floor":9.0,"key":"Bag of Preparation"},{"floor":10.0,"key":"Mummified Hand"},{"floor":13.0,"key":"Potion Belt"},{"floor":24.0,"key":"Dodecahedron"},{"floor":29,"key":"Ancient Tea Set"},{"floor":41,"key":"Oddly Smooth Stone"},{"floor":43,"key":"Mercury Hourglass"},{"floor":44,"key":"Du-Vu Doll"}],"event_choices":[{"damage_healed":0.0,"max_hp_gain":0.0,"max_hp_loss":0.0,"gold_gain":0.0,"cards_transformed":["Strike_G"],"event_name":"Transmorgrifier","player_choice":"Transformed","floor":3.0,"gold_loss":0.0,"damage_taken":0.0,"cards_obtained":["Tools of the Trade"]},{"damage_healed":0.0,"max_hp_gain":0.0,"max_hp_loss":21.0,"gold_gain":0.0,"event_name":"Vampires","player_choice":"Became a vampire","floor":19.0,"gold_loss":0.0,"damage_taken":0.0,"cards_obtained":["Bite","Bite","Bite","Bite","Bite"]},{"damage_healed":0.0,"max_hp_gain":0.0,"max_hp_loss":0.0,"gold_gain":0.0,"event_name":"The Mausoleum","player_choice":"Opened","floor":28.0,"gold_loss":0.0,"damage_taken":0.0,"relics_obtained":["Boot"]},{"damage_healed":0,"gold_gain":0,"player_choice":"Copied","damage_taken":0,"max_hp_gain":0,"max_hp_loss":0,"event_name":"Duplicator","floor":36,"gold_loss":0,"cards_obtained":["Envenom"]},{"damage_healed":0,"gold_gain":0,"player_choice":"Paid","damage_taken":0,"relics_obtained":["Red Mask"],"max_hp_gain":0,"max_hp_loss":0,"event_name":"Tomb of Lord Red Mask","floor":46,"gold_loss":170}],"is_beta":false,"boss_relics":[{"not_picked":["Ectoplasm","Calling Bell"],"picked":"Eternal Feather"},{"not_picked":["Fusion Hammer","Runic Dome"],"picked":"Velvet Choker"}],"items_purged_floors":[8],"is_endless":false,"potions_floor_spawned":[2,4,6,13,20,21,22,33,41,42,44,48],"killed_by":"Shield and Spear","ascension_level":3}