{"gold_per_floor":[110,110,110,122,139,174,193,193,272,272,287,28,41,74,74,169,169,186,86,98,98,108,137,137,150,150,150,180,192,234,171,183,292,304,334,346,370,140,160,189,207,207,230,263,273,290,316,316,316,316],"floor_reached":51,"playtime":2712,"items_purged":["Strike_B","Defend_B"],"score":857,"play_id":"0e00fd84-8da3-45aa-88d8-cc503e7a9750","local_time":"20190225171700","is_ascension_mode":false,"campfire_choices":[{"data":"Zap","floor":8.0,"key":"SMITH"},{"data":"Dualcast","floor":10.0,"key":"SMITH"},{"data":"Panache","floor":15.0,"key":"SMITH"},{"data":"Fission","floor":24.0,"key":"SMITH"},{"floor":27.0,"key":"REST"},{"floor":29.0,"key":"REST"},{"floor":32.0,"key":"REST"},{"data":"Trip","floor":42.0,"key":"SMITH"},{"floor":49,"key":"REST"}],"neow_cost":"NONE","seed_source_timestamp":51174365703757,"circlet_count":0,"master_deck":["Defend_B","Defend_B","Zap+1","Dualcast+1","Compile Driver+1","Go for the Eyes+1","Gash","Leap","Gash","Panache+1","Steam","Fission+1","FTL","Gash","Scrape+1","Gash","Beam Cell","BootSequence","Scrape","Trip+1","Coolheaded+1","FTL","Steam","Gash+1","Gash","Flash of Steel"],"special_seed":0,"relics":["Astrolabe","Nunchaku","Ornamental Fan","Bag of Preparation","Nuclear Battery","Pantograph","Dodecahedron","MawBank","Cables","Orrery","Bag of Marbles","Meat on the Bone","Oddly Smooth Stone","Shuriken","Emotion Chip"],"potions_floor_usage":[],"damage_taken":[{"damage":6.0,"enemies":"Jaw Worm","floor":1.0,"turns":4.0},{"damage":0.0,"enemies":"2 Louse","floor":4.0,"turns":3.0},{"damage":1.0,"enemies":"Cultist","floor":5.0,"turns":4.0},{"damage":30.0,"enemies":"3 Sentries","floor":6.0,"turns":9.0},{"damage":4.0,"enemies":"Red Slaver","floor":7.0,"turns":4.0},{"damage":3.0,"enemies":"Lots of Slimes","floor":11.0,"turns":6.0},{"damage":0.0,"enemies":"3 Louse","floor":13.0,"turns":3.0},{"damage":0.0,"enemies":"Lagavulin","floor":14.0,"turns":6.0},{"damage":15.0,"enemies":"The Guardian","floor":16.0,"turns":9.0},{"damage":11.0,"enemies":"Spheric Guardian","floor":18.0,"turns":4.0},{"damage":6.0,"enemies":"2 Thieves","floor":20.0,"turns":4.0},{"damage":0.0,"enemies":"Sentry and Sphere","floor":22.0,"turns":3.0},{"damage":18.0,"enemies":"Gremlin Leader","floor":23.0,"turns":6.0},{"damage":7.0,"enemies":"Shelled Parasite and Fungi","floor":25.0,"turns":3.0},{"damage":9.0,"enemies":"Slavers","floor":28.0,"turns":3.0},{"damage":13.0,"enemies":"Book of Stabbing","floor":30.0,"turns":5.0},{"damage":3.0,"enemies":"Automaton","floor":33.0,"turns":6.0},{"damage":0.0,"enemies":"3 Darklings","floor":35.0,"turns":3.0},{"damage":0.0,"enemies":"3 Shapes","floor":37.0,"turns":1.0},{"damage":3.0,"enemies":"Jaw Worm Horde","floor":39.0,"turns":3.0},{"damage":7.0,"enemies":"Giant Head","floor":40.0,"turns":6.0},{"damage":0.0,"enemies":"Maw","floor":41.0,"turns":5.0},{"damage":16,"enemies":"Reptomancer","floor":44,"turns":4},{"damage":0,"enemies":"Transient","floor":45,"turns":5},{"damage":0,"enemies":"4 Shapes","floor":46,"turns":1},{"damage":0,"enemies":"Nemesis","floor":47,"turns":3},{"damage":38,"enemies":"Awakened One","floor":50,"turns":6}],"seed_played":"4226606299343928073","potions_obtained":[{"floor":6.0,"key":"Regen Potion"},{"floor":11.0,"key":"Energy Potion"},{"floor":18.0,"key":"Poison Potion"},{"floor":22.0,"key":"SteroidPotion"},{"floor":23.0,"key":"FearPotion"},{"floor":33.0,"key":"SpeedPotion"},{"floor":35.0,"key":"AttackPotion"},{"floor":40.0,"key":"SteroidPotion"}],"is_trial":false,"path_per_floor":["M","?","?","M","M","E","M","R","T","R","M","$","M","E","R","B",null,"M","$","M","?","M","E","R","M","T","R","E","R","E","?","R","B",null,"M","?","M","$","M","E","M","R","T","E","M","M","E","?","R","B",null],"character_chosen":"DEFECT","items_purchased":["Panache","Bag of Marbles","Trip"],"campfire_rested":4,"item_purchase_floors":[12,38,38],"current_hp_per_floor":[69,69,69,69,68,38,34,34,34,34,46,46,46,46,46,31,75,64,64,58,58,58,40,40,33,33,55,46,68,55,55,75,72,75,75,75,75,75,72,65,65,65,65,49,49,49,49,49,71,49],"gold":316,"neow_bonus":"BOSS_RELIC","is_prod":false,"is_daily":false,"chose_seed":false,"campfire_upgraded":5,"win_rate":0,"timestamp":1551104220,"path_taken":["M","?","?","?","M","E","M","R","T","R","M","?","M","E","R","BOSS","M","?","M","?","M","E","R","M","T","R","E","R","E","?","R","BOSS","M","?","M","$","M","E","M","R","T","E","M","?","E","?","R","BOSS"],"build_version":"2019-01-23","purchased_purges":2,"victory":true,"max_hp_per_floor":[75,75,75,75,75,75,75,75,75,75,75,75,75,75,75,75,75,75,75,75,75,75,75,75,75,75,75,75,75,75,75,75,75,75,75,75,75,75,75,75,75,75,75,75,75,75,75,75,75,75],"card_choices":[{"not_picked":["Compile Driver","Steam"],"picked":"Gash","floor":1.0},{"not_picked":["Rebound","Cold Snap"],"picked":"Leap","floor":4.0},{"not_picked":["Ball Lightning","Compile Driver","Barrage"],"picked":"SKIP","floor":5.0},{"not_picked":["Capacitor","Lockon","Ball Lightning"],"picked":"SKIP","floor":6.0},{"not_picked":["Stack","Reprogram","Glacier"],"picked":"SKIP","floor":7.0},{"not_picked":["Thunder Strike","Steam Power"],"picked":"Gash","floor":11.0},{"not_picked":["Glacier","Hello World"],"picked":"Steam","floor":13.0},{"not_picked":["Compile Driver","Chaos","Stack"],"picked":"SKIP","floor":14.0},{"not_picked":["Multi-Cast","Reboot"],"picked":"Fission","floor":16.0},{"not_picked":["Conserve Battery","Hologram"],"picked":"FTL","floor":18.0},{"not_picked":["Redo","Rip and Tear","Blizzard+1"],"picked":"SKIP","floor":20.0},{"not_picked":["Genetic Algorithm","Coolheaded"],"picked":"Gash","floor":22.0},{"not_picked":["Loop","Fusion+1","Turbo"],"picked":"SKIP","floor":23.0},{"not_picked":["Conserve Battery","Defragment","Stack+1"],"picked":"SKIP","floor":25.0},{"not_picked":["Core Surge","Aggregate","Redo+1"],"picked":"SKIP","floor":28.0},{"not_picked":["Chaos","Compile Driver"],"picked":"Scrape+1","floor":30.0},{"not_picked":["Genetic Algorithm","White Noise"],"picked":"Gash","floor":34.0},{"not_picked":["Conserve Battery+1","Storm+1"],"picked":"Beam Cell","floor":34.0},{"not_picked":["Glacier","Coolheaded"],"picked":"BootSequence","floor":34.0},{"not_picked":["Ball Lightning+1","Redo+1"],"picked":"Scrape","floor":35.0},{"not_picked":["Redo+1","Thunder Strike","Double Energy"],"picked":"SKIP","floor":37.0},{"not_picked":["Cold Snap+1","Darkness","Stack+1"],"picked":"SKIP","floor":39.0},{"not_picked":["Reprogram+1","Leap+1"],"picked":"Coolheaded+1","floor":40.0},{"not_picked":["Stack+1","Ball Lightning"],"picked":"FTL","floor":41.0},{"not_picked":["Heatsinks+1","Conserve Battery+1"],"picked":"Steam","floor":44},{"not_picked":["Redo","Tempest+1","Chaos"],"picked":"SKIP","floor":45},{"not_picked":["Tempest+1","Loop"],"picked":"Gash+1","floor":46},{"not_picked":["Buffer","FTL"],"picked":"Gash","floor":47},{"not_picked":["Enlightenment","Dramatic Entrance"],"picked":"Flash of Steel","floor":48}],"player_experience":894632,"relics_obtained":[{"floor":6.0,"key":"Nunchaku"},{"floor":9.0,"key":"Ornamental Fan"},{"floor":14.0,"key":"Bag of Preparation"},{"floor":23.0,"key":"Pantograph"},{"floor":26.0,"key":"Dodecahedron"},{"floor":28.0,"key":"MawBank"},{"floor":30.0,"key":"Cables"},{"floor":40.0,"key":"Meat on the Bone"},{"floor":43.0,"key":"Oddly Smooth Stone"},{"floor":44,"key":"Shuriken"},{"floor":47,"key":"Emotion Chip"}],"event_choices":[{"damage_healed":0.0,"max_hp_gain":0.0,"max_hp_loss":0.0,"gold_gain":0.0,"event_name":"Liars Game","player_choice":"Ignored","floor":2.0,"gold_loss":0.0,"damage_taken":0.0},{"cards_removed":["Strike_B"],"damage_healed":0.0,"max_hp_gain":0.0,"max_hp_loss":0.0,"gold_gain":0.0,"event_name":"Bonfire Elementals","player_choice":"Offered Basic","floor":3.0,"gold_loss":0.0,"damage_taken":0.0},{"damage_healed":0.0,"max_hp_gain":0.0,"max_hp_loss":0.0,"gold_gain":0.0,"event_name":"Vampires","player_choice":"Ignored","floor":21.0,"gold_loss":0.0,"damage_taken":0.0},{"cards_removed":["Fusion"],"damage_healed":0.0,"max_hp_gain":0.0,"max_hp_loss":0.0,"gold_gain":0.0,"event_name":"Beggar","player_choice":"Gave Gold","floor":31.0,"gold_loss":75.0,"damage_taken":0.0},{"damage_healed":0.0,"max_hp_gain":0.0,"max_hp_loss":0.0,"gold_gain":0.0,"event_name":"SecretPortal","player_choice":"Ignored","floor":36.0,"gold_loss":0.0,"damage_taken":0.0},{"damage_healed":0,"gold_gain":0,"player_choice":"Memory 1","damage_taken":0,"max_hp_gain":0,"max_hp_loss":0,"event_name":"SensoryStone","floor":48,"gold_loss":0}],"is_beta":false,"boss_relics":[{"not_picked":["Velvet Choker","Snecko Eye"],"picked":"Nuclear Battery"},{"not_picked":["Pandora\u0027s Box","Runic Dome"],"picked":"Orrery"}],"items_purged_floors":[12,19],"is_endless":false,"potions_floor_spawned":[6,11,18,22,23,33,35,40,44],"ascension_level":0}