{"gold_per_floor":[117,135,155,82,82,82,112,112,166,166,139,159,174,189,189,189],"floor_reached":16,"playtime":1200,"items_purged":[],"score":104,"play_id":"eca2e5bb-17e0-43be-b58b-548f1567c0ac","local_time":"20190104003702","is_ascension_mode":false,"campfire_choices":[{"data":"Dualcast","floor":6,"key":"SMITH"},{"data":"Zap","floor":8,"key":"SMITH"},{"data":"Genetic Algorithm","floor":15,"key":"SMITH"}],"neow_cost":"NONE","seed_source_timestamp":13212660540853,"circlet_count":0,"master_deck":["Strike_B","Strike_B","Strike_B","Strike_B","Defend_B+1","Defend_B","Defend_B","Defend_B","Zap+1","Dualcast+1","Compile Driver","Cold Snap","Auto Shields","Self Repair+1","Regret","Stack","Darkness","Genetic Algorithm+1","Gash","All For One"],"relics":["Cracked Core","Bag of Marbles","Blood Vial","PreservedInsect"],"potions_floor_usage":[],"damage_taken":[{"damage":5,"enemies":"Small Slimes","floor":1,"turns":4},{"damage":6,"enemies":"Jaw Worm","floor":2,"turns":2},{"damage":0,"enemies":"2 Louse","floor":3,"turns":1},{"damage":24,"enemies":"Lagavulin","floor":7,"turns":8},{"damage":9,"enemies":"Exordium Thugs","floor":11,"turns":5},{"damage":13,"enemies":"Gremlin Gang","floor":12,"turns":4},{"damage":6,"enemies":"2 Fungi Beasts","floor":13,"turns":3},{"damage":4,"enemies":"Red Slaver","floor":14,"turns":3},{"damage":49,"enemies":"Hexaghost","floor":16,"turns":14}],"seed_played":"-2007885182854973952","potions_obtained":[{"floor":2,"key":"Swift Potion"},{"floor":3,"key":"SpeedPotion"},{"floor":13,"key":"PowerPotion"},{"floor":14,"key":"Energy Potion"}],"is_trial":false,"path_per_floor":["M","M","M","$","?","R","E","R","T","?","M","M","M","M","R","B"],"character_chosen":"DEFECT","items_purchased":["Self Repair"],"campfire_rested":0,"item_purchase_floors":[4],"current_hp_per_floor":[77,71,71,71,71,71,54,54,54,38,41,40,46,44,44,0],"gold":189,"neow_bonus":"TEN_PERCENT_HP_BONUS","is_prod":false,"is_daily":false,"chose_seed":false,"campfire_upgraded":3,"win_rate":0.0,"timestamp":1546533422,"path_taken":["M","M","M","$","?","R","E","R","T","?","M","M","M","M","R","BOSS"],"build_version":"2018-12-20","purchased_purges":0,"victory":false,"max_hp_per_floor":[82,82,82,82,82,82,82,82,82,82,82,82,82,82,82,82],"card_choices":[{"not_picked":["Consume","Leap"],"picked":"Compile Driver","floor":1},{"not_picked":["Sweeping Beam","Static Discharge"],"picked":"Cold Snap","floor":2},{"not_picked":["Go for the Eyes","Barrage"],"picked":"Auto Shields","floor":3},{"not_picked":["Lockon","Machine Learning"],"picked":"Stack","floor":7},{"not_picked":["Stack","Coolheaded"],"picked":"Darkness","floor":11},{"not_picked":["Aggregate","Consume"],"picked":"Genetic Algorithm","floor":12},{"not_picked":["Consume","Blizzard"],"picked":"Gash","floor":13},{"not_picked":["Rip and Tear","Gash"],"picked":"All For One","floor":14}],"player_experience":11676,"relics_obtained":[{"floor":7,"key":"Blood Vial"},{"floor":9,"key":"PreservedInsect"}],"event_choices":[{"damage_healed":0,"gold_gain":0,"player_choice":"Box","damage_taken":0,"relics_obtained":["Bag of Marbles"],"max_hp_gain":0,"max_hp_loss":0,"event_name":"Big Fish","floor":5,"gold_loss":0,"cards_obtained":["Regret"]},{"damage_healed":0,"gold_gain":0,"player_choice":"Entered Light","damage_taken":16,"max_hp_gain":0,"max_hp_loss":0,"event_name":"Shining Light","floor":10,"gold_loss":0,"cards_upgraded":["Self Repair","Defend_B"]}],"is_beta":false,"boss_relics":[],"items_purged_floors":[],"is_endless":false,"potions_floor_spawned":[2,3,13,14],"killed_by":"Hexaghost","ascension_level":0}