{"gold_per_floor":[112,129,79,125,54,54,84,99,99,119,119,119,119,44,44,148,148,164,15,31,41,58,58,71,71,98,98,98,112,112,112,112,210,210,223,323,323,342,342,11,0,0,0,0,10,10,10,23,23,23],"floor_reached":51,"playtime":2963,"items_purged":["Strike_G","Strike_G","Pain"],"score":618,"play_id":"32ba3ce0-e599-4ceb-918e-2eedead10f15","local_time":"20181118202221","is_ascension_mode":false,"campfire_choices":[{"data":"Glass Knife","floor":6,"key":"SMITH"},{"data":"Deadly Poison","floor":11,"key":"SMITH"},{"data":"Deadly Poison","floor":13,"key":"SMITH"},{"data":"Leg Sweep","floor":15,"key":"SMITH"},{"data":"Adrenaline","floor":23,"key":"SMITH"},{"data":"Blur","floor":25,"key":"SMITH"},{"data":"Poisoned Stab","floor":28,"key":"SMITH"},{"data":"Backflip","floor":30,"key":"SMITH"},{"floor":32,"key":"REST"},{"data":"Defend_G","floor":44,"key":"PURGE"},{"data":"Defend_G","floor":46,"key":"PURGE"},{"data":"Defend_G","floor":47,"key":"PURGE"},{"data":"Defend_G","floor":49,"key":"PURGE"}],"neow_cost":"PERCENT_DAMAGE","seed_source_timestamp":30645573243999,"circlet_count":0,"master_deck":["Defend_G","Survivor","Neutralize","Deadly Poison+1","Backflip+1","Glass Knife+1","Leg Sweep+1","Deadly Poison+1","Deflect","Adrenaline+1","Blur+1","Poisoned Stab+1","Dash+1","Deflect+1","Caltrops+1","After Image","Blur","Dodge and Roll+1","Caltrops+1"],"relics":["Ring of the Snake","Centennial Puzzle","WingedGreaves","Question Card","White Beast Statue","Boot","Cursed Key","Peace Pipe","Prayer Wheel","Toy Ornithopter","Red Mask"],"potions_floor_usage":[20,21,22,24,24,33,33,33,45,48,50],"damage_taken":[{"damage":0,"enemies":"2 Louse","floor":1,"turns":4},{"damage":3,"enemies":"Jaw Worm","floor":2,"turns":6},{"damage":13,"enemies":"Lagavulin","floor":7,"turns":6},{"damage":0,"enemies":"Cultist","floor":8,"turns":3},{"damage":7,"enemies":"Blue Slaver","floor":10,"turns":3},{"damage":14,"enemies":"Hexaghost","floor":16,"turns":8},{"damage":2,"enemies":"Shell Parasite","floor":18,"turns":4},{"damage":2,"enemies":"3 Byrds","floor":20,"turns":4},{"damage":0,"enemies":"Snake Plant","floor":21,"turns":3},{"damage":7,"enemies":"Snecko","floor":22,"turns":6},{"damage":8,"enemies":"3 Cultists","floor":24,"turns":6},{"damage":0,"enemies":"Snake Plant","floor":29,"turns":3},{"damage":54,"enemies":"Collector","floor":33,"turns":10},{"damage":0,"enemies":"Orb Walker","floor":35,"turns":4},{"damage":26,"enemies":"Mind Bloom Boss Battle","floor":36,"turns":6},{"damage":0,"enemies":"3 Shapes","floor":38,"turns":7},{"damage":0,"enemies":"Jaw Worm Horde","floor":45,"turns":6},{"damage":0,"enemies":"4 Shapes","floor":48,"turns":7},{"damage":3,"enemies":"Awakened One","floor":50,"turns":18}],"seed_played":"9006388112169810785","potions_obtained":[{"floor":8,"key":"Poison Potion"},{"floor":16,"key":"SneckoOil"},{"floor":18,"key":"Fire Potion"},{"floor":20,"key":"SpeedPotion"},{"floor":21,"key":"Explosive Potion"},{"floor":22,"key":"Poison Potion"},{"floor":24,"key":"Explosive Potion"},{"floor":29,"key":"PowerPotion"},{"floor":33,"key":"Dexterity Potion"},{"floor":35,"key":"Poison Potion"},{"floor":36,"key":"Block Potion"},{"floor":45,"key":"GhostInAJar"},{"floor":48,"key":"Block Potion"}],"is_trial":false,"path_per_floor":["M","M","?","T","$","R","E","M","T","M","R","?","R","$","R","B",null,"M","$","M","M","M","R","M","R","T","$","R","M","R","?","R","B",null,"M","?","?","M","T","$","?","?","T","R","M","R","R","M","R","B",null],"character_chosen":"THE_SILENT","items_purchased":["Glass Knife","Poisoned Stab","Toy Ornithopter"],"campfire_rested":1,"item_purchase_floors":[5,19,40],"current_hp_per_floor":[63,60,60,60,60,60,47,47,47,40,40,40,40,40,40,26,84,82,82,80,80,73,73,65,65,65,65,65,65,65,65,84,30,84,84,58,58,58,58,58,58,58,58,58,63,63,63,68,68,70],"gold":23,"neow_bonus":"TWENTY_PERCENT_HP_BONUS","is_prod":false,"is_daily":false,"chose_seed":false,"campfire_upgraded":8,"win_rate":0,"timestamp":1542561741,"path_taken":["M","M","?","?","$","R","E","M","T","?","R","?","R","$","R","BOSS","M","$","M","?","M","R","M","R","T","?","R","M","R","?","R","BOSS","M","?","?","M","?","$","?","?","T","R","?","R","R","M","R","BOSS"],"build_version":"2018-11-15","purchased_purges":3,"victory":true,"max_hp_per_floor":[84,84,84,84,84,84,84,84,84,84,84,84,84,84,84,84,84,84,84,84,84,84,84,84,84,84,84,84,84,84,84,84,84,84,84,84,84,84,84,84,84,84,84,84,84,84,84,84,84,84],"card_choices":[{"not_picked":["Bane","Choke"],"picked":"Deadly Poison","floor":1},{"not_picked":["Flying Knee","Finisher"],"picked":"Backflip","floor":2},{"not_picked":["Underhanded Strike","Reflex"],"picked":"Leg Sweep","floor":7},{"not_picked":["PiercingWail","Bane"],"picked":"Deadly Poison","floor":8},{"not_picked":["Acrobatics","Endless Agony","Cloak And Dagger"],"picked":"Deflect","floor":10},{"not_picked":["Glass Knife","A Thousand Cuts","Doppelganger"],"picked":"Adrenaline","floor":16},{"not_picked":["PiercingWail+1","Reflex+1","Riddle With Holes+1"],"picked":"Blur","floor":18},{"not_picked":["PiercingWail+1","Skewer","Finisher"],"picked":"Dash+1","floor":20},{"not_picked":["Distraction","Leg Sweep","Underhanded Strike+1","Expertise"],"picked":"SKIP","floor":21},{"not_picked":["Flechettes","Blade Dance+1","Finisher","Accuracy"],"picked":"SKIP","floor":22},{"not_picked":["Dagger Throw+1","Eviscerate","Heel Hook"],"picked":"Deflect+1","floor":24},{"not_picked":["All Out Attack+1","Backflip","Dodge and Roll"],"picked":"Caltrops+1","floor":29},{"not_picked":["Venomology","Envenom","Storm of Steel"],"picked":"After Image","floor":33},{"not_picked":["Quick Slash","Escape Plan+1","Outmaneuver"],"picked":"Blur","floor":35},{"not_picked":["Reflex","Infinite Blades","Backstab"],"picked":"Dodge and Roll+1","floor":36},{"not_picked":["Bane+1","Backflip","Flechettes","Underhanded Strike+1"],"picked":"SKIP","floor":38},{"not_picked":["Poisoned Stab","Skewer+1","Choke+1","Slice"],"picked":"SKIP","floor":45},{"not_picked":["Dodge and Roll","Accuracy+1","Slice+1","Predator+1"],"picked":"SKIP","floor":45},{"not_picked":["Underhanded Strike+1","Deadly Poison","Quick Slash+1"],"picked":"Caltrops+1","floor":48},{"not_picked":["Setup+1","PiercingWail","Acrobatics","Predator"],"picked":"SKIP","floor":48}],"player_experience":182576,"relics_obtained":[{"floor":4,"key":"Centennial Puzzle"},{"floor":7,"key":"WingedGreaves"},{"floor":9,"key":"Question Card"},{"floor":26,"key":"Boot"},{"floor":36,"key":"Peace Pipe"},{"floor":39,"key":"Prayer Wheel"}],"event_choices":[{"cards_removed":["Strike_G"],"damage_healed":0,"gold_gain":0,"player_choice":"Card Removal","damage_taken":0,"max_hp_gain":0,"max_hp_loss":0,"event_name":"The Cleric","floor":3,"gold_loss":50},{"cards_removed":["Strike_G"],"damage_healed":0,"gold_gain":0,"player_choice":"Card Removal","damage_taken":0,"max_hp_gain":0,"max_hp_loss":0,"event_name":"Wheel of Change","floor":12,"gold_loss":0},{"damage_healed":0,"gold_gain":0,"player_choice":"Ignored","damage_taken":0,"max_hp_gain":0,"max_hp_loss":0,"event_name":"Ghosts","floor":31,"gold_loss":0},{"damage_healed":0,"gold_gain":0,"player_choice":"Fight","damage_taken":0,"max_hp_gain":0,"max_hp_loss":0,"event_name":"MindBloom","floor":36,"gold_loss":0},{"damage_healed":0,"gold_gain":0,"player_choice":"Ignored","damage_taken":0,"max_hp_gain":0,"max_hp_loss":0,"event_name":"Mysterious Sphere","floor":37,"gold_loss":0},{"damage_healed":0,"gold_gain":0,"player_choice":"Paid","damage_taken":0,"relics_obtained":["Red Mask"],"max_hp_gain":0,"max_hp_loss":0,"event_name":"Tomb of Lord Red Mask","floor":41,"gold_loss":11},{"cards_removed":["Strike_G"],"damage_healed":0,"gold_gain":0,"player_choice":"Removed Attack","damage_taken":0,"max_hp_gain":0,"max_hp_loss":0,"event_name":"Falling","floor":42,"gold_loss":0}],"is_beta":false,"boss_relics":[{"not_picked":["Orrery","Fusion Hammer"],"picked":"White Beast Statue"},{"not_picked":["Tiny House","Eternal Feather"],"picked":"Cursed Key"}],"items_purged_floors":[14,19,40],"is_endless":false,"potions_floor_spawned":[8,16,18,20,21,22,24,29,33,35,36,38,45,48],"ascension_level":0}