{"gold_per_floor":[111,111,111,111,124,153,170,170,196,196,216,230,261,287,287,387,387,406,406,24,24,24,24,58,58,107,135,172,284,296,323,335,449,461,489,501,523,81,81,81],"floor_reached":40,"playtime":5812,"items_purged":["Decay"],"score":508,"play_id":"8007e4af-d6dd-4aaf-ab5e-e64629885015","local_time":"20190501064051","is_ascension_mode":false,"campfire_choices":[{"data":"Bash","floor":8,"key":"SMITH"},{"floor":15,"key":"REST"},{"data":"Anger","floor":23,"key":"SMITH"},{"data":"Flame Barrier","floor":25,"key":"SMITH"},{"data":"Cleave","floor":30,"key":"SMITH"},{"data":"Double Tap","floor":32,"key":"SMITH"}],"neow_cost":"NONE","seed_source_timestamp":6605794081295,"circlet_count":0,"master_deck":["Strike_R+1","Strike_R+1","Strike_R+1","Strike_R+1","Strike_R+1","Defend_R+1","Defend_R+1","Defend_R+1","Defend_R+1","Bash+1","Heavy Blade+1","Shockwave+1","Intimidate","Headbutt","Anger+1","Flame Barrier+1","Second Wind","Dark Embrace+1","Thunderclap","Inflame+1","Iron Wave","Shame","Juggernaut+1","Corruption+1","Shrug It Off","Cleave+1","Double Tap+1","Demon Form+1","Parasite","Doubt","Pommel Strike","Seeing Red","Metallicize+1","Dark Shackles","Blind","Panache+1"],"relics":["Burning Blood","NeowsBlessing","Lantern","CultistMask","Juzu Bracelet","Strawberry","Frozen Egg 2","Odd Mushroom","Anchor","Potion Belt","Black Star","Orichalcum","Regal Pillow","Centennial Puzzle","Smiling Mask","Du-Vu Doll","MawBank","Red Mask","Pocketwatch","Kunai","Calling Bell","Darkstone Periapt","Bag of Marbles","Girya","PrismaticShard"],"potions_floor_usage":[7,11,13,16,24,33,33,40,40],"damage_taken":[{"damage":0,"enemies":"Jaw Worm","floor":1,"turns":1},{"damage":0,"enemies":"2 Louse","floor":5,"turns":1},{"damage":0,"enemies":"Lagavulin","floor":6,"turns":1},{"damage":6,"enemies":"Cultist","floor":7,"turns":3},{"damage":36,"enemies":"The Mushroom Lair","floor":11,"turns":5},{"damage":1,"enemies":"3 Louse","floor":12,"turns":4},{"damage":17,"enemies":"Gremlin Nob","floor":13,"turns":5},{"damage":24,"enemies":"Slime Boss","floor":16,"turns":7},{"damage":19,"enemies":"3 Byrds","floor":18,"turns":7},{"damage":7,"enemies":"Slavers","floor":24,"turns":5},{"damage":5,"enemies":"2 Thieves","floor":27,"turns":3},{"damage":13,"enemies":"Masked Bandits","floor":28,"turns":4},{"damage":4,"enemies":"Colosseum Slavers","floor":29,"turns":3},{"damage":11,"enemies":"Colosseum Nobs","floor":29,"turns":5},{"damage":6,"enemies":"Centurion and Healer","floor":31,"turns":6},{"damage":51,"enemies":"Collector","floor":33,"turns":10},{"damage":0,"enemies":"3 Darklings","floor":35,"turns":3},{"damage":50,"enemies":"3 Shapes","floor":37,"turns":5},{"damage":36,"enemies":"Reptomancer","floor":40,"turns":2}],"seed_played":"512096675823493231","potions_obtained":[{"floor":5,"key":"PowerPotion"},{"floor":6,"key":"Regen Potion"},{"floor":12,"key":"Dexterity Potion"},{"floor":13,"key":"PowerPotion"},{"floor":16,"key":"Strength Potion"},{"floor":28,"key":"FearPotion"},{"floor":29,"key":"Poison Potion"},{"floor":33,"key":"Weak Potion"}],"is_trial":false,"path_per_floor":["M","?","?","?","M","E","M","R","T","?","?","M","E","T","R","B",null,"M","?","$","?","?","R","E","R","T","M","?","?","R","M","R","B",null,"M","?","M","$","?","E"],"character_chosen":"IRONCLAD","items_purchased":["Inflame+1","Orichalcum","Regal Pillow","PrismaticShard","EssenceOfSteel","SteroidPotion","Metallicize+1"],"campfire_rested":1,"item_purchase_floors":[20,20,20,38,38,38,38],"current_hp_per_floor":[80,55,55,55,61,67,67,67,74,74,58,63,52,52,78,60,87,74,74,74,74,74,74,73,73,73,74,67,64,64,64,64,19,87,87,87,43,43,33,0],"gold":81,"neow_bonus":"THREE_ENEMY_KILL","is_prod":false,"is_daily":false,"chose_seed":false,"campfire_upgraded":5,"win_rate":0.0,"timestamp":1556707251,"path_taken":["M","?","?","?","M","E","M","R","T","?","?","M","E","?","R","BOSS","M","?","$","?","?","R","E","R","T","M","?","?","R","M","R","BOSS","M","?","M","$","?","E"],"build_version":"2019-01-23","purchased_purges":1,"victory":false,"max_hp_per_floor":[80,80,80,80,80,80,80,80,87,87,87,87,87,87,87,87,87,87,87,87,87,87,87,87,87,87,87,87,87,87,87,87,87,87,87,87,87,87,87,87],"card_choices":[{"not_picked":["Ghostly Armor","Thunderclap"],"picked":"Heavy Blade","floor":1},{"not_picked":["Rage","Shrug It Off"],"picked":"Shockwave","floor":5},{"not_picked":["Brutality","Bloodletting"],"picked":"Intimidate","floor":6},{"not_picked":["Clash","Twin Strike"],"picked":"Headbutt","floor":7},{"not_picked":["Body Slam","Barricade+1"],"picked":"Anger","floor":11},{"not_picked":["Twin Strike","Cleave"],"picked":"Flame Barrier","floor":12},{"not_picked":["Sword Boomerang","Warcry"],"picked":"Second Wind","floor":13},{"not_picked":["Berserk+1","Fiend Fire"],"picked":"Dark Embrace+1","floor":16},{"not_picked":["Hemokinesis","Flame Barrier+1"],"picked":"Thunderclap","floor":18},{"not_picked":["Thunderclap","Sword Boomerang+1"],"picked":"Juggernaut+1","floor":24},{"not_picked":["Flex","Warcry"],"picked":"Corruption+1","floor":27},{"not_picked":["Twin Strike+1","Perfected Strike"],"picked":"Shrug It Off","floor":28},{"not_picked":["Headbutt","Body Slam"],"picked":"Cleave","floor":29},{"not_picked":["Anger","Perfected Strike"],"picked":"Double Tap","floor":31},{"not_picked":["Juggernaut+1","Impervious"],"picked":"Demon Form+1","floor":33},{"not_picked":["Clothesline","Armaments+1"],"picked":"Pommel Strike","floor":35},{"not_picked":["Armaments","Carnage"],"picked":"Seeing Red","floor":37},{"not_picked":["Purity","Panache+1"],"picked":"Dark Shackles","floor":39},{"not_picked":["Trip","Mind Blast"],"picked":"Blind","floor":39},{"not_picked":["Chrysalis","Transmutation"],"picked":"Panache+1","floor":39}],"player_experience":34729,"relics_obtained":[{"floor":6,"key":"Juzu Bracelet"},{"floor":9,"key":"Strawberry"},{"floor":11,"key":"Odd Mushroom"},{"floor":13,"key":"Anchor"},{"floor":14,"key":"Potion Belt"},{"floor":24,"key":"Smiling Mask"},{"floor":24,"key":"Du-Vu Doll"},{"floor":26,"key":"MawBank"},{"floor":28,"key":"Red Mask"},{"floor":29,"key":"Pocketwatch"},{"floor":29,"key":"Kunai"},{"floor":34,"key":"Darkstone Periapt"},{"floor":34,"key":"Bag of Marbles"},{"floor":34,"key":"Girya"}],"event_choices":[{"damage_healed":0,"gold_gain":0,"player_choice":"Success","damage_taken":25,"relics_obtained":["Lantern"],"max_hp_gain":0,"max_hp_loss":0,"event_name":"Scrap Ooze","floor":2,"gold_loss":0},{"damage_healed":0,"gold_gain":0,"player_choice":"Grow","damage_taken":0,"max_hp_gain":0,"max_hp_loss":0,"event_name":"Living Wall","floor":3,"gold_loss":0,"cards_upgraded":["Heavy Blade"]},{"damage_healed":0,"gold_gain":0,"player_choice":"Trade","damage_taken":0,"relics_obtained":["CultistMask"],"max_hp_gain":0,"max_hp_loss":0,"event_name":"FaceTrader","floor":4,"gold_loss":0},{"damage_healed":0,"gold_gain":0,"player_choice":"Box","damage_taken":0,"relics_obtained":["Frozen Egg 2"],"max_hp_gain":0,"max_hp_loss":0,"event_name":"Big Fish","floor":10,"gold_loss":0,"cards_obtained":["Regret"]},{"damage_healed":0,"gold_gain":0,"player_choice":"Fought Mushrooms","damage_taken":0,"max_hp_gain":0,"max_hp_loss":0,"event_name":"Mushrooms","floor":11,"gold_loss":0},{"damage_healed":0,"gold_gain":0,"player_choice":"Simplicity","damage_taken":0,"max_hp_gain":0,"max_hp_loss":0,"event_name":"Back to Basics","floor":19,"gold_loss":0,"cards_upgraded":["Strike_R","Strike_R","Strike_R","Strike_R","Strike_R","Defend_R","Defend_R","Defend_R","Defend_R"]},{"cards_removed":["Regret"],"damage_healed":0,"gold_gain":0,"player_choice":"Took Card","damage_taken":0,"max_hp_gain":0,"max_hp_loss":0,"event_name":"NoteForYourself","floor":21,"gold_loss":0,"cards_obtained":["Iron Wave"]},{"damage_healed":0,"gold_gain":0,"player_choice":"Stole Relic","damage_taken":0,"relics_obtained":["Centennial Puzzle"],"max_hp_gain":0,"max_hp_loss":0,"event_name":"Addict","floor":22,"gold_loss":0,"cards_obtained":["Shame"]},{"damage_healed":0,"gold_gain":0,"player_choice":"Fought Bandits","damage_taken":0,"max_hp_gain":0,"max_hp_loss":0,"event_name":"Masked Bandits","floor":28,"gold_loss":0},{"damage_healed":0,"gold_gain":0,"player_choice":"Fight","damage_taken":0,"max_hp_gain":0,"max_hp_loss":0,"event_name":"Colosseum","floor":29,"gold_loss":0},{"damage_healed":0,"gold_gain":0,"player_choice":"Fought Nobs","damage_taken":0,"max_hp_gain":0,"max_hp_loss":0,"event_name":"Colosseum","floor":29,"gold_loss":0},{"damage_healed":0,"gold_gain":0,"player_choice":"Forge","damage_taken":0,"max_hp_gain":0,"max_hp_loss":0,"event_name":"Accursed Blacksmith","floor":36,"gold_loss":0,"cards_upgraded":["Shockwave"]},{"damage_healed":0,"gold_gain":0,"player_choice":"Memory 3","damage_taken":10,"max_hp_gain":0,"max_hp_loss":0,"event_name":"SensoryStone","floor":39,"gold_loss":0}],"is_beta":false,"boss_relics":[{"not_picked":["Coffee Dripper","Ectoplasm"],"picked":"Black Star"},{"not_picked":["Black Blood","Runic Dome"],"picked":"Calling Bell"}],"items_purged_floors":[38],"is_endless":false,"potions_floor_spawned":[5,6,12,13,16,28,29,29,33],"killed_by":"Reptomancer","ascension_level":0}