{"gold_per_floor":[119,131,147,164,239,239,23,23,76,76,88,118,118,153,153,227,227,240,510,529,139,139],"floor_reached":22,"playtime":993,"items_purged":["Strike_G","Underhanded Strike"],"score":349,"play_id":"5aedfb2e-08a0-4fd2-a971-f0ab98ca0fc0","local_time":"20190429230335","is_ascension_mode":true,"campfire_choices":[{"data":"Deadly Poison","floor":6,"key":"SMITH"},{"data":"Footwork","floor":8,"key":"SMITH"},{"data":"Dagger Spray","floor":10,"key":"SMITH"},{"floor":13,"key":"REST"},{"data":"Crippling Poison","floor":15,"key":"SMITH"}],"neow_cost":"NONE","seed_source_timestamp":1562702499056987,"circlet_count":0,"master_deck":["AscendersBane","Survivor","Neutralize","Backflip","Deadly Poison+1","Dash","Dagger Spray+1","Footwork+1","Acrobatics","Blade Dance","Crippling Poison+1","PiercingWail","Envenom","Grand Finale","Cloak And Dagger","Blade Dance","Deadly Poison","Glass Knife","Flying Knee","Backstab","Burst","Catalyst","Acrobatics"],"relics":["Ring of the Snake","Whetstone","Pen Nib","Regal Pillow","Ancient Tea Set","Pandora\u0027s Box","TheAbacus"],"potions_floor_usage":[12,14,18,20,22],"damage_taken":[{"damage":4,"enemies":"Small Slimes","floor":1,"turns":3},{"damage":0,"enemies":"Cultist","floor":2,"turns":3},{"damage":1,"enemies":"Jaw Worm","floor":3,"turns":4},{"damage":1,"enemies":"3 Louse","floor":4,"turns":4},{"damage":0,"enemies":"Blue Slaver","floor":11,"turns":4},{"damage":22,"enemies":"Gremlin Nob","floor":12,"turns":4},{"damage":6,"enemies":"3 Sentries","floor":14,"turns":8},{"damage":3,"enemies":"The Guardian","floor":16,"turns":12},{"damage":20,"enemies":"Spheric Guardian","floor":18,"turns":4},{"damage":5,"enemies":"Shell Parasite","floor":20,"turns":6},{"damage":0,"enemies":"3 Cultists","floor":22,"turns":2}],"seed_played":"4202759630605650643","potions_obtained":[{"floor":2,"key":"SpeedPotion"},{"floor":4,"key":"Poison Potion"},{"floor":12,"key":"Energy Potion"},{"floor":18,"key":"EssenceOfSteel"},{"floor":20,"key":"EntropicBrew"}],"is_trial":false,"path_per_floor":["M","M","M","M","?","R","$","R","T","R","M","E","R","E","R","B",null,"M","?","M","$","M"],"character_chosen":"THE_SILENT","items_purchased":["Footwork","Acrobatics","TheAbacus","GhostInAJar"],"campfire_rested":1,"item_purchase_floors":[7,7,21,21],"current_hp_per_floor":[55,55,54,53,42,42,42,42,42,42,42,20,54,48,48,45,61,41,17,12,12,12],"gold":139,"neow_bonus":"RANDOM_COMMON_RELIC","is_prod":false,"is_daily":false,"chose_seed":false,"campfire_upgraded":4,"win_rate":0,"timestamp":1556546615,"path_taken":["M","M","M","M","?","R","$","R","T","R","M","E","R","E","R","BOSS","M","?","M","$","M"],"build_version":"2019-01-23","purchased_purges":2,"victory":false,"max_hp_per_floor":[66,66,66,66,66,66,66,66,66,66,66,66,66,66,66,66,66,66,66,66,66,66],"card_choices":[{"not_picked":["Slice","Dagger Spray"],"picked":"Backflip","floor":1},{"not_picked":["Infinite Blades","Caltrops"],"picked":"Deadly Poison","floor":2},{"not_picked":["Acrobatics","Dodge and Roll"],"picked":"Dash","floor":3},{"not_picked":["Deflect","Blade Dance"],"picked":"Dagger Spray","floor":4},{"not_picked":["Dagger Spray","PiercingWail"],"picked":"Blade Dance","floor":11},{"not_picked":["Reflex","Prepared"],"picked":"Crippling Poison","floor":12},{"not_picked":["Reflex","Bane"],"picked":"PiercingWail","floor":14},{"not_picked":["Bullet Time","Grand Finale"],"picked":"Envenom","floor":16},{"not_picked":["Slice","Reflex"],"picked":"Catalyst","floor":18},{"not_picked":["Dagger Spray","Outmaneuver"],"picked":"Acrobatics","floor":20}],"player_experience":727177,"relics_obtained":[{"floor":9,"key":"Pen Nib"},{"floor":12,"key":"Regal Pillow"},{"floor":14,"key":"Ancient Tea Set"}],"event_choices":[{"damage_healed":0,"gold_gain":75,"player_choice":"Gather Gold","damage_taken":11,"max_hp_gain":0,"max_hp_loss":0,"event_name":"World of Goop","floor":5,"gold_loss":0},{"damage_healed":0,"gold_gain":270,"player_choice":"GOLD GOLD GOLD ","damage_taken":24,"max_hp_gain":0,"max_hp_loss":0,"event_name":"Knowing Skull","floor":19,"potions_obtained":[],"gold_loss":0,"cards_obtained":[]}],"is_beta":false,"boss_relics":[{"not_picked":["Runic Pyramid","Ring of the Serpent"],"picked":"Pandora\u0027s Box"}],"items_purged_floors":[7,21],"is_endless":false,"potions_floor_spawned":[2,4,11,12,18,20],"killed_by":"3 Cultists","ascension_level":16}