{"gold_per_floor":[112,131,146,44,56,85,85,160,210,210,237,249,274,287,287,386,386,400,400,412,423,442,442,471,471,471,20,20,20,35,47,47,142,142,157,0,0,0,17,42,42,76,76,88,38,38,55,72,72,72],"floor_reached":51,"playtime":1922,"items_purged":["Strike_R","Madness"],"score":774,"play_id":"2e06f591-f85b-4fb7-ac8a-eb942858cca4","local_time":"20190502140728","is_ascension_mode":false,"campfire_choices":[{"data":"Carnage","floor":7,"key":"SMITH"},{"data":"Bash","floor":10,"key":"SMITH"},{"data":"Clothesline","floor":15,"key":"SMITH"},{"data":"Immolate","floor":23,"key":"SMITH"},{"data":"Immolate","floor":25,"key":"SMITH"},{"data":"Disarm","floor":28,"key":"SMITH"},{"data":"Corruption","floor":32,"key":"SMITH"},{"data":"Shockwave","floor":41,"key":"SMITH"},{"data":"Clothesline","floor":46,"key":"SMITH"},{"data":"Spot Weakness","floor":49,"key":"SMITH"}],"neow_cost":"PERCENT_DAMAGE","seed_source_timestamp":1738901155510500,"circlet_count":0,"master_deck":["Strike_R","Strike_R","Strike_R","Strike_R","Defend_R","Defend_R","Defend_R","Defend_R","Bash+1","True Grit","Intimidate","Disarm+1","Cleave","Pommel Strike","Carnage+1","Anger","Clothesline+1","Spot Weakness+1","Immolate+1","Immolate+1","Shrug It Off+1","Clothesline+1","Twin Strike","Corruption+1","Shockwave+1","Seeing Red+1","Immolate","Burning Pact+1","Madness","Shrug It Off+1","Power Through","Reaper","Sentinel+1","Shrug It Off+1","True Grit+1"],"relics":["Burning Blood","Pocketwatch","Bottled Lightning","Juzu Bracelet","Smiling Mask","Vajra","Philosopher\u0027s Stone","Orichalcum","Ginger","Shuriken","Lantern","Snecko Eye","Red Mask","The Courier","Boot","Mummified Hand"],"potions_floor_usage":[6,13,16,22,24,33,33,50,50,50],"damage_taken":[{"damage":1,"enemies":"Jaw Worm","floor":1,"turns":3},{"damage":1,"enemies":"2 Louse","floor":2,"turns":4},{"damage":1,"enemies":"Small Slimes","floor":3,"turns":3},{"damage":0,"enemies":"Looter","floor":5,"turns":5},{"damage":12,"enemies":"Gremlin Nob","floor":6,"turns":3},{"damage":21,"enemies":"Lagavulin","floor":11,"turns":6},{"damage":0,"enemies":"Blue Slaver","floor":12,"turns":3},{"damage":13,"enemies":"3 Sentries","floor":13,"turns":4},{"damage":2,"enemies":"Gremlin Gang","floor":14,"turns":5},{"damage":13,"enemies":"Hexaghost","floor":16,"turns":8},{"damage":11,"enemies":"Spheric Guardian","floor":18,"turns":3},{"damage":12,"enemies":"Shell Parasite","floor":20,"turns":3},{"damage":5,"enemies":"Snecko","floor":21,"turns":4},{"damage":8,"enemies":"Snake Plant","floor":22,"turns":4},{"damage":32,"enemies":"Book of Stabbing","floor":24,"turns":6},{"damage":0,"enemies":"3 Cultists","floor":30,"turns":3},{"damage":0,"enemies":"Chosen and Byrds","floor":31,"turns":3},{"damage":49,"enemies":"Automaton","floor":33,"turns":8},{"damage":5,"enemies":"3 Darklings","floor":35,"turns":3},{"damage":3,"enemies":"Orb Walker","floor":39,"turns":2},{"damage":5,"enemies":"Giant Head","floor":40,"turns":5},{"damage":43,"enemies":"Nemesis","floor":42,"turns":7},{"damage":0,"enemies":"3 Darklings","floor":44,"turns":3},{"damage":6,"enemies":"4 Shapes","floor":47,"turns":2},{"damage":8,"enemies":"Jaw Worm Horde","floor":48,"turns":2},{"damage":54,"enemies":"Awakened One","floor":50,"turns":12}],"seed_played":"2902131715618600637","potions_obtained":[{"floor":2,"key":"SteroidPotion"},{"floor":3,"key":"Weak Potion"},{"floor":5,"key":"FearPotion"},{"floor":11,"key":"AttackPotion"},{"floor":14,"key":"PowerPotion"},{"floor":16,"key":"LiquidBronze"},{"floor":21,"key":"SteroidPotion"},{"floor":24,"key":"Regen Potion"},{"floor":30,"key":"Regen Potion"},{"floor":42,"key":"Energy Potion"},{"floor":44,"key":"BloodPotion"}],"is_trial":false,"path_per_floor":["M","M","M","$","M","E","R","?","T","R","E","M","E","M","R","B",null,"M","?","M","M","M","R","E","R","T","$","R","?","M","M","R","B",null,"M","?","?","?","M","E","R","E","T","M","$","R","M","M","R","B",null],"character_chosen":"IRONCLAD","items_purchased":["Cleave","AttackPotion","Shuriken","Lantern"],"campfire_rested":0,"item_purchase_floors":[4,4,27,27],"current_hp_per_floor":[61,66,71,71,77,71,71,60,60,60,45,51,44,48,48,41,80,75,75,69,70,68,68,42,42,42,42,42,42,48,54,54,45,80,80,80,80,70,73,74,74,37,37,64,64,64,80,78,78,56],"gold":72,"neow_bonus":"ONE_RARE_RELIC","is_prod":false,"is_daily":false,"chose_seed":false,"campfire_upgraded":10,"win_rate":1,"timestamp":1556831248,"path_taken":["M","M","M","$","M","E","R","?","T","R","E","M","E","M","R","BOSS","M","?","M","M","M","R","E","R","T","$","R","?","M","M","R","BOSS","M","?","?","?","M","E","R","E","T","M","$","R","M","M","R","BOSS"],"build_version":"2019-01-23","purchased_purges":2,"victory":true,"max_hp_per_floor":[80,80,80,80,80,80,80,80,80,80,80,80,80,80,80,80,80,80,80,80,80,80,80,80,80,80,80,80,80,80,80,80,80,80,80,80,80,80,80,80,80,80,80,80,80,80,80,80,80,80],"card_choices":[{"not_picked":["Second Wind","Rage"],"picked":"True Grit","floor":1},{"not_picked":["Thunderclap","True Grit"],"picked":"Intimidate","floor":2},{"not_picked":["Heavy Blade","Battle Trance"],"picked":"Disarm","floor":3},{"not_picked":["Wild Strike","Ghostly Armor"],"picked":"Pommel Strike","floor":5},{"not_picked":["Wild Strike","Ghostly Armor"],"picked":"Carnage","floor":6},{"not_picked":["Berserk","Dual Wield"],"picked":"Anger","floor":11},{"not_picked":["Armaments","Clash"],"picked":"Clothesline","floor":12},{"not_picked":["Perfected Strike","Shrug It Off"],"picked":"Spot Weakness","floor":13},{"not_picked":["Warcry","Cleave"],"picked":"Immolate","floor":14},{"not_picked":["Double Tap","Exhume"],"picked":"Immolate","floor":16},{"not_picked":["Entrench","Clash+1","Rampage"],"picked":"SKIP","floor":18},{"not_picked":["Disarm","Anger+1"],"picked":"Shrug It Off+1","floor":20},{"not_picked":["Heavy Blade","True Grit"],"picked":"Clothesline","floor":21},{"not_picked":["Cleave","Pummel"],"picked":"Twin Strike","floor":22},{"not_picked":["Flex","Evolve","Reckless Charge+1"],"picked":"SKIP","floor":24},{"not_picked":["Clash","Body Slam"],"picked":"Shockwave","floor":30},{"not_picked":["Iron Wave","Entrench"],"picked":"Seeing Red+1","floor":31},{"not_picked":["Berserk","Brutality"],"picked":"Immolate","floor":33},{"not_picked":["Intimidate","Twin Strike+1"],"picked":"Burning Pact+1","floor":35},{"not_picked":["Body Slam","Clothesline+1"],"picked":"Shrug It Off+1","floor":39},{"not_picked":["Iron Wave+1","Warcry+1"],"picked":"Power Through","floor":40},{"not_picked":["Warcry","True Grit"],"picked":"Reaper","floor":42},{"not_picked":["Iron Wave","Pommel Strike"],"picked":"Sentinel+1","floor":44},{"not_picked":["Thunderclap","Cleave+1"],"picked":"Shrug It Off+1","floor":47},{"not_picked":["Entrench+1","Wild Strike"],"picked":"True Grit+1","floor":48}],"player_experience":697076,"relics_obtained":[{"floor":6,"key":"Bottled Lightning"},{"floor":9,"key":"Juzu Bracelet"},{"floor":11,"key":"Smiling Mask"},{"floor":13,"key":"Vajra"},{"floor":24,"key":"Orichalcum"},{"floor":26,"key":"Ginger"},{"floor":40,"key":"The Courier"},{"floor":42,"key":"Boot"},{"floor":43,"key":"Mummified Hand"}],"event_choices":[{"damage_healed":0,"gold_gain":75,"player_choice":"Gather Gold","damage_taken":11,"max_hp_gain":0,"max_hp_loss":0,"event_name":"World of Goop","floor":8,"gold_loss":0},{"damage_healed":0,"gold_gain":0,"player_choice":"Ignored","damage_taken":0,"max_hp_gain":0,"max_hp_loss":0,"event_name":"Vampires","floor":19,"gold_loss":0},{"damage_healed":0,"gold_gain":0,"player_choice":"Read","damage_taken":0,"max_hp_gain":0,"max_hp_loss":0,"event_name":"The Library","floor":29,"gold_loss":0,"cards_obtained":["Corruption"]},{"damage_healed":0,"gold_gain":0,"player_choice":"Paid","damage_taken":0,"relics_obtained":["Red Mask"],"max_hp_gain":0,"max_hp_loss":0,"event_name":"Tomb of Lord Red Mask","floor":36,"gold_loss":157},{"damage_healed":0,"gold_gain":0,"player_choice":"Ignored","damage_taken":0,"max_hp_gain":0,"max_hp_loss":0,"event_name":"SecretPortal","floor":37,"gold_loss":0},{"damage_healed":0,"gold_gain":0,"player_choice":"Embrace Madness","damage_taken":10,"max_hp_gain":0,"max_hp_loss":0,"event_name":"Winding Halls","floor":38,"gold_loss":0,"cards_obtained":["Madness","Madness"]}],"is_beta":false,"boss_relics":[{"not_picked":["Empty Cage","Fusion Hammer"],"picked":"Philosopher\u0027s Stone"},{"not_picked":["Lizard Tail","Runic Dome"],"picked":"Snecko Eye"}],"items_purged_floors":[27,45],"is_endless":false,"potions_floor_spawned":[2,3,5,11,14,16,21,24,30,31,42,44],"ascension_level":0}