{"gold_per_floor":[112,124,141,158,171,206,206,222,248,266,291,317,317,352,352,454,454,472,472,482,150,150,175,202,202,202,213,243,243,253,286,286,384,384,400,96,113,126,126,158,158,258,258,289,289,304,320,354,354,354,354,354,35,60,60],"floor_reached":56,"playtime":4213,"items_purged":["Strike_B","Defend_B"],"score":1546,"play_id":"611df2bf-076e-4086-97d6-1a7f8a843da5","local_time":"20190122015620","is_ascension_mode":true,"campfire_choices":[{"data":"Zap","floor":7,"key":"SMITH"},{"floor":15,"key":"DIG"},{"data":"Fission","floor":25,"key":"SMITH"},{"data":"Defragment","floor":29,"key":"SMITH"},{"data":"Defragment","floor":32,"key":"SMITH"},{"data":"Defragment","floor":41,"key":"SMITH"},{"floor":45,"key":"RECALL"},{"floor":49,"key":"REST"},{"data":"Seek","floor":52,"key":"SMITH"}],"neow_cost":"PERCENT_DAMAGE","seed_source_timestamp":653450971870987,"circlet_count":0,"master_deck":["Strike_B+1","Defend_B","Defend_B+1","Defend_B+1","Zap+1","Dualcast","Redo","Sunder+1","Sweeping Beam","Cold Snap","Leap","Chaos","Fission+1","Stack","Auto Shields","Ball Lightning","Cold Snap","Ball Lightning","Steam+1","Coolheaded","Stack","Coolheaded","Loop","Electrodynamics","Defragment+1","Rainbow+1","Chaos","Defragment+1","Blizzard","Ball Lightning+1","Sweeping Beam+1","Compile Driver","Seek","Defragment+1","Chill","Seek+1","Stack+1","White Noise+1","Chaos","Double Energy+1","Ball Lightning","Undo+1","Chaos+1","Machine Learning"],"relics":["Cracked Core","Prayer Wheel","Oddly Smooth Stone","Art of War","Happy Flower","Shovel","Blood Vial","Potion Belt","Empty Cage","Centennial Puzzle","Tiny Chest","Strawberry","Regal Pillow","Mummified Hand","Whetstone","Bag of Preparation","Black Star","Medical Kit","Bag of Marbles","Symbiotic Virus","Gremlin Horn","Bottled Lightning","Omamori","Shuriken","Darkstone Periapt","DataDisk","Bronze Scales","War Paint"],"potions_floor_usage":[6,8,14,28,31,48,48,50,55,55,55,55,55],"damage_taken":[{"damage":0,"enemies":"Cultist","floor":1,"turns":3},{"damage":7,"enemies":"Small Slimes","floor":2,"turns":3},{"damage":0,"enemies":"2 Louse","floor":3,"turns":2},{"damage":16,"enemies":"Large Slime","floor":4,"turns":4},{"damage":8,"enemies":"Blue Slaver","floor":5,"turns":2},{"damage":2,"enemies":"3 Sentries","floor":6,"turns":5},{"damage":13,"enemies":"Gremlin Gang","floor":8,"turns":5},{"damage":0,"enemies":"Red Slaver","floor":10,"turns":3},{"damage":0,"enemies":"Lagavulin","floor":12,"turns":5},{"damage":0,"enemies":"Gremlin Nob","floor":14,"turns":5},{"damage":5,"enemies":"Slime Boss","floor":16,"turns":9},{"damage":21,"enemies":"2 Thieves","floor":18,"turns":4},{"damage":9,"enemies":"Shell Parasite","floor":20,"turns":6},{"damage":4,"enemies":"Gremlin Leader","floor":23,"turns":6},{"damage":8,"enemies":"Sentry and Sphere","floor":27,"turns":4},{"damage":5,"enemies":"Book of Stabbing","floor":28,"turns":4},{"damage":1,"enemies":"Chosen and Byrds","floor":30,"turns":4},{"damage":15,"enemies":"Gremlin Leader","floor":31,"turns":5},{"damage":18,"enemies":"Automaton","floor":33,"turns":8},{"damage":0,"enemies":"3 Darklings","floor":35,"turns":1},{"damage":2,"enemies":"Orb Walker","floor":37,"turns":3},{"damage":10,"enemies":"Maw","floor":38,"turns":7},{"damage":38,"enemies":"Giant Head","floor":40,"turns":9},{"damage":7,"enemies":"Reptomancer","floor":44,"turns":5},{"damage":19,"enemies":"Spire Growth","floor":46,"turns":5},{"damage":7,"enemies":"Writhing Mass","floor":47,"turns":4},{"damage":9,"enemies":"Giant Head","floor":48,"turns":8},{"damage":13,"enemies":"Donu and Deca","floor":50,"turns":4},{"damage":15,"enemies":"Shield and Spear","floor":54,"turns":3},{"damage":71,"enemies":"The Heart","floor":55,"turns":9}],"seed_played":"1492001639931076856","potions_obtained":[{"floor":1,"key":"Weak Potion"},{"floor":4,"key":"Regen Potion"},{"floor":5,"key":"Fire Potion"},{"floor":12,"key":"Block Potion"},{"floor":23,"key":"Energy Potion"},{"floor":27,"key":"LiquidBronze"},{"floor":31,"key":"FocusPotion"},{"floor":40,"key":"PowerPotion"},{"floor":47,"key":"SneckoOil"},{"floor":48,"key":"PowerPotion"}],"is_trial":false,"path_per_floor":["M","M","M","M","M","E","R","M","T","M","T","E","?","E","R","B",null,"M","?","M","$","?","E","T","R","T","M","E","R","M","E","R","B",null,"M","$","M","M","T","E","R","?","T","E","R","M","M","E","R","B",null,"R","$","E","B",null],"character_chosen":"DEFECT","items_purchased":["Defragment","Tiny Chest","Blizzard","Medical Kit","DataDisk","PowerPotion","Regen Potion","Energy Potion"],"campfire_rested":1,"item_purchase_floors":[21,21,21,36,53,53,53,53],"current_hp_per_floor":[54,47,47,31,23,21,21,22,22,22,22,22,7,7,7,4,75,54,54,47,47,47,52,52,52,52,46,43,43,44,31,31,15,82,82,82,80,72,72,36,36,36,36,31,31,14,9,2,41,30,82,82,82,67,13],"gold":60,"neow_bonus":"ONE_RARE_RELIC","is_prod":false,"is_daily":false,"chose_seed":false,"campfire_upgraded":6,"win_rate":0,"timestamp":1548093380,"path_taken":["M","M","M","M","?","E","R","M","T","?","?","E","?","E","R","BOSS","M","?","M","$","?","E","?","R","T","M","E","R","M","E","R","BOSS","M","$","?","M","?","E","R","?","T","E","R","M","?","E","R","BOSS","R","$","E","BOSS"],"build_version":"2019-01-17v2","purchased_purges":2,"victory":true,"max_hp_per_floor":[75,75,75,75,75,75,75,75,75,75,75,75,75,75,75,75,75,75,75,75,75,75,82,82,82,82,82,82,82,82,82,82,82,82,82,82,82,82,82,82,82,82,82,82,82,82,82,82,82,82,82,82,82,82,82],"card_choices":[{"not_picked":["Loop","Coolheaded"],"picked":"Redo","floor":1},{"not_picked":["Reinforced Body","Force Field"],"picked":"Sunder","floor":1},{"not_picked":["Barrage","Turbo"],"picked":"Sweeping Beam","floor":2},{"not_picked":["Stack","Conserve Battery"],"picked":"Cold Snap","floor":2},{"not_picked":["Doom and Gloom","Gash"],"picked":"Leap","floor":3},{"not_picked":["Reinforced Body","Barrage"],"picked":"Chaos","floor":3},{"not_picked":["Rip and Tear","Coolheaded"],"picked":"Fission","floor":4},{"not_picked":["Storm","Force Field"],"picked":"Stack","floor":4},{"not_picked":["Gash","Turbo"],"picked":"Auto Shields","floor":5},{"not_picked":["Compile Driver","Redo"],"picked":"Ball Lightning","floor":5},{"not_picked":["Redo","Compile Driver"],"picked":"Cold Snap","floor":6},{"not_picked":["Go for the Eyes","Redo"],"picked":"Ball Lightning","floor":8},{"not_picked":["Heatsinks","Streamline"],"picked":"Steam","floor":8},{"not_picked":["Compile Driver","Beam Cell"],"picked":"Coolheaded","floor":10},{"not_picked":["Steam Power","Echo Form"],"picked":"Stack","floor":10},{"not_picked":["Sunder","Go for the Eyes"],"picked":"Coolheaded","floor":12},{"not_picked":["Leap","Barrage"],"picked":"Loop","floor":14},{"not_picked":["Thunder Strike","All For One"],"picked":"Electrodynamics","floor":16},{"not_picked":["Sweeping Beam","Tempest"],"picked":"Defragment","floor":18},{"not_picked":["Cold Snap","Conserve Battery"],"picked":"Rainbow","floor":18},{"not_picked":["Hologram+1","Turbo+1"],"picked":"Chaos","floor":20},{"not_picked":["Rebound","Gash+1","Go for the Eyes"],"picked":"SKIP","floor":20},{"not_picked":["Buffer","Doom and Gloom"],"picked":"Ball Lightning+1","floor":23},{"not_picked":["Heatsinks+1","Streamline"],"picked":"Sweeping Beam+1","floor":27},{"not_picked":["Turbo+1","Leap","Go for the Eyes"],"picked":"SKIP","floor":27},{"not_picked":["Steam","BootSequence+1"],"picked":"Compile Driver","floor":28},{"not_picked":["Hologram","Consume+1"],"picked":"Seek","floor":30},{"not_picked":["Barrage","Gash"],"picked":"Defragment","floor":30},{"not_picked":["Coolheaded","Go for the Eyes"],"picked":"Chill","floor":31},{"not_picked":["Multi-Cast","Reboot"],"picked":"Seek","floor":33},{"not_picked":["Gash","Sweeping Beam+1"],"picked":"Stack+1","floor":35},{"not_picked":["Hologram","Reinforced Body+1","Stack"],"picked":"SKIP","floor":35},{"not_picked":["Sweeping Beam+1","Conserve Battery+1"],"picked":"White Noise+1","floor":37},{"not_picked":["Recycle+1","BootSequence","Genetic Algorithm"],"picked":"SKIP","floor":37},{"not_picked":["Gash","Glacier+1"],"picked":"Chaos","floor":38},{"not_picked":["Leap+1","FTL","Fusion"],"picked":"SKIP","floor":38},{"not_picked":["Stack+1","Rip and Tear+1"],"picked":"Double Energy+1","floor":40},{"not_picked":["Fission","Fusion"],"picked":"Ball Lightning","floor":44},{"not_picked":["Force Field","Conserve Battery","Rip and Tear"],"picked":"SKIP","floor":46},{"not_picked":["Reinforced Body","Coolheaded","Streamline"],"picked":"SKIP","floor":46},{"not_picked":["Chaos","Leap+1"],"picked":"Undo+1","floor":47},{"not_picked":["Recycle","Ball Lightning","Sweeping Beam"],"picked":"SKIP","floor":47},{"not_picked":["Force Field","Gash+1"],"picked":"Chaos+1","floor":48},{"not_picked":["Redo+1","Steam+1"],"picked":"Machine Learning","floor":54}],"player_experience":180302,"relics_obtained":[{"floor":6,"key":"Oddly Smooth Stone"},{"floor":9,"key":"Art of War"},{"floor":11,"key":"Happy Flower"},{"floor":12,"key":"Shovel"},{"floor":14,"key":"Blood Vial"},{"floor":15,"key":"Potion Belt"},{"floor":23,"key":"Strawberry"},{"floor":24,"key":"Regal Pillow"},{"floor":26,"key":"Mummified Hand"},{"floor":28,"key":"Whetstone"},{"floor":31,"key":"Bag of Preparation"},{"floor":40,"key":"Bag of Marbles"},{"floor":40,"key":"Symbiotic Virus"},{"floor":43,"key":"Gremlin Horn"},{"floor":44,"key":"Bottled Lightning"},{"floor":44,"key":"Omamori"},{"floor":48,"key":"Shuriken"},{"floor":48,"key":"Darkstone Periapt"},{"floor":54,"key":"Bronze Scales"},{"floor":54,"key":"War Paint"}],"event_choices":[{"damage_healed":0,"gold_gain":0,"player_choice":"Entered Light","damage_taken":15,"max_hp_gain":0,"max_hp_loss":0,"event_name":"Shining Light","floor":13,"gold_loss":0,"cards_upgraded":["Defend_B","Steam"]},{"damage_healed":0,"gold_gain":0,"player_choice":"Opened","damage_taken":0,"relics_obtained":["Centennial Puzzle"],"max_hp_gain":0,"max_hp_loss":0,"event_name":"The Mausoleum","floor":19,"gold_loss":0},{"damage_healed":0,"gold_gain":0,"player_choice":"Ignored","damage_taken":0,"max_hp_gain":0,"max_hp_loss":0,"event_name":"Ghosts","floor":22,"gold_loss":0},{"damage_healed":0,"gold_gain":100,"player_choice":"Pray","damage_taken":0,"max_hp_gain":0,"max_hp_loss":0,"event_name":"Golden Shrine","floor":42,"gold_loss":0}],"is_beta":false,"boss_relics":[{"not_picked":["Cursed Key","Fusion Hammer"],"picked":"Empty Cage"},{"not_picked":["Calling Bell","Orrery"],"picked":"Black Star"}],"items_purged_floors":[21,36],"is_endless":false,"potions_floor_spawned":[1,4,5,12,23,27,31,40,47,48],"ascension_level":2}