{"gold_per_floor":[109,109,127,2,12,12,12,12,37,37,49,49,69,80,80,185,185,205,105,105,195,195],"floor_reached":22,"playtime":1476,"items_purged":["Strike_B","Defend_B"],"score":174,"play_id":"2d6cbf2d-8822-471f-9fb9-e028dd7c2955","local_time":"20181208172113","is_ascension_mode":false,"campfire_choices":[{"data":"Loop","floor":6,"key":"SMITH"},{"data":"Capacitor","floor":8,"key":"SMITH"},{"data":"Conserve Battery","floor":10,"key":"SMITH"},{"data":"Self Repair","floor":15,"key":"SMITH"}],"neow_cost":"TEN_PERCENT_HP_LOSS","seed_source_timestamp":23334109516451,"circlet_count":0,"master_deck":["Defend_B+1","Defend_B","Defend_B","Zap","Dualcast","Hologram","Loop+1","Conserve Battery+1","Capacitor+1","Conserve Battery+1","Self Repair+1","Multi-Cast","Rebound+1"],"relics":["Cracked Core","Velvet Choker"],"potions_floor_usage":[16,16],"damage_taken":[{"damage":1,"enemies":"Jaw Worm","floor":1,"turns":3},{"damage":0,"enemies":"Small Slimes","floor":3,"turns":4},{"damage":0,"enemies":"2 Louse","floor":5,"turns":3},{"damage":5,"enemies":"Lots of Slimes","floor":11,"turns":5},{"damage":0,"enemies":"Blue Slaver","floor":13,"turns":5},{"damage":5,"enemies":"Looter","floor":14,"turns":4},{"damage":30,"enemies":"Slime Boss","floor":16,"turns":15},{"damage":0,"enemies":"3 Byrds","floor":18,"turns":4},{"damage":28,"enemies":"Colosseum Slavers","floor":20,"turns":4},{"damage":44,"enemies":"Chosen","floor":22,"turns":9}],"seed_played":"-3225157261831557878","potions_obtained":[{"floor":3,"key":"Regen Potion"},{"floor":11,"key":"SkillPotion"},{"floor":12,"key":"Weak Potion"},{"floor":14,"key":"FocusPotion"},{"floor":18,"key":"Swift Potion"}],"is_trial":false,"path_per_floor":["M","?","M","$","M","R","?","R","T","R","M","?","M","M","R","B",null,"M","$","?","?","M"],"character_chosen":"DEFECT","items_purchased":["Conserve Battery"],"campfire_rested":0,"item_purchase_floors":[4],"current_hp_per_floor":[67,60,60,60,60,60,46,46,46,46,41,41,41,43,43,38,68,68,68,50,38,0],"gold":195,"neow_bonus":"TRANSFORM_TWO_CARDS","is_prod":false,"is_daily":false,"chose_seed":false,"campfire_upgraded":4,"win_rate":0,"timestamp":1544278873,"path_taken":["M","?","M","$","M","R","?","R","T","R","M","?","M","?","R","BOSS","M","$","?","?","?"],"build_version":"2018-12-06","purchased_purges":2,"victory":false,"max_hp_per_floor":[68,68,68,68,68,68,68,68,68,68,68,68,68,68,68,68,68,68,68,68,68,68],"card_choices":[{"not_picked":["Cold Snap","Barrage"],"picked":"Conserve Battery","floor":1},{"not_picked":["Cold Snap","Beam Cell"],"picked":"Capacitor","floor":3},{"not_picked":["Rip and Tear","Hello World","Turbo"],"picked":"SKIP","floor":5},{"not_picked":["Conserve Battery","Barrage","BootSequence"],"picked":"SKIP","floor":11},{"not_picked":["Ball Lightning","FTL"],"picked":"Self Repair","floor":13},{"not_picked":["Capacitor","Fusion","Barrage"],"picked":"SKIP","floor":14},{"not_picked":["Meteor Strike","Machine Learning"],"picked":"Multi-Cast","floor":16},{"not_picked":["Beam Cell","Hello World"],"picked":"Rebound+1","floor":18}],"player_experience":273993,"relics_obtained":[],"event_choices":[{"cards_removed":["Strike_B"],"damage_healed":0,"gold_gain":0,"player_choice":"Card Removal","damage_taken":7,"max_hp_gain":0,"max_hp_loss":0,"event_name":"Golden Wing","floor":2,"gold_loss":0},{"damage_healed":0,"gold_gain":0,"player_choice":"Entered Light","damage_taken":14,"max_hp_gain":0,"max_hp_loss":0,"event_name":"Shining Light","floor":7,"gold_loss":0,"cards_upgraded":["Defend_B","Conserve Battery"]},{"damage_healed":0,"gold_gain":0,"player_choice":"Got Potions","damage_taken":0,"max_hp_gain":0,"max_hp_loss":0,"event_name":"Lab","floor":12,"gold_loss":0},{"damage_healed":0,"gold_gain":0,"player_choice":"Fight","damage_taken":0,"max_hp_gain":0,"max_hp_loss":0,"event_name":"Colosseum","floor":20,"gold_loss":0},{"damage_healed":0,"gold_gain":0,"player_choice":"Fled From Nobs","damage_taken":0,"max_hp_gain":0,"max_hp_loss":0,"event_name":"Colosseum","floor":20,"gold_loss":0},{"damage_healed":0,"gold_gain":90,"player_choice":"GOLD ","damage_taken":12,"max_hp_gain":0,"max_hp_loss":0,"event_name":"Knowing Skull","floor":21,"potions_obtained":[],"gold_loss":0,"cards_obtained":[]}],"is_beta":false,"boss_relics":[{"not_picked":["White Beast Statue","Eternal Feather"],"picked":"Velvet Choker"}],"items_purged_floors":[4,19],"is_endless":false,"potions_floor_spawned":[3,11,13,14,18],"killed_by":"Chosen","ascension_level":0}