{"gold_per_floor":[366,383,395,409,409,409,429,429,455,455,489,504,561,27,27,132,132,148,158,177,187,187,218,218,249,249,249,249,261,19,19,19,118,118,133,33,33,59,59,84,84,111,111,122,134,134,148,167,167,167],"floor_reached":51,"playtime":2363,"items_purged":["Strike_R","Power Through"],"score":880,"play_id":"7dd483a5-cebb-4d18-8c4f-93201c17ae24","local_time":"20190110023645","is_ascension_mode":true,"campfire_choices":[{"data":"Inflame","floor":6,"key":"SMITH"},{"data":"Bash","floor":8,"key":"SMITH"},{"data":"Armaments","floor":10,"key":"SMITH"},{"data":"Battle Trance","floor":15,"key":"SMITH"},{"data":"Limit Break","floor":24,"key":"SMITH"},{"data":"Heavy Blade","floor":27,"key":"SMITH"},{"data":"Pommel Strike","floor":32,"key":"SMITH"},{"data":"Heavy Blade","floor":41,"key":"SMITH"},{"floor":46,"key":"RECALL"},{"data":"1","floor":49,"key":"LIFT"}],"neow_cost":"PERCENT_DAMAGE","seed_source_timestamp":537646021689332,"circlet_count":0,"master_deck":["Defend_R","Defend_R","Defend_R","Bash+1","Clash","Armaments+1","Thunderclap","Inflame+1","Twin Strike","Headbutt","Shrug It Off","Battle Trance+1","Limit Break+1","Thunderclap","Hemokinesis+1","Pommel Strike+1","Heavy Blade+1","RitualDagger","Anger","Heavy Blade+1","Clash","Flex+1","Reaper","Reaper+1","True Grit+1","Sword Boomerang+1","Heavy Blade+1","Clash+1","Heavy Blade+1","Warcry+1","Seeing Red+1","Offering","Thunderclap+1"],"relics":["Burning Blood","Potion Belt","Oddly Smooth Stone","Tiny Chest","Question Card","Brimstone","Eternal Feather","Magic Flower","Gambling Chip","Mercury Hourglass","Bottled Tornado","NlothsMask","Astrolabe","Bag of Preparation","Paper Frog","Girya"],"potions_floor_usage":[11,11,23,23,50,50,50],"damage_taken":[{"damage":0,"enemies":"Small Slimes","floor":1,"turns":3},{"damage":0,"enemies":"2 Louse","floor":2,"turns":3},{"damage":6,"enemies":"Cultist","floor":3,"turns":3},{"damage":11,"enemies":"Blue Slaver","floor":4,"turns":3},{"damage":8,"enemies":"3 Louse","floor":7,"turns":3},{"damage":3,"enemies":"Lagavulin","floor":11,"turns":5},{"damage":12,"enemies":"Large Slime","floor":12,"turns":5},{"damage":26,"enemies":"Gremlin Nob","floor":13,"turns":4},{"damage":18,"enemies":"The Guardian","floor":16,"turns":8},{"damage":16,"enemies":"Shell Parasite","floor":18,"turns":3},{"damage":0,"enemies":"Chosen","floor":19,"turns":3},{"damage":47,"enemies":"Shelled Parasite and Fungi","floor":20,"turns":3},{"damage":2,"enemies":"3 Cultists","floor":21,"turns":3},{"damage":11,"enemies":"Book of Stabbing","floor":23,"turns":3},{"damage":26,"enemies":"Gremlin Leader","floor":25,"turns":5},{"damage":2,"enemies":"Cultist and Chosen","floor":29,"turns":3},{"damage":45,"enemies":"Champ","floor":33,"turns":5},{"damage":12,"enemies":"3 Shapes","floor":35,"turns":3},{"damage":66,"enemies":"Reptomancer","floor":40,"turns":5},{"damage":21,"enemies":"Nemesis","floor":42,"turns":3},{"damage":22,"enemies":"3 Darklings","floor":44,"turns":3},{"damage":2,"enemies":"Maw","floor":45,"turns":4},{"damage":31,"enemies":"Jaw Worm Horde","floor":47,"turns":2},{"damage":58,"enemies":"3 Darklings","floor":48,"turns":4},{"damage":33,"enemies":"Time Eater","floor":50,"turns":2}],"seed_played":"4426632403748702466","potions_obtained":[{"floor":1,"key":"Fire Potion"},{"floor":2,"key":"Weak Potion"},{"floor":16,"key":"Strength Potion"},{"floor":20,"key":"Energy Potion"},{"floor":21,"key":"PowerPotion"},{"floor":33,"key":"SteroidPotion"},{"floor":40,"key":"BloodPotion"},{"floor":44,"key":"FearPotion"}],"is_trial":false,"path_per_floor":["M","M","M","M","?","R","M","R","T","R","E","M","E","$","R","B",null,"M","M","M","M","?","E","R","E","T","R","?","M","$","?","R","B",null,"M","$","?","T","?","E","R","E","T","M","M","R","M","M","R","B",null],"character_chosen":"IRONCLAD","items_purchased":["Question Card","Brimstone","Bottled Tornado"],"campfire_rested":0,"item_purchase_floors":[14,14,30],"current_hp_per_floor":[62,68,68,63,63,63,61,61,61,61,64,58,38,38,38,26,80,70,76,35,39,33,28,40,23,23,38,38,45,45,45,60,24,80,77,77,77,77,76,33,48,36,36,63,70,76,54,27,45,21],"gold":167,"neow_bonus":"TWO_FIFTY_GOLD","is_prod":false,"is_daily":false,"chose_seed":false,"campfire_upgraded":8,"win_rate":0,"timestamp":1547059005,"path_taken":["M","M","M","M","?","R","M","R","T","R","E","M","E","$","R","BOSS","M","M","M","M","?","E","R","E","T","R","?","M","$","?","R","BOSS","M","?","?","?","?","E","R","E","T","M","M","R","M","M","R","BOSS"],"build_version":"2019-01-03v4","purchased_purges":2,"victory":true,"max_hp_per_floor":[80,80,80,80,80,80,80,80,80,80,80,80,80,80,80,80,80,80,80,80,80,80,80,80,80,80,80,80,80,80,80,80,80,80,80,80,80,80,76,76,76,76,76,76,76,76,76,76,76,76],"card_choices":[{"not_picked":["Infernal Blade","Cleave"],"picked":"Clash","floor":1},{"not_picked":["Pommel Strike","Shrug It Off"],"picked":"Armaments","floor":2},{"not_picked":["Wild Strike","Pommel Strike"],"picked":"Thunderclap","floor":3},{"not_picked":["Warcry","Combust"],"picked":"Inflame","floor":4},{"not_picked":["Flex","Combust"],"picked":"Twin Strike","floor":7},{"not_picked":["Pummel","Rage"],"picked":"Headbutt","floor":11},{"not_picked":["Wild Strike","Seeing Red"],"picked":"Shrug It Off","floor":12},{"not_picked":["Immolate","Flex"],"picked":"Battle Trance","floor":13},{"not_picked":["Brutality","Immolate","Bludgeon"],"picked":"Limit Break","floor":16},{"not_picked":["Havoc","Anger","Rupture"],"picked":"Thunderclap","floor":18},{"not_picked":["True Grit","Wild Strike","Headbutt"],"picked":"Hemokinesis+1","floor":19},{"not_picked":["Wild Strike","Clothesline","Second Wind"],"picked":"Pommel Strike","floor":20},{"not_picked":["Sentinel","Intimidate","Shrug It Off+1"],"picked":"Heavy Blade+1","floor":21},{"not_picked":["Sever Soul","Evolve","Dual Wield"],"picked":"Anger","floor":23},{"not_picked":["Berserk","Blood for Blood","Warcry"],"picked":"Heavy Blade","floor":25},{"not_picked":["True Grit","Wild Strike+1","Armaments"],"picked":"Flex+1","floor":29},{"not_picked":["Impervious","Juggernaut","Dark Embrace"],"picked":"Reaper","floor":33},{"not_picked":["Pommel Strike+1","Rampage+1","Anger+1"],"picked":"Heavy Blade","floor":35},{"not_picked":["Pommel Strike+1","Infernal Blade","Flame Barrier"],"picked":"Clash+1","floor":40},{"not_picked":["True Grit","Havoc","Headbutt"],"picked":"Heavy Blade+1","floor":42},{"not_picked":["Cleave+1","Second Wind+1","Sword Boomerang"],"picked":"Warcry+1","floor":44},{"not_picked":["Twin Strike+1","Inflame+1","Fire Breathing"],"picked":"Seeing Red+1","floor":45},{"not_picked":["Shockwave+1","Anger+1","Evolve"],"picked":"Offering","floor":47},{"not_picked":["Anger","Pommel Strike+1","Sword Boomerang+1"],"picked":"Thunderclap+1","floor":48}],"player_experience":118201,"relics_obtained":[{"floor":9,"key":"Potion Belt"},{"floor":11,"key":"Oddly Smooth Stone"},{"floor":13,"key":"Tiny Chest"},{"floor":23,"key":"Magic Flower"},{"floor":25,"key":"Gambling Chip"},{"floor":26,"key":"Mercury Hourglass"},{"floor":40,"key":"Bag of Preparation"},{"floor":42,"key":"Paper Frog"},{"floor":43,"key":"Girya"}],"event_choices":[{"damage_healed":0,"gold_gain":0,"cards_transformed":["Strike_R"],"player_choice":"Change","damage_taken":0,"max_hp_gain":0,"max_hp_loss":0,"event_name":"Living Wall","floor":5,"gold_loss":0,"cards_obtained":["Power Through"]},{"damage_healed":0,"gold_gain":0,"player_choice":"Joined the Cult","damage_taken":6,"max_hp_gain":0,"max_hp_loss":0,"event_name":"Nest","floor":22,"gold_loss":0,"cards_obtained":["RitualDagger"]},{"damage_healed":0,"gold_gain":0,"player_choice":"Read","damage_taken":0,"max_hp_gain":0,"max_hp_loss":0,"event_name":"The Library","floor":28,"gold_loss":0,"cards_obtained":["Clash"]},{"damage_healed":0,"gold_gain":0,"player_choice":"Trade","damage_taken":0,"relics_obtained":["NlothsMask"],"max_hp_gain":0,"max_hp_loss":0,"event_name":"FaceTrader","floor":31,"gold_loss":0},{"cards_removed":["Defend_R"],"damage_healed":0,"gold_gain":0,"player_choice":"Removed Skill","damage_taken":0,"max_hp_gain":0,"max_hp_loss":0,"event_name":"Falling","floor":37,"gold_loss":0},{"damage_healed":0,"gold_gain":0,"player_choice":"Max HP","damage_taken":0,"max_hp_gain":0,"max_hp_loss":4,"event_name":"Winding Halls","floor":39,"gold_loss":0}],"is_beta":false,"boss_relics":[{"not_picked":["Velvet Choker","Runic Dome"],"picked":"Eternal Feather"},{"not_picked":["Mark of Pain","Tiny House"],"picked":"Astrolabe"}],"items_purged_floors":[14,36],"is_endless":false,"potions_floor_spawned":[1,2,16,20,21,33,40,44],"ascension_level":2}