{"gold_per_floor":[117,117,136,155,80,80,93,109,133,103,113,113,124,134,134,231,231,246,246,263,53,0,0,18,18,18,36,49,49,65,77,77,180,180,193,205,205,105,205,205,219,219,219,219,0,10,39,54,54,54],"floor_reached":51,"playtime":3927,"items_purged":["Strike_B","Aggregate"],"score":650,"play_id":"78ab31bb-25e2-4483-9fe5-135be81ae478","local_time":"20181201144420","is_ascension_mode":false,"campfire_choices":[{"data":"Fusion","floor":6,"key":"SMITH"},{"floor":12,"key":"REST"},{"floor":15,"key":"REST"},{"floor":23,"key":"REST"},{"data":"Defragment","floor":25,"key":"SMITH"},{"data":"Seek","floor":29,"key":"SMITH"},{"floor":32,"key":"REST"},{"data":"Buffer","floor":40,"key":"SMITH"},{"data":"Coolheaded","floor":42,"key":"SMITH"},{"floor":49,"key":"REST"}],"neow_cost":"PERCENT_DAMAGE","seed_source_timestamp":14912622693761,"circlet_count":0,"master_deck":["Strike_B","Defend_B","Defend_B","Defend_B","Defend_B","Zap","Fusion+1","Gash","Gash","Defragment+1","Coolheaded+1","Coolheaded","Seek+1","Hologram+1","Buffer+1"],"relics":["Cracked Core","Omamori","Happy Flower","Runic Pyramid","Runic Capacitor","Bag of Marbles","Busted Crown","Ice Cream","Shovel","Red Mask","Strawberry"],"potions_floor_usage":[11,11,13,16,19,27,27,33,41,50],"damage_taken":[{"damage":0,"enemies":"Small Slimes","floor":1,"turns":4},{"damage":1,"enemies":"Cultist","floor":3,"turns":3},{"damage":6,"enemies":"Jaw Worm","floor":4,"turns":2},{"damage":4,"enemies":"2 Fungi Beasts","floor":7,"turns":4},{"damage":30,"enemies":"Exordium Thugs","floor":8,"turns":6},{"damage":0,"enemies":"3 Louse","floor":11,"turns":3},{"damage":0,"enemies":"Exordium Wildlife","floor":13,"turns":4},{"damage":8,"enemies":"Exordium Thugs","floor":14,"turns":6},{"damage":33,"enemies":"The Guardian","floor":16,"turns":14},{"damage":24,"enemies":"Chosen","floor":18,"turns":8},{"damage":18,"enemies":"Colosseum Slavers","floor":19,"turns":5},{"damage":5,"enemies":"Spheric Guardian","floor":20,"turns":6},{"damage":15,"enemies":"Snake Plant","floor":24,"turns":6},{"damage":4,"enemies":"Snecko","floor":27,"turns":7},{"damage":1,"enemies":"Cultist and Chosen","floor":28,"turns":7},{"damage":13,"enemies":"Snake Plant","floor":30,"turns":5},{"damage":0,"enemies":"Shelled Parasite and Fungi","floor":31,"turns":6},{"damage":13,"enemies":"Champ","floor":33,"turns":11},{"damage":4,"enemies":"3 Shapes","floor":35,"turns":7},{"damage":23,"enemies":"3 Darklings","floor":36,"turns":7},{"damage":0,"enemies":"Mind Bloom Boss Battle","floor":39,"turns":8},{"damage":7,"enemies":"Writhing Mass","floor":41,"turns":7},{"damage":3,"enemies":"Transient","floor":46,"turns":5},{"damage":0,"enemies":"Giant Head","floor":47,"turns":7},{"damage":2,"enemies":"Sphere and 2 Shapes","floor":48,"turns":6},{"damage":25,"enemies":"Awakened One","floor":50,"turns":13}],"seed_played":"684893927832106351","potions_obtained":[{"floor":8,"key":"Fire Potion"},{"floor":10,"key":"GamblersBrew"},{"floor":10,"key":"Dexterity Potion"},{"floor":11,"key":"Energy Potion"},{"floor":13,"key":"LiquidBronze"},{"floor":18,"key":"Weak Potion"},{"floor":24,"key":"Regen Potion"},{"floor":28,"key":"SpeedPotion"},{"floor":39,"key":"Swift Potion"},{"floor":41,"key":"AttackPotion"}],"is_trial":false,"path_per_floor":["M","?","M","M","$","R","M","M","T","?","M","R","M","M","R","B",null,"M","?","M","$","?","R","M","R","T","M","M","R","M","M","R","B",null,"M","M","?","$","?","R","M","R","T","?","?","M","E","M","R","B",null],"character_chosen":"DEFECT","items_purchased":["Runic Capacitor"],"campfire_rested":5,"item_purchase_floors":[21],"current_hp_per_floor":[54,54,53,47,47,47,43,13,13,13,13,35,35,27,49,16,75,51,33,28,28,28,50,35,35,35,46,45,45,32,32,54,41,75,71,48,48,48,48,48,41,41,41,41,41,38,45,43,67,42],"gold":54,"neow_bonus":"TRANSFORM_TWO_CARDS","is_prod":false,"is_daily":false,"chose_seed":false,"campfire_upgraded":5,"win_rate":0,"timestamp":1543664660,"path_taken":["M","?","M","M","$","R","?","?","T","?","M","R","?","M","R","BOSS","M","?","M","$","?","R","?","R","T","M","M","R","M","M","R","BOSS","M","M","?","$","?","R","M","R","T","?","?","M","E","M","R","BOSS"],"build_version":"2018-11-15","purchased_purges":2,"victory":true,"max_hp_per_floor":[75,75,75,75,75,75,75,75,75,75,75,75,75,75,75,75,75,75,75,75,75,75,75,75,75,75,75,75,75,75,75,75,75,75,75,75,75,75,75,75,75,75,75,75,75,75,82,82,82,82],"card_choices":[{"not_picked":["Stack","Turbo"],"picked":"Gash","floor":1},{"not_picked":["Stack","Recycle"],"picked":"Gash","floor":3},{"not_picked":["Undo","Go for the Eyes"],"picked":"Defragment","floor":4},{"not_picked":["Rebound","Sunder","Conserve Battery"],"picked":"SKIP","floor":7},{"not_picked":["Ball Lightning","Stack"],"picked":"Coolheaded","floor":8},{"not_picked":["Leap","Stack"],"picked":"Coolheaded","floor":11},{"not_picked":["Sunder","Glacier","Leap"],"picked":"SKIP","floor":13},{"not_picked":["Lockon","Meteor Strike","Cold Snap"],"picked":"SKIP","floor":14},{"not_picked":["Core Surge","Meteor Strike"],"picked":"Seek","floor":16},{"not_picked":["Melter","Sweeping Beam","Chaos"],"picked":"SKIP","floor":18},{"not_picked":["Fusion","Skim","Coolheaded+1"],"picked":"SKIP","floor":20},{"not_picked":["Fusion","Skim","Coolheaded+1"],"picked":"SKIP","floor":20},{"not_picked":["Blizzard","Stack","Steam+1"],"picked":"SKIP","floor":24},{"not_picked":["Ball Lightning","Beam Cell+1"],"picked":"Hologram+1","floor":27},{"not_picked":["Darkness","Go for the Eyes+1","Redo"],"picked":"SKIP","floor":28},{"not_picked":["Sweeping Beam","FTL","Aggregate+1"],"picked":"SKIP","floor":30},{"not_picked":["Lockon","Stack","Fusion"],"picked":"SKIP","floor":31},{"not_picked":["Creative AI","Multi-Cast"],"picked":"Buffer","floor":33},{"not_picked":["Lockon"],"picked":"SKIP","floor":35},{"not_picked":["Stack+1"],"picked":"SKIP","floor":36},{"not_picked":["Turbo"],"picked":"SKIP","floor":41},{"not_picked":["Ball Lightning+1"],"picked":"SKIP","floor":46},{"not_picked":["Melter"],"picked":"SKIP","floor":47},{"not_picked":["Turbo+1"],"picked":"SKIP","floor":48}],"player_experience":241465,"relics_obtained":[{"floor":2,"key":"Omamori"},{"floor":9,"key":"Happy Flower"},{"floor":26,"key":"Bag of Marbles"},{"floor":39,"key":"Ice Cream"},{"floor":43,"key":"Shovel"},{"floor":47,"key":"Strawberry"}],"event_choices":[{"damage_healed":0,"gold_gain":0,"player_choice":"Relic","damage_taken":0,"max_hp_gain":0,"max_hp_loss":0,"event_name":"Wheel of Change","floor":2,"gold_loss":0},{"damage_healed":0,"gold_gain":0,"player_choice":"Bought 2 Potions","damage_taken":0,"max_hp_gain":0,"max_hp_loss":0,"event_name":"The Woman in Blue","floor":10,"gold_loss":0},{"damage_healed":0,"gold_gain":0,"player_choice":"Fight","damage_taken":0,"max_hp_gain":0,"max_hp_loss":0,"event_name":"Colosseum","floor":19,"gold_loss":0},{"damage_healed":0,"gold_gain":0,"player_choice":"Fled From Nobs","damage_taken":0,"max_hp_gain":0,"max_hp_loss":0,"event_name":"Colosseum","floor":19,"gold_loss":0},{"damage_healed":0,"gold_gain":0,"player_choice":"Paid Fearfully","damage_taken":0,"max_hp_gain":0,"max_hp_loss":0,"event_name":"Masked Bandits","floor":22,"gold_loss":53},{"damage_healed":0,"gold_gain":0,"player_choice":"Ignored","damage_taken":0,"max_hp_gain":0,"max_hp_loss":0,"event_name":"Mysterious Sphere","floor":37,"gold_loss":0},{"damage_healed":0,"gold_gain":0,"player_choice":"Fight","damage_taken":0,"max_hp_gain":0,"max_hp_loss":0,"event_name":"MindBloom","floor":39,"gold_loss":0},{"cards_removed":["Dualcast"],"damage_healed":0,"gold_gain":0,"player_choice":"Removed Skill","damage_taken":0,"max_hp_gain":0,"max_hp_loss":0,"event_name":"Falling","floor":44,"gold_loss":0},{"damage_healed":0,"gold_gain":0,"player_choice":"Paid","damage_taken":0,"relics_obtained":["Red Mask"],"max_hp_gain":0,"max_hp_loss":0,"event_name":"Tomb of Lord Red Mask","floor":45,"gold_loss":219}],"is_beta":false,"boss_relics":[{"not_picked":["Snecko Eye","Astrolabe"],"picked":"Runic Pyramid"},{"not_picked":["Eternal Feather","Fusion Hammer"],"picked":"Busted Crown"}],"items_purged_floors":[5,38],"is_endless":false,"potions_floor_spawned":[8,11,13,18,24,28,39,41],"ascension_level":0}