{"gold_per_floor":[116,129,129,204,217,217,261,281,327,327,342,355,373,373,373,497,497,521,541,556,556,556,592,610,610,633,633,647,660,57,81,81,206,206,225,350,42,42,57,95,95,139,163,63,77,0,39,55,55,55],"floor_reached":50,"playtime":2795,"items_purged":["Spot Weakness","Spot Weakness"],"score":781,"play_id":"6296dae2-d549-47ca-b71b-ca28543c35e2","local_time":"20190106042950","is_ascension_mode":false,"campfire_choices":[{"data":"Inflame","floor":6,"key":"SMITH"},{"data":"Inflame","floor":10,"key":"SMITH"},{"data":"Clothesline","floor":15,"key":"SMITH"},{"data":"Heavy Blade","floor":27,"key":"SMITH"},{"data":"Warcry","floor":32,"key":"SMITH"},{"data":"Double Tap","floor":41,"key":"SMITH"},{"data":"Limit Break","floor":49,"key":"SMITH"}],"neow_cost":"NONE","seed_source_timestamp":198392613177052,"circlet_count":0,"master_deck":["Bash+1","Dropkick","Cleave","Inflame+1","Clothesline+1","Inflame+1","Anger","Clash+1","Headbutt","Reaper","Inflame","Ghostly Armor","Fiend Fire","Armaments","Ghostly Armor","Pommel Strike","Anger","Pummel+1","Flex","Sword Boomerang","Bite","Bite","Bite","Bite","Bite","Seeing Red+1","Heavy Blade+1","Clash+1","Warcry+1","Headbutt","Flex","Feed","Armaments+1","Flex+1","Finesse","Heavy Blade","Double Tap+1","Combust+1","Wild Strike+1","Limit Break+1","Flex+1"],"relics":["Burning Blood","Golden Idol","Mummified Hand","Boot","Pandora\u0027s Box","Bag of Preparation","Art of War","Anchor","Gremlin Horn","Toolbox","Coffee Dripper","Ice Cream","Vajra","Bag of Marbles","Pantograph","Dream Catcher","Red Mask","The Courier"],"potions_floor_usage":[12,23,33,40,50,50],"damage_taken":[{"damage":0,"enemies":"Small Slimes","floor":1,"turns":3},{"damage":9,"enemies":"Jaw Worm","floor":2,"turns":4},{"damage":0,"enemies":"2 Louse","floor":5,"turns":2},{"damage":21,"enemies":"3 Sentries","floor":7,"turns":6},{"damage":9,"enemies":"2 Fungi Beasts","floor":8,"turns":2},{"damage":7,"enemies":"3 Louse","floor":11,"turns":3},{"damage":3,"enemies":"Lots of Slimes","floor":12,"turns":2},{"damage":6,"enemies":"Exordium Wildlife","floor":13,"turns":2},{"damage":0,"enemies":"Slime Boss","floor":16,"turns":4},{"damage":0,"enemies":"Spheric Guardian","floor":18,"turns":3},{"damage":6,"enemies":"Chosen","floor":19,"turns":3},{"damage":24,"enemies":"3 Cultists","floor":20,"turns":5},{"damage":20,"enemies":"Book of Stabbing","floor":23,"turns":3},{"damage":32,"enemies":"Snake Plant","floor":24,"turns":4},{"damage":10,"enemies":"Sentry and Sphere","floor":28,"turns":3},{"damage":0,"enemies":"3 Cultists","floor":29,"turns":3},{"damage":0,"enemies":"Chosen and Byrds","floor":31,"turns":3},{"damage":13,"enemies":"Champ","floor":33,"turns":5},{"damage":5,"enemies":"3 Shapes","floor":35,"turns":2},{"damage":34,"enemies":"Mind Bloom Boss Battle","floor":36,"turns":6},{"damage":0,"enemies":"3 Darklings","floor":39,"turns":2},{"damage":13,"enemies":"Giant Head","floor":40,"turns":5},{"damage":0,"enemies":"Reptomancer","floor":42,"turns":2},{"damage":5,"enemies":"Transient","floor":45,"turns":5},{"damage":0,"enemies":"Nemesis","floor":47,"turns":3},{"damage":0,"enemies":"Jaw Worm Horde","floor":48,"turns":2},{"damage":79,"enemies":"Time Eater","floor":50,"turns":5}],"seed_played":"1788098646967086764","potions_obtained":[{"floor":5,"key":"EssenceOfSteel"},{"floor":7,"key":"SteroidPotion"},{"floor":11,"key":"Swift Potion"},{"floor":13,"key":"Swift Potion"},{"floor":16,"key":"FearPotion"},{"floor":18,"key":"AttackPotion"},{"floor":24,"key":"Block Potion"},{"floor":28,"key":"SkillPotion"},{"floor":36,"key":"LiquidBronze"},{"floor":42,"key":"Regen Potion"},{"floor":48,"key":"FearPotion"}],"is_trial":false,"path_per_floor":["M","M","?","?","M","R","E","M","T","R","M","M","M","?","R","B",null,"M","M","M","?","?","E","M","?","T","R","M","M","$","M","R","B",null,"M","?","$","?","M","E","R","E","T","$","M","?","E","M","R","B"],"character_chosen":"IRONCLAD","items_purchased":["Anchor","Gremlin Horn","Toolbox","Vajra","Finesse"],"campfire_rested":0,"item_purchase_floors":[30,30,30,37,37],"current_hp_per_floor":[80,77,57,46,52,52,37,34,34,34,33,36,36,20,20,26,80,80,80,62,62,56,46,31,31,31,31,33,45,45,56,56,51,56,56,46,46,46,52,48,48,53,53,53,53,53,53,56,56,0],"gold":55,"neow_bonus":"UPGRADE_CARD","is_prod":false,"is_daily":false,"chose_seed":false,"campfire_upgraded":7,"win_rate":0,"timestamp":1546720190,"path_taken":["M","M","?","?","M","R","E","?","T","R","M","M","M","?","R","BOSS","M","M","M","?","?","E","M","?","T","R","?","M","$","M","R","BOSS","M","?","$","?","M","E","R","E","T","$","M","?","E","M","R","BOSS"],"build_version":"2019-01-03v4","purchased_purges":2,"victory":false,"max_hp_per_floor":[80,80,80,80,80,80,80,80,80,80,80,80,80,80,80,80,80,80,80,80,80,56,56,56,56,56,56,56,56,56,56,56,56,56,56,56,56,53,53,53,53,53,53,53,53,53,53,56,56,56],"card_choices":[{"not_picked":["Twin Strike","Second Wind"],"picked":"Dropkick","floor":1},{"not_picked":["Twin Strike","Flex"],"picked":"Cleave","floor":2},{"not_picked":["Corruption","Shrug It Off"],"picked":"Inflame","floor":5},{"not_picked":["Carnage","Dark Embrace"],"picked":"Clothesline","floor":7},{"not_picked":["Body Slam","Infernal Blade"],"picked":"Inflame","floor":8},{"not_picked":["Body Slam","Pummel"],"picked":"Anger","floor":11},{"not_picked":["Perfected Strike","Iron Wave"],"picked":"Clash","floor":12},{"not_picked":["Body Slam","Thunderclap"],"picked":"Headbutt","floor":13},{"not_picked":["Demon Form","Berserk"],"picked":"Reaper","floor":16},{"not_picked":["Reckless Charge+1","Sever Soul"],"picked":"Pummel+1","floor":18},{"not_picked":["True Grit","Feel No Pain"],"picked":"Flex","floor":19},{"not_picked":["Twin Strike","Sever Soul"],"picked":"Sword Boomerang","floor":20},{"not_picked":["Clash+1","Power Through"],"picked":"Seeing Red+1","floor":23},{"not_picked":["Cleave","Headbutt+1"],"picked":"Heavy Blade","floor":24},{"not_picked":["True Grit+1","Entrench"],"picked":"Warcry","floor":28},{"not_picked":["Rupture","Body Slam"],"picked":"Headbutt","floor":29},{"not_picked":["Perfected Strike","Thunderclap"],"picked":"Flex","floor":31},{"not_picked":["Impervious","Reaper"],"picked":"Feed","floor":33},{"not_picked":["Feel No Pain+1","Heavy Blade"],"picked":"Armaments+1","floor":35},{"not_picked":["Disarm+1","Armaments"],"picked":"Flex+1","floor":36},{"not_picked":["Battle Trance","Armaments"],"picked":"Heavy Blade","floor":39},{"not_picked":["Juggernaut","Rupture"],"picked":"Double Tap","floor":40},{"not_picked":["Iron Wave","Wild Strike"],"picked":"Combust+1","floor":42},{"not_picked":["Iron Wave","Metallicize"],"picked":"Wild Strike+1","floor":45},{"not_picked":["Berserk","Headbutt"],"picked":"Limit Break","floor":47},{"not_picked":["Clothesline+1","Body Slam"],"picked":"Flex+1","floor":48}],"player_experience":66839,"relics_obtained":[{"floor":7,"key":"Mummified Hand"},{"floor":9,"key":"Boot"},{"floor":23,"key":"Bag of Preparation"},{"floor":26,"key":"Art of War"},{"floor":36,"key":"Ice Cream"},{"floor":40,"key":"Bag of Marbles"},{"floor":42,"key":"Pantograph"},{"floor":43,"key":"Dream Catcher"},{"floor":47,"key":"The Courier"}],"event_choices":[{"damage_healed":0,"gold_gain":0,"player_choice":"Take Damage","damage_taken":20,"relics_obtained":["Golden Idol"],"max_hp_gain":0,"max_hp_loss":0,"event_name":"Golden Idol","floor":3,"gold_loss":0},{"damage_healed":0,"gold_gain":75,"player_choice":"Gather Gold","damage_taken":11,"max_hp_gain":0,"max_hp_loss":0,"event_name":"World of Goop","floor":4,"gold_loss":0},{"damage_healed":0,"gold_gain":0,"player_choice":"Entered Light","damage_taken":16,"max_hp_gain":0,"max_hp_loss":0,"event_name":"Shining Light","floor":14,"gold_loss":0,"cards_upgraded":["Strike_R","Clash"]},{"damage_healed":0,"gold_gain":0,"player_choice":"Ignored","damage_taken":0,"max_hp_gain":0,"max_hp_loss":0,"event_name":"Ghosts","floor":21,"gold_loss":0},{"damage_healed":0,"gold_gain":0,"player_choice":"Became a vampire","damage_taken":0,"max_hp_gain":0,"max_hp_loss":24,"event_name":"Vampires","floor":22,"gold_loss":0,"cards_obtained":["Bite","Bite","Bite","Bite","Bite"]},{"damage_healed":0,"gold_gain":0,"player_choice":"Copied","damage_taken":0,"max_hp_gain":0,"max_hp_loss":0,"event_name":"Duplicator","floor":25,"gold_loss":0,"cards_obtained":["Clash"]},{"damage_healed":0,"gold_gain":0,"player_choice":"Fight","damage_taken":0,"max_hp_gain":0,"max_hp_loss":0,"event_name":"MindBloom","floor":36,"gold_loss":0},{"damage_healed":0,"gold_gain":0,"player_choice":"Max HP","damage_taken":0,"max_hp_gain":0,"max_hp_loss":3,"event_name":"Winding Halls","floor":38,"gold_loss":0},{"damage_healed":0,"gold_gain":0,"player_choice":"Paid","damage_taken":0,"relics_obtained":["Red Mask"],"max_hp_gain":0,"max_hp_loss":0,"event_name":"Tomb of Lord Red Mask","floor":46,"gold_loss":77}],"is_beta":false,"boss_relics":[{"not_picked":["Sozu","Mark of Pain"],"picked":"Pandora\u0027s Box"},{"not_picked":["Runic Pyramid","Calling Bell"],"picked":"Coffee Dripper"}],"items_purged_floors":[37,44],"is_endless":false,"potions_floor_spawned":[5,7,11,13,16,18,19,24,28,36,39,42,48],"killed_by":"Time Eater","ascension_level":0}