{"gold_per_floor":[119,194,269,105,119,146,146,160,160,160,160,160,174,349,349,444,444,444,454,464,187,201,201,231,411,411,422,422,297,316,333,333,436,436,448,51,64,64,74,74,474,474,474,491,491,510,521,539,539,539],"floor_reached":51,"playtime":3321,"items_purged":["Strike_G","Doubt","Strike_G","Strike_G"],"score":696,"play_id":"c19d4428-862b-4bb0-acf7-ee0f19dd04d1","local_time":"20181215235758","is_ascension_mode":false,"campfire_choices":[{"data":"Footwork","floor":7.0,"key":"SMITH"},{"data":"Backflip","floor":10.0,"key":"SMITH"},{"floor":12.0,"key":"REST"},{"data":"After Image","floor":15.0,"key":"SMITH"},{"floor":23.0,"key":"REST"},{"floor":28.0,"key":"REST"},{"floor":32.0,"key":"REST"},{"data":"Mayhem","floor":40.0,"key":"SMITH"},{"data":"Envenom","floor":45.0,"key":"SMITH"},{"floor":49.0,"key":"REST"}],"neow_cost":"NONE","seed_source_timestamp":43621099714809,"circlet_count":0,"master_deck":["Defend_G","Defend_G","Defend_G","Defend_G","Defend_G+1","Survivor","Neutralize","Deadly Poison+1","Footwork+1","Backflip+1","Leg Sweep","Well Laid Plans","After Image+1","Envenom+1","Bane","Mayhem+1","Footwork+1","Poisoned Stab","Deadly Poison+1","Night Terror","Poisoned Stab","Mayhem+1"],"special_seed":0,"relics":["Ring of the Snake","NeowsBlessing","Kunai","Bottled Lightning","Velvet Choker","Snake Skull","Bottled Tornado","Empty Cage","TwistedFunnel","Old Coin","Bag of Preparation"],"potions_floor_usage":[50],"damage_taken":[{"damage":0.0,"enemies":"Small Slimes","floor":1.0,"turns":1.0},{"damage":0.0,"enemies":"2 Louse","floor":5.0,"turns":1.0},{"damage":0.0,"enemies":"Gremlin Nob","floor":6.0,"turns":1.0},{"damage":0.0,"enemies":"Cultist","floor":8.0,"turns":4.0},{"damage":0.0,"enemies":"Large Slime","floor":13.0,"turns":10.0},{"damage":14.0,"enemies":"Hexaghost","floor":16.0,"turns":13.0},{"damage":0.0,"enemies":"2 Thieves","floor":18.0,"turns":1.0},{"damage":7.0,"enemies":"3 Byrds","floor":19.0,"turns":9.0},{"damage":15.0,"enemies":"Snake Plant","floor":20.0,"turns":7.0},{"damage":2.0,"enemies":"Centurion and Healer","floor":22.0,"turns":10.0},{"damage":17.0,"enemies":"Slavers","floor":24.0,"turns":8.0},{"damage":0.0,"enemies":"Snecko","floor":27.0,"turns":6.0},{"damage":0.0,"enemies":"Shelled Parasite and Fungi","floor":30.0,"turns":7.0},{"damage":8.0,"enemies":"3 Cultists","floor":31.0,"turns":7.0},{"damage":14.0,"enemies":"Collector","floor":33.0,"turns":10.0},{"damage":0.0,"enemies":"3 Shapes","floor":35.0,"turns":7.0},{"damage":0.0,"enemies":"Orb Walker","floor":37.0,"turns":4.0},{"damage":0.0,"enemies":"Writhing Mass","floor":39.0,"turns":7.0},{"damage":0.0,"enemies":"Mind Bloom Boss Battle","floor":41.0,"turns":7.0},{"damage":15.0,"enemies":"4 Shapes","floor":44.0,"turns":7.0},{"damage":15.0,"enemies":"Jaw Worm Horde","floor":46.0,"turns":7.0},{"damage":9.0,"enemies":"Sphere and 2 Shapes","floor":47.0,"turns":4.0},{"damage":7.0,"enemies":"Spire Growth","floor":48.0,"turns":5.0},{"damage":34,"enemies":"Time Eater","floor":50,"turns":16}],"seed_played":"7095778581085528084","potions_obtained":[{"floor":5.0,"key":"SmokeBomb"},{"floor":6.0,"key":"Strength Potion"},{"floor":13.0,"key":"Poison Potion"},{"floor":20.0,"key":"Poison Potion"},{"floor":24.0,"key":"Strength Potion"},{"floor":27.0,"key":"Strength Potion"},{"floor":30.0,"key":"SpeedPotion"},{"floor":33.0,"key":"SkillPotion"},{"floor":41.0,"key":"Weak Potion"},{"floor":46.0,"key":"GamblersBrew"}],"is_trial":false,"path_per_floor":["M","?","?","$","M","E","R","M","T","R","?","R","M","?","R","B",null,"M","M","M","$","M","R","E","?","T","M","R","$","M","M","R","B",null,"M","$","M","?","M","R","?","?","T","M","R","M","M","M","R","B",null],"character_chosen":"THE_SILENT","items_purchased":["Footwork","Backflip","Mayhem","Poisoned Stab","TwistedFunnel"],"campfire_rested":5,"item_purchase_floors":[4,4,21,36,36],"current_hp_per_floor":[70,59,52,52,52,52,52,52,52,52,38,59,59,59,59,45,70,70,63,48,48,46,67,50,29,29,29,50,50,50,42,63,49,70,70,70,70,70,70,70,70,70,70,55,55,40,31,24,45,11],"gold":539,"neow_bonus":"THREE_ENEMY_KILL","is_prod":false,"is_daily":false,"chose_seed":false,"campfire_upgraded":5,"win_rate":0,"timestamp":1544907478,"path_taken":["M","?","?","$","M","E","R","?","T","R","?","R","M","?","R","BOSS","M","M","M","$","M","R","E","?","T","M","R","$","M","?","R","BOSS","M","$","M","?","M","R","?","?","T","?","R","M","M","M","R","BOSS"],"build_version":"2018-12-13","purchased_purges":4,"victory":true,"max_hp_per_floor":[70,70,70,70,70,70,70,70,70,70,70,70,70,70,70,70,70,70,70,70,70,70,70,70,70,70,70,70,70,70,70,70,70,70,70,70,70,70,70,70,70,70,70,70,70,70,70,70,70,70],"card_choices":[{"not_picked":["Bane","Flechettes"],"picked":"Deadly Poison","floor":1.0},{"not_picked":["Blade Dance","Choke"],"picked":"Leg Sweep","floor":5.0},{"not_picked":["Underhanded Strike","Dagger Spray","Leg Sweep"],"picked":"SKIP","floor":6.0},{"not_picked":["Underhanded Strike","Dagger Spray","Leg Sweep"],"picked":"SKIP","floor":6.0},{"not_picked":["Setup","Outmaneuver"],"picked":"Well Laid Plans","floor":8.0},{"not_picked":["Blade Dance","Cloak And Dagger"],"picked":"After Image","floor":13.0},{"not_picked":["Phantasmal Killer","A Thousand Cuts"],"picked":"Envenom","floor":16.0},{"not_picked":["Dagger Throw","Accuracy","Infinite Blades"],"picked":"SKIP","floor":19.0},{"not_picked":["Eviscerate","Crippling Poison"],"picked":"Bane","floor":20.0},{"not_picked":["Infinite Blades","Underhanded Strike"],"picked":"Footwork+1","floor":22.0},{"not_picked":["Setup","Endless Agony","Cloak And Dagger"],"picked":"SKIP","floor":24.0},{"not_picked":["Quick Slash","Sucker Punch","Concentrate"],"picked":"SKIP","floor":27.0},{"not_picked":["Bane","Backflip"],"picked":"Poisoned Stab","floor":30.0},{"not_picked":["Escape Plan","Unload"],"picked":"Deadly Poison+1","floor":31.0},{"not_picked":["Bullet Time","Glass Knife"],"picked":"Night Terror","floor":33.0},{"not_picked":["Acrobatics+1","Deadly Poison","Underhanded Strike+1"],"picked":"SKIP","floor":35.0},{"not_picked":["Dodge and Roll","Flying Knee","Cloak And Dagger"],"picked":"SKIP","floor":37.0},{"not_picked":["Good Instincts","Discovery"],"picked":"Mayhem","floor":38.0},{"not_picked":["Quick Slash","Acrobatics+1","Escape Plan"],"picked":"SKIP","floor":39.0},{"not_picked":["Skewer","Setup","Blade Dance+1"],"picked":"SKIP","floor":44.0},{"not_picked":["PiercingWail+1","Tactician","Prepared+1"],"picked":"SKIP","floor":46.0},{"not_picked":["Prepared+1","PiercingWail","Dagger Throw+1"],"picked":"SKIP","floor":47.0},{"not_picked":["Dagger Throw+1","Finisher+1","Caltrops"],"picked":"SKIP","floor":48.0}],"player_experience":329318,"relics_obtained":[{"floor":6.0,"key":"Kunai"},{"floor":9.0,"key":"Bottled Lightning"},{"floor":24.0,"key":"Snake Skull"},{"floor":26.0,"key":"Bottled Tornado"},{"floor":41.0,"key":"Old Coin"},{"floor":43.0,"key":"Bag of Preparation"}],"event_choices":[{"damage_healed":0.0,"max_hp_gain":0.0,"max_hp_loss":0.0,"gold_gain":75.0,"event_name":"World of Goop","player_choice":"Gather Gold","floor":2.0,"gold_loss":0.0,"damage_taken":11.0},{"damage_healed":0.0,"max_hp_gain":0.0,"max_hp_loss":0.0,"gold_gain":75.0,"event_name":"FaceTrader","player_choice":"Touch","floor":3.0,"gold_loss":0.0,"damage_taken":7.0},{"damage_healed":0.0,"max_hp_gain":0.0,"max_hp_loss":0.0,"gold_gain":0.0,"event_name":"Shining Light","player_choice":"Entered Light","floor":11.0,"gold_loss":0.0,"damage_taken":14.0,"cards_upgraded":["Deadly Poison","Defend_G"]},{"damage_healed":0.0,"max_hp_gain":0.0,"max_hp_loss":0.0,"gold_gain":175.0,"event_name":"Liars Game","player_choice":"AGREE","floor":14.0,"gold_loss":0.0,"damage_taken":0.0,"cards_obtained":["Doubt"]},{"damage_healed":0.0,"max_hp_gain":0.0,"max_hp_loss":0.0,"gold_gain":180.0,"event_name":"Knowing Skull","player_choice":"GOLD GOLD ","floor":25.0,"potions_obtained":[],"gold_loss":0.0,"damage_taken":21.0,"cards_obtained":[]},{"damage_healed":0.0,"max_hp_gain":0.0,"max_hp_loss":0.0,"gold_gain":0.0,"event_name":"SensoryStone","player_choice":"Memory 1","floor":38.0,"gold_loss":0.0,"damage_taken":0.0},{"damage_healed":0.0,"max_hp_gain":0.0,"max_hp_loss":0.0,"gold_gain":0.0,"event_name":"MindBloom","player_choice":"Fight","floor":41.0,"gold_loss":0.0,"damage_taken":0.0},{"damage_healed":0.0,"max_hp_gain":0.0,"max_hp_loss":0.0,"gold_gain":0.0,"event_name":"Upgrade Shrine","player_choice":"Upgraded","floor":42.0,"gold_loss":0.0,"damage_taken":0.0,"cards_upgraded":["Mayhem"]}],"is_beta":false,"boss_relics":[{"not_picked":["Snecko Eye","Eternal Feather"],"picked":"Velvet Choker"},{"not_picked":["Busted Crown","White Beast Statue"],"picked":"Empty Cage"}],"items_purged_floors":[4,21,29,36],"is_endless":false,"potions_floor_spawned":[5,6,13,20,24,27,30,33,39,41,46],"ascension_level":0}