{"gold_per_floor":[115,85,85,85,95,95,124,136,173,185,214,226,238,262,274,383,395,421,446,458,213,223,223,223,223,223,223,27,37,47,60,60,60],"floor_reached":33,"playtime":1549,"items_purged":["Strike_R"],"score":270,"play_id":"c73993c9-e8bb-45ed-856c-876698695080","local_time":"20181031221810","is_ascension_mode":false,"campfire_choices":[{"data":"Shockwave","floor":6,"key":"SMITH"},{"data":"Combust","floor":8,"key":"SMITH"},{"data":"Whirlwind","floor":10,"key":"SMITH"},{"data":"Bash","floor":12,"key":"SMITH"},{"data":"Dropkick","floor":15,"key":"SMITH"},{"data":"Metamorphosis","floor":23,"key":"SMITH"},{"data":"True Grit","floor":25,"key":"SMITH"},{"data":"Berserk","floor":27,"key":"SMITH"},{"floor":32,"key":"REST"}],"neow_cost":"NONE","seed_source_timestamp":11730893019740,"circlet_count":0,"master_deck":["Defend_R","Defend_R","Defend_R","Defend_R","Bash+1","Whirlwind+1","Shockwave+1","Combust+1","Dropkick+1","Berserk+1","True Grit+1","Metamorphosis+1","Bite","Bite","Bite","Bite","Bite","Rage","Inflame"],"relics":["Burning Blood","Orichalcum","Oddly Smooth Stone","MawBank","Pen Nib","Busted Crown","Ornamental Fan","Chemical X"],"potions_floor_usage":[33,33],"damage_taken":[{"damage":0,"enemies":"2 Louse","floor":1,"turns":3},{"damage":3,"enemies":"Cultist","floor":5,"turns":4},{"damage":11,"enemies":"Gremlin Nob","floor":7,"turns":5},{"damage":6,"enemies":"Jaw Worm","floor":11,"turns":5},{"damage":17,"enemies":"Large Slime","floor":14,"turns":4},{"damage":36,"enemies":"The Guardian","floor":16,"turns":11},{"damage":16,"enemies":"Shell Parasite","floor":18,"turns":5},{"damage":7,"enemies":"Spheric Guardian","floor":19,"turns":3},{"damage":18,"enemies":"Colosseum Slavers","floor":20,"turns":5},{"damage":20,"enemies":"Centurion and Healer","floor":22,"turns":4},{"damage":20,"enemies":"3 Cultists","floor":29,"turns":5},{"damage":24,"enemies":"Snake Plant","floor":30,"turns":4},{"damage":30,"enemies":"Chosen and Byrds","floor":31,"turns":6},{"damage":76,"enemies":"Champ","floor":33,"turns":6}],"seed_played":"-5818758973843624968","potions_obtained":[{"floor":1,"key":"Regen Potion"},{"floor":2,"key":"FairyPotion"},{"floor":2,"key":"FearPotion"},{"floor":5,"key":"Poison Potion"},{"floor":16,"key":"LiquidBronze"},{"floor":29,"key":"SkillPotion"},{"floor":30,"key":"Dexterity Potion"}],"is_trial":false,"path_per_floor":["M","?","?","?","M","R","E","R","T","R","M","R","?","M","R","B",null,"M","M","?","$","M","R","?","R","T","R","$","M","M","M","R"],"character_chosen":"IRONCLAD","items_purchased":["Metamorphosis","Chemical X"],"campfire_rested":1,"item_purchase_floors":[21,28],"current_hp_per_floor":[80,80,80,85,85,85,80,80,80,80,80,80,73,62,62,32,85,75,74,62,62,48,48,48,48,48,48,48,42,32,26,43,0],"gold":60,"neow_bonus":"RANDOM_COMMON_RELIC","is_prod":false,"is_daily":false,"chose_seed":false,"campfire_upgraded":8,"win_rate":0,"timestamp":1541013490,"path_taken":["M","?","?","?","M","R","E","R","T","R","M","R","?","M","R","BOSS","M","M","?","$","M","R","?","R","T","R","$","M","M","M","R","BOSS"],"build_version":"2018-10-25v2","purchased_purges":1,"victory":false,"max_hp_per_floor":[80,80,80,85,85,85,85,85,85,85,85,85,85,85,85,85,85,85,85,85,85,85,85,59,59,59,59,59,59,59,59,59,59],"card_choices":[{"not_picked":["Sever Soul","Disarm"],"picked":"Whirlwind","floor":1},{"not_picked":["Sword Boomerang","Cleave"],"picked":"Shockwave","floor":5},{"not_picked":["Hemokinesis","Ghostly Armor"],"picked":"Combust","floor":7},{"not_picked":["Seeing Red","Spot Weakness"],"picked":"Dropkick","floor":11},{"not_picked":["Heavy Blade","Thunderclap","Wild Strike"],"picked":"SKIP","floor":14},{"not_picked":["Fiend Fire","Brutality"],"picked":"Berserk","floor":16},{"not_picked":[],"picked":"True Grit","floor":18},{"not_picked":["Whirlwind+1"],"picked":"SKIP","floor":19},{"not_picked":["Flex"],"picked":"SKIP","floor":22},{"not_picked":["Infernal Blade"],"picked":"SKIP","floor":29},{"not_picked":[],"picked":"Rage","floor":30},{"not_picked":[],"picked":"Inflame","floor":31}],"player_experience":118660,"relics_obtained":[{"floor":7,"key":"MawBank"},{"floor":9,"key":"Pen Nib"},{"floor":26,"key":"Ornamental Fan"}],"event_choices":[{"damage_healed":0,"gold_gain":0,"player_choice":"Bought 2 Potions","damage_taken":0,"max_hp_gain":0,"max_hp_loss":0,"event_name":"The Woman in Blue","floor":2,"gold_loss":0},{"damage_healed":0,"gold_gain":0,"player_choice":"Gave Potion","damage_taken":0,"relics_obtained":["Oddly Smooth Stone"],"max_hp_gain":0,"max_hp_loss":0,"event_name":"WeMeetAgain","floor":3,"gold_loss":0},{"damage_healed":0,"gold_gain":0,"player_choice":"Donut","damage_taken":0,"max_hp_gain":5,"max_hp_loss":0,"event_name":"Big Fish","floor":4,"gold_loss":0},{"cards_removed":["Strike_R"],"damage_healed":0,"gold_gain":0,"player_choice":"Card Removal","damage_taken":7,"max_hp_gain":0,"max_hp_loss":0,"event_name":"Golden Wing","floor":13,"gold_loss":0},{"damage_healed":0,"gold_gain":0,"player_choice":"Fight","damage_taken":0,"max_hp_gain":0,"max_hp_loss":0,"event_name":"Colosseum","floor":20,"gold_loss":0},{"damage_healed":0,"gold_gain":0,"player_choice":"Fled From Nobs","damage_taken":0,"max_hp_gain":0,"max_hp_loss":0,"event_name":"Colosseum","floor":20,"gold_loss":0},{"damage_healed":0,"gold_gain":0,"player_choice":"Became a vampire","damage_taken":0,"max_hp_gain":0,"max_hp_loss":26,"event_name":"Vampires","floor":24,"gold_loss":0,"cards_obtained":["Bite","Bite","Bite","Bite","Bite"]}],"is_beta":false,"boss_relics":[{"not_picked":["Mark of Pain","Fusion Hammer"],"picked":"Busted Crown"}],"items_purged_floors":[21],"is_endless":false,"potions_floor_spawned":[1,5,16,18,29,30],"killed_by":"Champ","ascension_level":0}