{"gold_per_floor":[11,11,30,30,30,69,87,87,111,130,143,143,218,218,218,338,338,359,231,231,156,177,177,200,200,200,238,13,13,51,66,66,190,190,215,215,239,255,98,137,37,37,37,37,37,37,37,52,52,52],"floor_reached":51,"playtime":3945,"items_purged":["Regret","Injury"],"score":942,"play_id":"4db7cf7d-7f55-4ddc-b16f-93019eaef5c7","local_time":"20190107215316","is_ascension_mode":true,"campfire_choices":[{"data":"Phantasmal Killer","floor":8.0,"key":"SMITH"},{"data":"Catalyst","floor":12.0,"key":"SMITH"},{"floor":15.0,"key":"REST"},{"data":"Adrenaline","floor":23.0,"key":"SMITH"},{"data":"Panacea","floor":25.0,"key":"SMITH"},{"data":"Bouncing Flask","floor":32.0,"key":"SMITH"},{"floor":42.0,"key":"REST"},{"data":"PanicButton","floor":44.0,"key":"SMITH"},{"data":"Night Terror","floor":45.0,"key":"SMITH"},{"floor":47.0,"key":"REST"},{"floor":49.0,"key":"REST"}],"neow_cost":"NO_GOLD","seed_source_timestamp":0,"circlet_count":0,"master_deck":["Defend_G+1","Defend_G+1","Defend_G+1","Defend_G+1","Survivor","Neutralize","Backflip+1","Bouncing Flask+1","Flying Knee","Backflip","Dash","Catalyst+1","Deadly Poison","Adrenaline+1","Cloak And Dagger+1","Bullet Time+1","Cloak And Dagger+1","Well Laid Plans","Panacea+1","Blur+1","Choke","Sucker Punch+1","Night Terror+1","Clumsy","Cloak And Dagger+1","Flechettes+1","Infinite Blades+1","PanicButton+1","Cloak And Dagger+1","Madness","Madness","Dash+1"],"special_seed":0,"relics":["Ring of the Snake","Golden Idol","Happy Flower","Blue Candle","Strawberry","Astrolabe","Dodecahedron","Juzu Bracelet","Potion Belt","War Paint","Calling Bell","Ancient Tea Set","Kunai","Pocketwatch","WingedGreaves","Centennial Puzzle"],"potions_floor_usage":[50,50,50,50],"damage_taken":[{"damage":1.0,"enemies":"Small Slimes","floor":1.0,"turns":4.0},{"damage":0.0,"enemies":"2 Louse","floor":3.0,"turns":2.0},{"damage":21.0,"enemies":"Gremlin Nob","floor":6.0,"turns":5.0},{"damage":0.0,"enemies":"Jaw Worm","floor":7.0,"turns":3.0},{"damage":0.0,"enemies":"Looter","floor":10.0,"turns":2.0},{"damage":2.0,"enemies":"Exordium Wildlife","floor":11.0,"turns":5.0},{"damage":23.0,"enemies":"Hexaghost","floor":16.0,"turns":9.0},{"damage":6.0,"enemies":"Shell Parasite","floor":18.0,"turns":4.0},{"damage":0.0,"enemies":"Chosen","floor":22.0,"turns":3.0},{"damage":8.0,"enemies":"Centurion and Healer","floor":24.0,"turns":9.0},{"damage":0.0,"enemies":"Slavers","floor":27.0,"turns":6.0},{"damage":4.0,"enemies":"Book of Stabbing","floor":30.0,"turns":5.0},{"damage":10.0,"enemies":"Cultist and Chosen","floor":31.0,"turns":7.0},{"damage":5.0,"enemies":"Champ","floor":33.0,"turns":12.0},{"damage":7.0,"enemies":"Orb Walker","floor":35.0,"turns":3.0},{"damage":21.0,"enemies":"3 Shapes","floor":37.0,"turns":5.0},{"damage":3.0,"enemies":"Spire Growth","floor":38.0,"turns":7.0},{"damage":14.0,"enemies":"Reptomancer","floor":40.0,"turns":9.0},{"damage":0.0,"enemies":"4 Shapes","floor":48.0,"turns":5.0},{"damage":23,"enemies":"Time Eater","floor":50,"turns":15}],"seed_played":"6682777808938779355","potions_obtained":[{"floor":3.0,"key":"Ancient Potion"},{"floor":6.0,"key":"SneckoOil"},{"floor":11.0,"key":"FearPotion"},{"floor":18.0,"key":"EssenceOfSteel"},{"floor":30.0,"key":"Weak Potion"},{"floor":33.0,"key":"EssenceOfSteel"},{"floor":38.0,"key":"FearPotion"}],"is_trial":false,"path_per_floor":["M","?","M","?","?","E","M","R","T","M","M","R","?","?","R","B",null,"M","$","?","?","M","R","M","R","T","E","$","?","E","M","R","B",null,"M","?","M","M","$","E","$","R","T","R","R","?","R","M","R","B",null],"character_chosen":"THE_SILENT","items_purchased":["Well Laid Plans","Panacea","Potion Belt","Blur","PanicButton"],"campfire_rested":4,"item_purchase_floors":[19,19,28,28,39],"current_hp_per_floor":[62,45,45,38,61,40,40,40,47,47,45,45,34,34,57,34,66,60,60,60,60,60,60,52,52,52,52,52,87,83,73,73,68,82,75,75,54,51,51,37,37,63,63,63,63,52,78,78,87,64],"gold":52,"neow_bonus":"TRANSFORM_TWO_CARDS","is_prod":false,"is_daily":false,"chose_seed":false,"campfire_upgraded":7,"win_rate":0,"timestamp":1546887196,"path_taken":["M","?","M","?","?","E","?","R","T","M","M","R","?","?","R","BOSS","M","$","?","?","M","R","M","R","T","E","$","?","E","M","R","BOSS","M","?","M","M","$","E","$","R","T","R","R","?","R","M","R","BOSS"],"build_version":"2019-01-03v4","purchased_purges":2,"victory":true,"max_hp_per_floor":[70,70,70,70,70,70,70,70,77,77,77,77,77,77,77,77,77,77,77,77,77,77,77,77,77,77,77,77,87,87,87,87,87,87,87,87,87,87,87,87,87,87,87,87,87,87,87,87,87,87],"card_choices":[{"not_picked":["Deflect","Quick Slash"],"picked":"Flying Knee","floor":1.0},{"not_picked":["Dodge and Roll","Poisoned Stab"],"picked":"Backflip","floor":3.0},{"not_picked":["Concentrate","Cloak And Dagger"],"picked":"Dash","floor":6.0},{"not_picked":["Deflect","PiercingWail"],"picked":"Phantasmal Killer","floor":7.0},{"not_picked":["PiercingWail","Skewer"],"picked":"Catalyst","floor":10.0},{"not_picked":["Dagger Throw","Outmaneuver"],"picked":"Deadly Poison","floor":11.0},{"not_picked":["After Image","Doppelganger"],"picked":"Adrenaline","floor":16.0},{"not_picked":["Masterful Stab+1","Expertise+1"],"picked":"Cloak And Dagger+1","floor":18.0},{"not_picked":["Quick Slash","Predator","Cloak And Dagger"],"picked":"SKIP","floor":22.0},{"not_picked":["Underhanded Strike","Deflect","Skewer+1"],"picked":"SKIP","floor":24.0},{"not_picked":["Underhanded Strike","Poisoned Stab","Accuracy"],"picked":"SKIP","floor":27.0},{"not_picked":["Finisher","Acrobatics"],"picked":"Choke","floor":30.0},{"not_picked":["Setup","Underhanded Strike"],"picked":"Sucker Punch+1","floor":31.0},{"not_picked":["Malaise","A Thousand Cuts"],"picked":"Night Terror","floor":33.0},{"not_picked":["Sucker Punch","Distraction"],"picked":"Cloak And Dagger+1","floor":35.0},{"not_picked":["Dodge and Roll","Accuracy+1"],"picked":"Flechettes+1","floor":37.0},{"not_picked":["Sucker Punch","Setup+1"],"picked":"Infinite Blades+1","floor":38.0},{"not_picked":["Deflect+1","Calculated Gamble+1"],"picked":"Cloak And Dagger+1","floor":40.0},{"not_picked":["Deadly Poison","Heel Hook+1"],"picked":"Dash+1","floor":48.0}],"player_experience":402957,"relics_obtained":[{"floor":6.0,"key":"Blue Candle"},{"floor":9.0,"key":"Strawberry"},{"floor":26.0,"key":"Dodecahedron"},{"floor":27.0,"key":"Juzu Bracelet"},{"floor":30.0,"key":"War Paint"},{"floor":34.0,"key":"Ancient Tea Set"},{"floor":34.0,"key":"Kunai"},{"floor":34.0,"key":"Pocketwatch"},{"floor":40.0,"key":"WingedGreaves"},{"floor":43.0,"key":"Centennial Puzzle"}],"event_choices":[{"damage_healed":0.0,"max_hp_gain":0.0,"max_hp_loss":0.0,"gold_gain":0.0,"event_name":"Golden Idol","player_choice":"Take Damage","floor":2.0,"gold_loss":0.0,"damage_taken":17.0,"relics_obtained":["Golden Idol"]},{"damage_healed":0.0,"max_hp_gain":0.0,"max_hp_loss":0.0,"gold_gain":0.0,"event_name":"Scrap Ooze","player_choice":"Success","floor":4.0,"gold_loss":0.0,"damage_taken":7.0,"relics_obtained":["Happy Flower"]},{"damage_healed":23.0,"max_hp_gain":0.0,"max_hp_loss":0.0,"gold_gain":0.0,"event_name":"Big Fish","player_choice":"Banana","floor":5.0,"gold_loss":0.0,"damage_taken":0.0},{"damage_healed":0.0,"max_hp_gain":0.0,"max_hp_loss":0.0,"gold_gain":75.0,"event_name":"World of Goop","player_choice":"Gather Gold","floor":13.0,"gold_loss":0.0,"damage_taken":11.0},{"cards_removed":["Strike_G"],"damage_healed":0.0,"max_hp_gain":0.0,"max_hp_loss":0.0,"gold_gain":0.0,"event_name":"Living Wall","player_choice":"Forget","floor":14.0,"gold_loss":0.0,"damage_taken":0.0},{"damage_healed":0.0,"max_hp_gain":0.0,"max_hp_loss":0.0,"gold_gain":0.0,"event_name":"Back to Basics","player_choice":"Simplicity","floor":20.0,"gold_loss":0.0,"damage_taken":0.0,"cards_upgraded":["Defend_G","Defend_G","Defend_G","Defend_G"]},{"cards_removed":["All Out Attack"],"damage_healed":0.0,"max_hp_gain":0.0,"max_hp_loss":0.0,"gold_gain":0.0,"event_name":"Beggar","player_choice":"Gave Gold","floor":21.0,"gold_loss":75.0,"damage_taken":0.0},{"cards_removed":["Phantasmal Killer"],"damage_healed":25.0,"max_hp_gain":10.0,"max_hp_loss":0.0,"gold_gain":0.0,"event_name":"Bonfire Elementals","player_choice":"Offered Rare","floor":29.0,"gold_loss":0.0,"damage_taken":0.0},{"damage_healed":0.0,"max_hp_gain":0.0,"max_hp_loss":0.0,"gold_gain":0.0,"event_name":"Tomb of Lord Red Mask","player_choice":"Ignored","floor":36.0,"gold_loss":0.0,"damage_taken":0.0},{"damage_healed":0.0,"max_hp_gain":0.0,"max_hp_loss":0.0,"gold_gain":0.0,"event_name":"Winding Halls","player_choice":"Embrace Madness","floor":46.0,"gold_loss":0.0,"damage_taken":11.0,"cards_obtained":["Madness","Madness"]}],"is_beta":false,"boss_relics":[{"not_picked":["Fusion Hammer","Runic Dome"],"picked":"Astrolabe"},{"not_picked":["Velvet Choker","Black Star"],"picked":"Calling Bell"}],"items_purged_floors":[39,41],"is_endless":false,"potions_floor_spawned":[3,6,11,18,30,33,38],"ascension_level":6}