{"gold_per_floor":[119,47,62,62,32,43,43,68,68,41,41,96,125,90,90,164,164,177,2,14,14,14,30,30,43,43,43,43,53,53,67,67,144,144,155,1154,1154,628,639,664,675,675,675,675,75,75,85,97,97,97],"floor_reached":51,"playtime":3918,"items_purged":["Strike_G","Strike_G"],"score":1359,"play_id":"039e9f5a-b9a5-42a7-a325-96cbd3924375","local_time":"20190112142608","is_ascension_mode":true,"campfire_choices":[{"data":"Well Laid Plans","floor":7.0,"key":"SMITH"},{"data":"Catalyst","floor":11.0,"key":"SMITH"},{"floor":15.0,"key":"REST"},{"floor":28.0,"key":"REST"},{"floor":32.0,"key":"REST"},{"data":"Night Terror","floor":44.0,"key":"SMITH"},{"data":"Blur","floor":46.0,"key":"SMITH"},{"data":"Dash","floor":49,"key":"SMITH"}],"neow_cost":"NONE","seed_source_timestamp":11841189297134,"circlet_count":0,"master_deck":["AscendersBane","Defend_G","Defend_G","Defend_G","Defend_G","Defend_G","Survivor","Neutralize","Deadly Poison","Well Laid Plans+1","Acrobatics","Dash+1","Catalyst+1","Poisoned Stab","Flying Knee","Wraith Form v2","Night Terror+1","Apotheosis+1","Outmaneuver+1","Blur+1","Choke","Bandage Up","Noxious Fumes+1","Backflip","Caltrops+1","Good Instincts"],"special_seed":0,"relics":["Ring of the Snake","NeowsBlessing","Gremlin Horn","Omamori","Gambling Chip","Darkstone Periapt","Busted Crown","Oddly Smooth Stone","Frozen Egg 2","Dream Catcher","Empty Cage","Calipers","Mercury Hourglass","Blue Candle","Singing Bowl","Bottled Lightning"],"potions_floor_usage":[50,50],"damage_taken":[{"damage":0.0,"enemies":"Small Slimes","floor":1.0,"turns":1.0},{"damage":0.0,"enemies":"Jaw Worm","floor":3.0,"turns":1.0},{"damage":0.0,"enemies":"Cultist","floor":6.0,"turns":1.0},{"damage":21.0,"enemies":"Lagavulin","floor":8.0,"turns":7.0},{"damage":11.0,"enemies":"3 Sentries","floor":12.0,"turns":11.0},{"damage":7.0,"enemies":"Gremlin Nob","floor":13.0,"turns":3.0},{"damage":64.0,"enemies":"Slime Boss","floor":16.0,"turns":16.0},{"damage":3.0,"enemies":"Spheric Guardian","floor":18.0,"turns":4.0},{"damage":11.0,"enemies":"Shell Parasite","floor":20.0,"turns":4.0},{"damage":4.0,"enemies":"Centurion and Healer","floor":23.0,"turns":5.0},{"damage":2.0,"enemies":"Cultist and Chosen","floor":25.0,"turns":4.0},{"damage":15.0,"enemies":"Shelled Parasite and Fungi","floor":29.0,"turns":5.0},{"damage":21.0,"enemies":"3 Cultists","floor":31.0,"turns":6.0},{"damage":0.0,"enemies":"Automaton","floor":33.0,"turns":17.0},{"damage":0.0,"enemies":"Orb Walker","floor":35.0,"turns":6.0},{"damage":0.0,"enemies":"3 Shapes","floor":39.0,"turns":6.0},{"damage":0.0,"enemies":"Nemesis","floor":40.0,"turns":11.0},{"damage":2.0,"enemies":"Jaw Worm Horde","floor":41.0,"turns":8.0},{"damage":5,"enemies":"Sphere and 2 Shapes","floor":47,"turns":8},{"damage":0,"enemies":"Spire Growth","floor":48,"turns":6},{"damage":69,"enemies":"Time Eater","floor":50,"turns":17}],"seed_played":"-5349840271118425206","potions_obtained":[{"floor":5.0,"key":"Poison Potion"},{"floor":5.0,"key":"Energy Potion"},{"floor":12.0,"key":"PowerPotion"},{"floor":13.0,"key":"AttackPotion"},{"floor":16.0,"key":"Poison Potion"},{"floor":18.0,"key":"SkillPotion"},{"floor":23.0,"key":"Poison Potion"},{"floor":29.0,"key":"PowerPotion"},{"floor":31.0,"key":"Block Potion"},{"floor":41.0,"key":"GhostInAJar"}],"is_trial":false,"path_per_floor":["M","$","M","?","?","M","R","E","T","$","R","?","E","?","R","B",null,"M","$","M","?","?","M","$","M","T","T","R","M","?","M","R","B",null,"M","?","?","$","M","E","M","T","T","R","$","R","M","M","R","B",null],"character_chosen":"THE_SILENT","items_purchased":["Well Laid Plans","Poisoned Stab","Apotheosis","Calipers","GamblersBrew","Noxious Fumes+1","Caltrops+1","Bottled Lightning","Good Instincts","Regen Potion"],"campfire_rested":3,"item_purchase_floors":[2,10,19,38,38,38,45,45,45,45],"current_hp_per_floor":[63,63,63,68,68,68,68,47,47,47,47,36,29,47,69,5,58,55,55,44,44,44,40,40,38,38,38,60,45,45,24,46,46,68,68,68,68,68,74,75,75,75,75,75,75,75,77,79,79,31],"gold":97,"neow_bonus":"THREE_ENEMY_KILL","is_prod":false,"is_daily":false,"chose_seed":false,"campfire_upgraded":5,"win_rate":0,"timestamp":1547292368,"path_taken":["M","$","M","?","?","?","R","E","T","?","R","?","E","?","R","BOSS","M","$","M","?","?","?","?","M","T","?","R","?","?","M","R","BOSS","M","?","?","$","M","E","M","?","T","R","$","R","M","M","R","BOSS"],"build_version":"2019-01-10","purchased_purges":2,"victory":true,"max_hp_per_floor":[70,70,70,75,75,75,75,75,75,75,75,75,75,75,75,75,75,75,75,75,75,75,75,75,75,75,75,75,75,75,75,75,75,75,75,75,75,75,75,75,75,75,75,75,75,75,77,79,79,79],"card_choices":[{"not_picked":["Poisoned Stab","Sucker Punch"],"picked":"Deadly Poison","floor":1.0},{"not_picked":["Bane","Prepared"],"picked":"Acrobatics","floor":3.0},{"not_picked":["Predator","Flying Knee"],"picked":"Dash","floor":6.0},{"not_picked":["Slice","Tactician"],"picked":"Catalyst","floor":8.0},{"not_picked":["Bane","PiercingWail"],"picked":"Flying Knee","floor":12.0},{"not_picked":["Predator","Dagger Throw"],"picked":"Wraith Form v2","floor":13.0},{"not_picked":["Doppelganger","Storm of Steel"],"picked":"Night Terror","floor":16.0},{"not_picked":["Cloak And Dagger"],"picked":"SKIP","floor":18.0},{"not_picked":["Expertise"],"picked":"SKIP","floor":20.0},{"not_picked":[],"picked":"Outmaneuver+1","floor":23.0},{"not_picked":["PiercingWail"],"picked":"SKIP","floor":25.0},{"not_picked":["Dodge and Roll"],"picked":"SKIP","floor":29.0},{"not_picked":["Outmaneuver"],"picked":"SKIP","floor":31.0},{"not_picked":[],"picked":"Blur","floor":32.0},{"not_picked":[],"picked":"Choke","floor":35.0},{"not_picked":[],"picked":"Bandage Up","floor":37.0},{"not_picked":["Sucker Punch"],"picked":"SKIP","floor":39.0},{"not_picked":["Dagger Spray+1"],"picked":"SKIP","floor":40.0},{"not_picked":[],"picked":"Backflip","floor":41.0},{"not_picked":["Bane+1"],"picked":"Singing Bowl","floor":47},{"not_picked":["Distraction"],"picked":"Singing Bowl","floor":48}],"player_experience":437522,"relics_obtained":[{"floor":8.0,"key":"Gremlin Horn"},{"floor":9.0,"key":"Omamori"},{"floor":12.0,"key":"Gambling Chip"},{"floor":13.0,"key":"Darkstone Periapt"},{"floor":26.0,"key":"Oddly Smooth Stone"},{"floor":27.0,"key":"Frozen Egg 2"},{"floor":40.0,"key":"Mercury Hourglass"},{"floor":42.0,"key":"Blue Candle"},{"floor":43.0,"key":"Singing Bowl"}],"event_choices":[{"damage_healed":0.0,"max_hp_gain":5.0,"max_hp_loss":0.0,"gold_gain":0.0,"event_name":"Big Fish","player_choice":"Donut","floor":4.0,"gold_loss":0.0,"damage_taken":0.0},{"damage_healed":0.0,"max_hp_gain":0.0,"max_hp_loss":0.0,"gold_gain":0.0,"event_name":"The Woman in Blue","player_choice":"Bought 2 Potions","floor":5.0,"gold_loss":0.0,"damage_taken":0.0},{"damage_healed":0.0,"max_hp_gain":0.0,"max_hp_loss":0.0,"gold_gain":0.0,"event_name":"Dead Adventurer","player_choice":"Searched \u00272\u0027 times","floor":12.0,"gold_loss":0.0,"damage_taken":0.0},{"damage_healed":18.0,"max_hp_gain":0.0,"max_hp_loss":0.0,"gold_gain":0.0,"event_name":"The Cleric","player_choice":"Healed","floor":14.0,"gold_loss":35.0,"damage_taken":0.0},{"cards_removed":["Strike_G"],"damage_healed":0.0,"max_hp_gain":0.0,"max_hp_loss":0.0,"gold_gain":0.0,"event_name":"Back to Basics","player_choice":"Elegance","floor":21.0,"gold_loss":0.0,"damage_taken":0.0},{"damage_healed":0.0,"max_hp_gain":0.0,"max_hp_loss":0.0,"gold_gain":0.0,"event_name":"Accursed Blacksmith","player_choice":"Forge","floor":22.0,"gold_loss":0.0,"damage_taken":0.0,"cards_upgraded":["Apotheosis"]},{"damage_healed":0.0,"max_hp_gain":0.0,"max_hp_loss":0.0,"gold_gain":0.0,"event_name":"The Mausoleum","player_choice":"Opened","floor":30.0,"gold_loss":0.0,"damage_taken":0.0,"relics_obtained":["Dream Catcher"]},{"damage_healed":0.0,"max_hp_gain":0.0,"max_hp_loss":0.0,"gold_gain":999.0,"event_name":"MindBloom","player_choice":"Gold","floor":36.0,"gold_loss":0.0,"damage_taken":0.0,"cards_obtained":["Normality","Normality"]},{"damage_healed":0.0,"max_hp_gain":0.0,"max_hp_loss":0.0,"gold_gain":0.0,"event_name":"SensoryStone","player_choice":"Memory 1","floor":37.0,"gold_loss":0.0,"damage_taken":0.0}],"is_beta":false,"boss_relics":[{"not_picked":["Coffee Dripper","Tiny House"],"picked":"Busted Crown"},{"not_picked":["Cursed Key","HoveringKite"],"picked":"Empty Cage"}],"items_purged_floors":[38,45],"is_endless":false,"potions_floor_spawned":[12,13,16,18,23,29,31,39,41,47],"ascension_level":13}