{"gold_per_floor":[113,213,230,230,250,250,263,297,297,309,321,373,385,418,430,570,582,608,645,677,707,732,744,780,792,853,906,959,971],"floor_reached":29,"playtime":1847,"items_purged":[],"score":321,"play_id":"733b8687-c89a-4510-9a4e-97dfd17cdf44","local_time":"20190110130832","is_ascension_mode":true,"campfire_choices":[{"data":"Bash","floor":6,"key":"SMITH"},{"data":"Offering","floor":10,"key":"SMITH"},{"data":"Iron Wave","floor":13,"key":"SMITH"},{"data":"Rampage","floor":15,"key":"SMITH"},{"data":"Feed","floor":23,"key":"SMITH"},{"data":"Shrug It Off","floor":25,"key":"SMITH"}],"neow_cost":"NONE","seed_source_timestamp":576084056733014,"circlet_count":0,"master_deck":["Strike_R","Strike_R","Strike_R","Defend_R","Defend_R","Defend_R","Defend_R","Bash+1","Headbutt","Sword Boomerang","Offering+1","Iron Wave+1","Clash","Rampage+1","Flex","Feed+1","Flex","Headbutt+1","True Grit+1","Warcry+1","Thunderclap","Shrug It Off+1","Feed","Wild Strike+1"],"relics":["Burning Blood","Regal Pillow","MawBank","Golden Idol","Letter Opener","Eternal Feather","Omamori","The Courier","Red Mask"],"potions_floor_usage":[8,19,20,21,27,28,29],"damage_taken":[{"damage":0,"enemies":"Small Slimes","floor":1,"turns":3},{"damage":0,"enemies":"Cultist","floor":3,"turns":3},{"damage":0,"enemies":"2 Louse","floor":5,"turns":3},{"damage":6,"enemies":"Large Slime","floor":7,"turns":4},{"damage":16,"enemies":"Gremlin Nob","floor":8,"turns":3},{"damage":21,"enemies":"3 Sentries","floor":12,"turns":8},{"damage":6,"enemies":"Blue Slaver","floor":14,"turns":2},{"damage":49,"enemies":"The Guardian","floor":16,"turns":9},{"damage":13,"enemies":"Chosen","floor":18,"turns":3},{"damage":17,"enemies":"2 Thieves","floor":19,"turns":3},{"damage":23,"enemies":"Snake Plant","floor":20,"turns":3},{"damage":27,"enemies":"3 Cultists","floor":21,"turns":5},{"damage":6,"enemies":"Chosen and Byrds","floor":22,"turns":3},{"damage":24,"enemies":"Centurion and Healer","floor":24,"turns":3},{"damage":18,"enemies":"Gremlin Leader","floor":27,"turns":5},{"damage":10,"enemies":"Masked Bandits","floor":28,"turns":4},{"damage":36,"enemies":"Book of Stabbing","floor":29,"turns":4}],"seed_played":"4038282983694518367","potions_obtained":[{"floor":1,"key":"Fire Potion"},{"floor":14,"key":"Dexterity Potion"},{"floor":16,"key":"Energy Potion"},{"floor":18,"key":"SkillPotion"},{"floor":19,"key":"Swift Potion"},{"floor":22,"key":"EssenceOfSteel"},{"floor":28,"key":"Swift Potion"}],"is_trial":false,"path_per_floor":["M","?","M","?","M","R","M","E","T","R","?","E","R","M","R","B",null,"M","M","M","M","M","R","M","R","T","E","?","E"],"character_chosen":"IRONCLAD","items_purchased":[],"campfire_rested":0,"item_purchase_floors":[],"current_hp_per_floor":[80,80,80,73,79,79,79,69,69,69,69,54,54,54,54,11,74,70,62,45,27,27,39,25,37,37,29,32,0],"gold":971,"neow_bonus":"REMOVE_CARD","is_prod":false,"is_daily":false,"chose_seed":false,"campfire_upgraded":6,"win_rate":0,"timestamp":1547096912,"path_taken":["M","?","?","?","M","R","M","E","T","R","?","E","R","M","R","BOSS","M","M","M","M","M","R","M","R","T","E","?","E"],"build_version":"2019-01-03v4","purchased_purges":0,"victory":false,"max_hp_per_floor":[80,80,80,80,80,80,80,80,80,80,74,74,74,74,74,74,74,77,80,80,83,83,83,87,87,87,91,98,98],"card_choices":[{"not_picked":["Flex","Body Slam"],"picked":"Headbutt","floor":1},{"not_picked":["Searing Blow","Spot Weakness"],"picked":"Sword Boomerang","floor":3},{"not_picked":["Body Slam","True Grit"],"picked":"Offering","floor":5},{"not_picked":["Ghostly Armor","Corruption"],"picked":"Iron Wave","floor":7},{"not_picked":["Twin Strike","Clothesline"],"picked":"Clash","floor":8},{"not_picked":["Perfected Strike","Havoc"],"picked":"Rampage","floor":12},{"not_picked":["Reckless Charge","True Grit"],"picked":"Flex","floor":14},{"not_picked":["Reaper","Fiend Fire"],"picked":"Feed","floor":16},{"not_picked":["Power Through","Corruption"],"picked":"Flex","floor":18},{"not_picked":["Hemokinesis","Wild Strike"],"picked":"Headbutt+1","floor":19},{"not_picked":["Rage","Intimidate"],"picked":"True Grit+1","floor":20},{"not_picked":["Body Slam","Second Wind"],"picked":"Warcry+1","floor":21},{"not_picked":["Flex","Pummel+1"],"picked":"Thunderclap","floor":22},{"not_picked":["True Grit","Sever Soul"],"picked":"Shrug It Off","floor":24},{"not_picked":["Combust","Sword Boomerang"],"picked":"Feed","floor":27},{"not_picked":["Disarm","Perfected Strike"],"picked":"Wild Strike+1","floor":28}],"player_experience":120564,"relics_obtained":[{"floor":8,"key":"Regal Pillow"},{"floor":9,"key":"MawBank"},{"floor":12,"key":"Letter Opener"},{"floor":26,"key":"Omamori"},{"floor":27,"key":"The Courier"},{"floor":28,"key":"Red Mask"}],"event_choices":[{"damage_healed":0,"gold_gain":100,"player_choice":"Gold","damage_taken":0,"max_hp_gain":0,"max_hp_loss":0,"event_name":"Wheel of Change","floor":2,"gold_loss":0},{"cards_removed":["Strike_R"],"damage_healed":0,"gold_gain":0,"player_choice":"Card Removal","damage_taken":7,"max_hp_gain":0,"max_hp_loss":0,"event_name":"Golden Wing","floor":4,"gold_loss":0},{"damage_healed":0,"gold_gain":0,"player_choice":"Lose Max HP","damage_taken":0,"relics_obtained":["Golden Idol"],"max_hp_gain":0,"max_hp_loss":6,"event_name":"Golden Idol","floor":11,"gold_loss":0},{"damage_healed":0,"gold_gain":0,"player_choice":"Fought Bandits","damage_taken":0,"max_hp_gain":0,"max_hp_loss":0,"event_name":"Masked Bandits","floor":28,"gold_loss":0}],"is_beta":false,"boss_relics":[{"not_picked":["Velvet Choker","Snecko Eye"],"picked":"Eternal Feather"}],"items_purged_floors":[],"is_endless":false,"potions_floor_spawned":[1,14,16,18,19,22,28],"killed_by":"Book of Stabbing","ascension_level":3}