{"gold_per_floor":[119,139,158,333,433,466,466,482,482,482,482],"floor_reached":11,"playtime":805,"items_purged":[],"score":80,"play_id":"e781169f-68b8-4628-974a-6f52d62726dc","local_time":"20190108232156","is_ascension_mode":true,"campfire_choices":[{"data":"Distraction","floor":7,"key":"SMITH"},{"data":"Strike_G","floor":10,"key":"PURGE"}],"neow_cost":"NONE","seed_source_timestamp":441125613006336,"circlet_count":0,"master_deck":["Defend_G","Defend_G","Defend_G","Defend_G","Defend_G","Strike_G","Strike_G","Strike_G","Survivor","Neutralize","Deflect","Flying Knee","Distraction+1","Doubt","Dagger Throw","Blur"],"relics":["Ring of the Snake","Sundial","Peace Pipe"],"potions_floor_usage":[6,8,11],"damage_taken":[{"damage":0,"enemies":"2 Louse","floor":1,"turns":5},{"damage":0,"enemies":"Small Slimes","floor":2,"turns":5},{"damage":1,"enemies":"Cultist","floor":3,"turns":4},{"damage":36,"enemies":"Lagavulin","floor":6,"turns":8},{"damage":12,"enemies":"Large Slime","floor":8,"turns":7},{"damage":36,"enemies":"Gremlin Nob","floor":11,"turns":4}],"seed_played":"5949501842587296424","potions_obtained":[{"floor":2,"key":"SteroidPotion"},{"floor":3,"key":"SkillPotion"},{"floor":6,"key":"Strength Potion"}],"is_trial":false,"path_per_floor":["M","M","M","?","?","E","R","M","T","R","E"],"character_chosen":"THE_SILENT","items_purchased":[],"campfire_rested":0,"item_purchase_floors":[],"current_hp_per_floor":[70,70,69,69,69,33,33,21,21,21,0],"gold":482,"neow_bonus":"REMOVE_CARD","is_prod":false,"is_daily":false,"chose_seed":false,"campfire_upgraded":1,"win_rate":0,"timestamp":1546960916,"path_taken":["M","M","M","?","?","E","R","M","T","R","E"],"build_version":"2019-01-03v4","purchased_purges":0,"victory":false,"max_hp_per_floor":[70,70,70,70,70,70,70,70,70,70,70],"card_choices":[{"not_picked":["Slice","Caltrops"],"picked":"Deflect","floor":1},{"not_picked":["PiercingWail","Infinite Blades"],"picked":"Flying Knee","floor":2},{"not_picked":["Backflip","Bane"],"picked":"Distraction","floor":3},{"not_picked":["Outmaneuver","Infinite Blades"],"picked":"Dagger Throw","floor":6},{"not_picked":["Quick Slash","Calculated Gamble"],"picked":"Blur","floor":8}],"player_experience":101082,"relics_obtained":[{"floor":6,"key":"Sundial"},{"floor":9,"key":"Peace Pipe"}],"event_choices":[{"damage_healed":0,"gold_gain":175,"player_choice":"AGREE","damage_taken":0,"max_hp_gain":0,"max_hp_loss":0,"event_name":"Liars Game","floor":4,"gold_loss":0,"cards_obtained":["Doubt"]},{"damage_healed":0,"gold_gain":100,"player_choice":"Pray","damage_taken":0,"max_hp_gain":0,"max_hp_loss":0,"event_name":"Golden Shrine","floor":5,"gold_loss":0}],"is_beta":false,"boss_relics":[],"items_purged_floors":[],"is_endless":false,"potions_floor_spawned":[2,3,6],"killed_by":"Gremlin Nob","ascension_level":2}