{"gold_per_floor":[365,330,348,348,362,362,378,378,405,432,432,447,447,447,447,519,519,530,543,543,76,94,126,126,157,184,184,184,134,134,151,151,227,227,242,262,262,279,132,132,161,161,188,188,201,213,232,81,81,81],"floor_reached":51,"playtime":2394,"items_purged":["Strike_R","Parasite"],"score":1258,"play_id":"06d470b6-177e-453b-994d-3c777ff671cf","local_time":"20190310181812","is_ascension_mode":true,"campfire_choices":[{"data":"Perfected Strike","floor":6,"key":"SMITH"},{"data":"True Grit","floor":8,"key":"SMITH"},{"floor":11,"key":"REST"},{"data":"Whirlwind","floor":13,"key":"SMITH"},{"data":"Demon Form","floor":15,"key":"SMITH"},{"floor":24,"key":"REST"},{"floor":28,"key":"REST"},{"data":"Shockwave","floor":30,"key":"SMITH"},{"data":"Clothesline","floor":32,"key":"SMITH"},{"data":"Shrug It Off","floor":40,"key":"SMITH"},{"data":"Pummel","floor":42,"key":"SMITH"},{"data":"Shrug It Off","floor":44,"key":"SMITH"},{"data":"Flame Barrier","floor":49,"key":"SMITH"}],"neow_cost":"PERCENT_DAMAGE","seed_source_timestamp":10665847579300,"circlet_count":0,"master_deck":["AscendersBane","Strike_R","Strike_R","Strike_R","Strike_R","Defend_R","Defend_R+1","Defend_R+1","Bash","Perfected Strike+1","True Grit+1","Demon Form+1","Shockwave+1","Shrug It Off+1","Whirlwind+1","Feel No Pain+1","Dark Embrace+1","Clothesline+1","Shrug It Off+1","Demon Form+1","Pummel+1","Impervious","Pommel Strike+1","Metallicize+1","Flame Barrier+1","Heavy Blade+1","Uppercut+1"],"relics":["Burning Blood","Dream Catcher","Centennial Puzzle","Frozen Egg 2","Snecko Eye","War Paint","Pantograph","Bronze Scales","Bottled Lightning","Anchor","Enchiridion","Cursed Key","Happy Flower","Molten Egg 2","Orichalcum"],"potions_floor_usage":[10,16,16,23,33,36,48,50,50],"damage_taken":[{"damage":11,"enemies":"Jaw Worm","floor":1,"turns":5},{"damage":7,"enemies":"Small Slimes","floor":3,"turns":3},{"damage":0,"enemies":"2 Louse","floor":5,"turns":2},{"damage":14,"enemies":"Lots of Slimes","floor":7,"turns":6},{"damage":20,"enemies":"3 Sentries","floor":10,"turns":6},{"damage":6,"enemies":"2 Fungi Beasts","floor":12,"turns":4},{"damage":26,"enemies":"The Guardian","floor":16,"turns":9},{"damage":10,"enemies":"Shell Parasite","floor":18,"turns":5},{"damage":15,"enemies":"3 Byrds","floor":19,"turns":5},{"damage":15,"enemies":"Sentry and Sphere","floor":22,"turns":6},{"damage":14,"enemies":"Book of Stabbing","floor":23,"turns":5},{"damage":39,"enemies":"Gremlin Leader","floor":25,"turns":5},{"damage":1,"enemies":"Centurion and Healer","floor":31,"turns":4},{"damage":50,"enemies":"Automaton","floor":33,"turns":9},{"damage":6,"enemies":"Orb Walker","floor":35,"turns":3},{"damage":6,"enemies":"3 Darklings","floor":36,"turns":4},{"damage":0,"enemies":"4 Shapes","floor":38,"turns":7},{"damage":10,"enemies":"Giant Head","floor":41,"turns":7},{"damage":0,"enemies":"Writhing Mass","floor":45,"turns":7},{"damage":6,"enemies":"3 Darklings","floor":46,"turns":4},{"damage":3,"enemies":"Spire Growth","floor":47,"turns":4},{"damage":27,"enemies":"Donu and Deca","floor":50,"turns":7}],"seed_played":"1384634206918986590","potions_obtained":[{"floor":1,"key":"SkillPotion"},{"floor":3,"key":"Strength Potion"},{"floor":12,"key":"Weak Potion"},{"floor":16,"key":"SteroidPotion"},{"floor":19,"key":"SkillPotion"},{"floor":23,"key":"BloodPotion"},{"floor":31,"key":"Weak Potion"},{"floor":33,"key":"Explosive Potion"},{"floor":41,"key":"Weak Potion"},{"floor":47,"key":"Fruit Juice"}],"is_trial":false,"path_per_floor":["M","?","M","?","M","R","M","R","T","E","R","M","R","?","R","B",null,"M","M","?","$","M","E","R","E","T","?","R","?","R","M","R","B",null,"M","M","?","M","$","R","E","R","T","R","M","M","M","$","R","B",null],"character_chosen":"IRONCLAD","items_purchased":["War Paint","Pantograph","Happy Flower","Block Potion"],"campfire_rested":3,"item_purchase_floors":[21,21,39,48],"current_hp_per_floor":[45,63,62,27,33,33,25,25,25,11,33,33,33,38,38,18,65,61,52,52,52,43,35,59,26,26,5,29,29,29,34,34,15,64,64,72,72,78,78,78,74,74,74,74,80,80,80,82,82,61],"gold":81,"neow_bonus":"TWO_FIFTY_GOLD","is_prod":false,"is_daily":false,"chose_seed":false,"campfire_upgraded":10,"win_rate":0,"timestamp":1552267092,"path_taken":["M","?","M","?","M","R","?","R","T","E","R","M","R","?","R","BOSS","M","M","?","$","?","E","R","E","T","?","R","?","R","M","R","BOSS","M","?","?","M","?","R","E","R","T","R","M","M","M","$","R","BOSS"],"build_version":"2019-01-23","purchased_purges":2,"victory":true,"max_hp_per_floor":[75,75,75,75,75,75,75,75,75,75,75,75,75,80,80,80,80,80,80,80,80,80,80,80,80,80,80,80,80,80,80,80,80,80,80,80,80,80,80,80,80,80,80,80,80,80,80,82,82,82],"card_choices":[{"not_picked":["Heavy Blade","Seeing Red"],"picked":"Perfected Strike","floor":1},{"not_picked":["Second Wind","Wild Strike"],"picked":"True Grit","floor":3},{"not_picked":["Heavy Blade","Sword Boomerang"],"picked":"Demon Form","floor":5},{"not_picked":["Searing Blow","Ghostly Armor"],"picked":"Shockwave","floor":7},{"not_picked":["Sword Boomerang","Rupture"],"picked":"Shrug It Off","floor":10},{"not_picked":["Havoc","Shockwave"],"picked":"Whirlwind","floor":11},{"not_picked":["Inflame+1","Seeing Red"],"picked":"Feel No Pain+1","floor":12},{"not_picked":["Bludgeon","Limit Break"],"picked":"Dark Embrace+1","floor":16},{"not_picked":["Twin Strike","Thunderclap"],"picked":"Clothesline","floor":18},{"not_picked":["Havoc","Armaments"],"picked":"Shrug It Off","floor":19},{"not_picked":["Hemokinesis+1","Dual Wield","True Grit"],"picked":"SKIP","floor":22},{"not_picked":["Anger","Searing Blow","Havoc"],"picked":"SKIP","floor":23},{"not_picked":["Hemokinesis","Anger","Pommel Strike"],"picked":"SKIP","floor":25},{"not_picked":["Pommel Strike","Blood for Blood"],"picked":"Pummel","floor":31},{"not_picked":["Bludgeon","Exhume"],"picked":"Impervious","floor":33},{"not_picked":["Cleave","Bloodletting"],"picked":"Pommel Strike+1","floor":35},{"not_picked":["Twin Strike","Clash","Dropkick+1"],"picked":"SKIP","floor":36},{"not_picked":["Wild Strike+1","Rage"],"picked":"Metallicize+1","floor":38},{"not_picked":["Sword Boomerang","Thunderclap","Rampage"],"picked":"SKIP","floor":41},{"not_picked":["Hemokinesis+1","Twin Strike+1"],"picked":"Flame Barrier","floor":45},{"not_picked":["Dropkick+1","Flex"],"picked":"Heavy Blade+1","floor":46},{"not_picked":["Rampage+1","Shrug It Off"],"picked":"Uppercut+1","floor":47}],"player_experience":444338,"relics_obtained":[{"floor":9,"key":"Centennial Puzzle"},{"floor":10,"key":"Frozen Egg 2"},{"floor":23,"key":"Bronze Scales"},{"floor":25,"key":"Bottled Lightning"},{"floor":26,"key":"Anchor"},{"floor":27,"key":"Enchiridion"},{"floor":41,"key":"Molten Egg 2"},{"floor":43,"key":"Orichalcum"}],"event_choices":[{"damage_healed":18,"gold_gain":0,"player_choice":"Healed","damage_taken":0,"max_hp_gain":0,"max_hp_loss":0,"event_name":"The Cleric","floor":2,"gold_loss":35},{"damage_healed":0,"gold_gain":0,"player_choice":"Success","damage_taken":35,"relics_obtained":["Dream Catcher"],"max_hp_gain":0,"max_hp_loss":0,"event_name":"Scrap Ooze","floor":4,"gold_loss":0},{"damage_healed":0,"gold_gain":0,"player_choice":"Donut","damage_taken":0,"max_hp_gain":5,"max_hp_loss":0,"event_name":"Big Fish","floor":14,"gold_loss":0},{"damage_healed":0,"gold_gain":0,"player_choice":"Copied","damage_taken":0,"max_hp_gain":0,"max_hp_loss":0,"event_name":"Duplicator","floor":20,"gold_loss":0,"cards_obtained":["Demon Form"]},{"damage_healed":0,"gold_gain":0,"player_choice":"Obtained Book","damage_taken":21,"max_hp_gain":0,"max_hp_loss":0,"event_name":"Cursed Tome","floor":27,"gold_loss":0},{"damage_healed":0,"gold_gain":0,"player_choice":"Bet on Murderer","damage_taken":0,"max_hp_gain":0,"max_hp_loss":0,"event_name":"The Joust","floor":29,"gold_loss":50},{"cards_removed":["Defend_R"],"damage_healed":0,"gold_gain":0,"player_choice":"Removed Skill","damage_taken":0,"max_hp_gain":0,"max_hp_loss":0,"event_name":"Falling","floor":37,"gold_loss":0}],"is_beta":false,"boss_relics":[{"not_picked":["Runic Pyramid","Fusion Hammer"],"picked":"Snecko Eye"},{"not_picked":["Mark of Pain","White Beast Statue"],"picked":"Cursed Key"}],"items_purged_floors":[21,48],"is_endless":false,"potions_floor_spawned":[1,3,12,16,19,23,31,33,35,41,47],"ascension_level":15}