{"gold_per_floor":[110,129,141,155,155,155,182,182,182,214,224,224,237,251,251,353,353,368,383,399,66,82,108,108],"floor_reached":24,"playtime":1505,"items_purged":["Strike_B"],"score":257,"play_id":"2fdea753-eda4-4af5-8300-874f9edf08c6","local_time":"20190107224832","is_ascension_mode":false,"campfire_choices":[{"data":"Zap","floor":6,"key":"SMITH"},{"data":"Chaos","floor":8,"key":"SMITH"},{"data":"Dualcast","floor":12,"key":"SMITH"},{"data":"Aggregate","floor":15,"key":"SMITH"}],"neow_cost":"NONE","seed_source_timestamp":352013651828432,"circlet_count":0,"master_deck":["Strike_B","Strike_B","Strike_B","Defend_B","Defend_B","Defend_B","Defend_B","Zap+1","Dualcast+1","Chill","Sunder","Compile Driver","Ball Lightning","Chaos+1","Aggregate+1","Cold Snap+1","FTL+1","Scrape+1","Fission","Compile Driver+1","Static Discharge","Ball Lightning+1","Blizzard+1","Rebound+1"],"relics":["Cracked Core","Omamori","Meat on the Bone","Ice Cream","Molten Egg 2","Art of War","Runic Pyramid","Letter Opener","Toxic Egg 2"],"potions_floor_usage":[10,16,19,20,24],"damage_taken":[{"damage":1,"enemies":"Jaw Worm","floor":1,"turns":4},{"damage":0,"enemies":"Cultist","floor":2,"turns":4},{"damage":0,"enemies":"2 Louse","floor":3,"turns":2},{"damage":3,"enemies":"Large Slime","floor":4,"turns":6},{"damage":16,"enemies":"Lagavulin","floor":7,"turns":6},{"damage":0,"enemies":"3 Sentries","floor":10,"turns":5},{"damage":9,"enemies":"Exordium Wildlife","floor":11,"turns":4},{"damage":14,"enemies":"3 Louse","floor":13,"turns":2},{"damage":0,"enemies":"Red Slaver","floor":14,"turns":2},{"damage":42,"enemies":"The Guardian","floor":16,"turns":7},{"damage":5,"enemies":"Chosen","floor":18,"turns":3},{"damage":5,"enemies":"3 Byrds","floor":19,"turns":3},{"damage":9,"enemies":"Shelled Parasite and Fungi","floor":20,"turns":3},{"damage":14,"enemies":"Snake Plant","floor":22,"turns":2},{"damage":34,"enemies":"Book of Stabbing","floor":23,"turns":4},{"damage":25,"enemies":"Centurion and Healer","floor":24,"turns":3}],"seed_played":"-7741076706494004682","potions_obtained":[{"floor":1,"key":"Fire Potion"},{"floor":10,"key":"Regen Potion"},{"floor":13,"key":"Ancient Potion"},{"floor":16,"key":"SkillPotion"},{"floor":18,"key":"Explosive Potion"},{"floor":23,"key":"FearPotion"}],"is_trial":false,"path_per_floor":["M","M","M","M","?","R","E","R","T","E","M","R","M","M","R","B",null,"M","M","M","$","M","E","M"],"character_chosen":"DEFECT","items_purchased":["Letter Opener"],"campfire_rested":0,"item_purchase_floors":[21],"current_hp_per_floor":[74,74,74,71,71,71,55,55,55,55,46,46,44,44,44,26,75,70,65,56,56,42,20,0],"gold":108,"neow_bonus":"RANDOM_COMMON_RELIC","is_prod":false,"is_daily":false,"chose_seed":false,"campfire_upgraded":4,"win_rate":0.0,"timestamp":1546872512,"path_taken":["M","M","M","M","?","R","E","R","T","E","M","R","M","M","R","BOSS","M","M","M","$","M","E","M"],"build_version":"2019-01-03v4","purchased_purges":1,"victory":false,"max_hp_per_floor":[75,75,75,75,75,75,75,75,75,75,75,75,75,75,75,75,75,75,75,75,75,75,75,75],"card_choices":[{"not_picked":["Scrape","Stack"],"picked":"Chill","floor":1},{"not_picked":["Compile Driver","Barrage"],"picked":"Sunder","floor":2},{"not_picked":["Go for the Eyes","Turbo"],"picked":"Compile Driver","floor":3},{"not_picked":["Blizzard","Steam"],"picked":"Ball Lightning","floor":4},{"not_picked":["Undo","Sweeping Beam"],"picked":"Chaos","floor":7},{"not_picked":["Go for the Eyes+1","Double Energy"],"picked":"Aggregate","floor":10},{"not_picked":["FTL+1","Sweeping Beam+1"],"picked":"Cold Snap+1","floor":11},{"not_picked":["Leap","Gash+1"],"picked":"FTL+1","floor":13},{"not_picked":["Reinforced Body","Beam Cell+1"],"picked":"Scrape+1","floor":14},{"not_picked":["Hyperbeam+1","Rainbow"],"picked":"Fission","floor":16},{"not_picked":["Gash+1","Auto Shields"],"picked":"Compile Driver+1","floor":18},{"not_picked":["Heatsinks","Streamline+1"],"picked":"Static Discharge","floor":19},{"not_picked":["Cold Snap+1","Storm"],"picked":"Ball Lightning+1","floor":20},{"not_picked":["Go for the Eyes+1","Rebound+1"],"picked":"Blizzard+1","floor":22},{"not_picked":["Machine Learning","Gash+1"],"picked":"Rebound+1","floor":23}],"player_experience":84339,"relics_obtained":[{"floor":5,"key":"Meat on the Bone"},{"floor":7,"key":"Ice Cream"},{"floor":9,"key":"Molten Egg 2"},{"floor":10,"key":"Art of War"},{"floor":23,"key":"Toxic Egg 2"}],"event_choices":[{"damage_healed":0,"gold_gain":0,"player_choice":"Relic","damage_taken":0,"max_hp_gain":0,"max_hp_loss":0,"event_name":"Wheel of Change","floor":5,"gold_loss":0}],"is_beta":false,"boss_relics":[{"not_picked":["Runic Dome","Lizard Tail"],"picked":"Runic Pyramid"}],"items_purged_floors":[21],"is_endless":false,"potions_floor_spawned":[1,10,13,16,18,23],"killed_by":"Centurion and Healer","ascension_level":0}