{"gold_per_floor":[114,133,133,150,150,150,180,198,246,276,304,316,348,3,3,106,106,124,139,149,179,179],"floor_reached":22,"playtime":1711,"items_purged":[],"score":215,"play_id":"54b41013-dcf3-44c1-9359-4c907323fd5e","local_time":"20190105185757","is_ascension_mode":false,"campfire_choices":[{"data":"Zap","floor":6,"key":"SMITH"},{"data":"Go for the Eyes","floor":12,"key":"SMITH"},{"floor":15,"key":"REST"}],"neow_cost":"NONE","seed_source_timestamp":165164785592611,"circlet_count":0,"master_deck":["Zap+1","Dualcast+1","Gash","Sweeping Beam","Steam","Multi-Cast","Go for the Eyes+1","Static Discharge","Double Energy","Storm","Gash","Conserve Battery","Machine Learning","Auto Shields","Hello World","Chaos","Rainbow","Coolheaded","Streamline","Auto Shields","Beam Cell","Gash","Cold Snap+1","Stack+1","Seek","Gash","Sweeping Beam"],"relics":["Cracked Core","NeowsBlessing","Ornamental Fan","MawBank","Prayer Wheel","Pandora\u0027s Box","Red Mask"],"potions_floor_usage":[7,16,21],"damage_taken":[{"damage":0,"enemies":"Jaw Worm","floor":1,"turns":1},{"damage":0,"enemies":"Cultist","floor":2,"turns":1},{"damage":0,"enemies":"Small Slimes","floor":4,"turns":1},{"damage":20,"enemies":"Lagavulin","floor":7,"turns":5},{"damage":7,"enemies":"Gremlin Gang","floor":8,"turns":3},{"damage":7,"enemies":"Exordium Wildlife","floor":10,"turns":5},{"damage":0,"enemies":"2 Fungi Beasts","floor":11,"turns":4},{"damage":31,"enemies":"Large Slime","floor":13,"turns":4},{"damage":17,"enemies":"Hexaghost","floor":16,"turns":9},{"damage":9,"enemies":"Spheric Guardian","floor":18,"turns":4},{"damage":10,"enemies":"Shell Parasite","floor":19,"turns":6},{"damage":13,"enemies":"Snake Plant","floor":20,"turns":6},{"damage":17,"enemies":"Masked Bandits","floor":21,"turns":4},{"damage":14,"enemies":"Colosseum Slavers","floor":22,"turns":5},{"damage":21,"enemies":"Colosseum Nobs","floor":22,"turns":2}],"seed_played":"8782817829733392553","potions_obtained":[{"floor":4,"key":"Poison Potion"},{"floor":8,"key":"SpeedPotion"},{"floor":11,"key":"Regen Potion"},{"floor":18,"key":"Dexterity Potion"},{"floor":19,"key":"Swift Potion"},{"floor":20,"key":"Block Potion"}],"is_trial":false,"path_per_floor":["M","M","?","M","?","R","E","M","T","M","M","R","M","$","R","B",null,"M","M","M","?","?"],"character_chosen":"DEFECT","items_purchased":["Prayer Wheel","Conserve Battery"],"campfire_rested":1,"item_purchase_floors":[14,14],"current_hp_per_floor":[75,75,75,75,75,75,55,48,48,41,41,41,10,10,32,30,75,66,56,43,26,0],"gold":179,"neow_bonus":"THREE_ENEMY_KILL","is_prod":false,"is_daily":false,"chose_seed":false,"campfire_upgraded":2,"win_rate":0.0,"timestamp":1546685877,"path_taken":["M","M","?","?","?","R","E","M","T","M","?","R","M","$","R","BOSS","M","M","M","?","?"],"build_version":"2019-01-03v4","purchased_purges":0,"victory":false,"max_hp_per_floor":[75,75,75,75,75,75,75,75,75,75,75,75,75,75,75,75,75,75,75,75,75,75],"card_choices":[{"not_picked":["Barrage","Rip and Tear"],"picked":"Gash","floor":1},{"not_picked":["Coolheaded","Double Energy"],"picked":"Sweeping Beam","floor":2},{"not_picked":["BootSequence","Skim"],"picked":"Steam","floor":4},{"not_picked":["Reprogram","Coolheaded"],"picked":"Go for the Eyes","floor":7},{"not_picked":["Darkness","Heatsinks"],"picked":"Static Discharge","floor":8},{"not_picked":["Compile Driver","Steam"],"picked":"Double Energy","floor":10},{"not_picked":["Hello World","Steam"],"picked":"Storm","floor":11},{"not_picked":["Consume","Thunder Strike"],"picked":"Gash","floor":13},{"not_picked":["Thunder Strike","Biased Cognition"],"picked":"Machine Learning","floor":16},{"not_picked":["Steam","Ball Lightning+1"],"picked":"Beam Cell","floor":18},{"not_picked":["Conserve Battery","Doom and Gloom"],"picked":"Gash","floor":18},{"not_picked":["Static Discharge","Compile Driver"],"picked":"Cold Snap+1","floor":19},{"not_picked":["Darkness","Lockon+1"],"picked":"Stack+1","floor":19},{"not_picked":["Auto Shields","Steam+1"],"picked":"Seek","floor":20},{"not_picked":["Fusion","Redo"],"picked":"Gash","floor":20},{"not_picked":["Defragment","Compile Driver"],"picked":"Sweeping Beam","floor":21}],"player_experience":47893,"relics_obtained":[{"floor":7,"key":"Ornamental Fan"},{"floor":9,"key":"MawBank"},{"floor":21,"key":"Red Mask"}],"event_choices":[{"damage_healed":0,"gold_gain":0,"player_choice":"Forge","damage_taken":0,"max_hp_gain":0,"max_hp_loss":0,"event_name":"Accursed Blacksmith","floor":3,"gold_loss":0,"cards_upgraded":["Dualcast"]},{"damage_healed":0,"gold_gain":0,"cards_transformed":["Strike_B"],"player_choice":"Transformed","damage_taken":0,"max_hp_gain":0,"max_hp_loss":0,"event_name":"Transmorgrifier","floor":5,"gold_loss":0,"cards_obtained":["Multi-Cast"]},{"damage_healed":0,"gold_gain":0,"player_choice":"Fought Bandits","damage_taken":0,"max_hp_gain":0,"max_hp_loss":0,"event_name":"Masked Bandits","floor":21,"gold_loss":0},{"damage_healed":0,"gold_gain":0,"player_choice":"Fight","damage_taken":0,"max_hp_gain":0,"max_hp_loss":0,"event_name":"Colosseum","floor":22,"gold_loss":0},{"damage_healed":0,"gold_gain":0,"player_choice":"Fought Nobs","damage_taken":0,"max_hp_gain":0,"max_hp_loss":0,"event_name":"Colosseum","floor":22,"gold_loss":0}],"is_beta":false,"boss_relics":[{"not_picked":["Orrery","Lizard Tail"],"picked":"Pandora\u0027s Box"}],"items_purged_floors":[],"is_endless":false,"potions_floor_spawned":[4,8,11,18,19,20],"killed_by":"Colosseum Nobs","ascension_level":0}