{"gold_per_floor":[112,112,125,125,149,149,189,35,62,62,62,62,83,96,96,219,219,238,271,289,289,310,310,331,331,331,331,352,352,383,383,383,383],"floor_reached":33,"playtime":2182,"items_purged":[],"score":356,"play_id":"3886525a-03c0-4fd4-9777-e7e38d81eac0","local_time":"20190106230103","is_ascension_mode":true,"campfire_choices":[{"data":"Neutralize","floor":6.0,"key":"SMITH"},{"floor":10.0,"key":"REST"},{"data":"Prepared","floor":12.0,"key":"SMITH"},{"data":"Leg Sweep","floor":15.0,"key":"SMITH"},{"floor":23,"key":"REST"},{"data":"Ghostly","floor":27,"key":"SMITH"},{"data":"Tactician","floor":29,"key":"SMITH"},{"floor":32,"key":"REST"}],"neow_cost":"NONE","seed_source_timestamp":37188512872817,"circlet_count":0,"master_deck":["Defend_G","Defend_G","Defend_G+1","Defend_G+1","Defend_G","Strike_G","Strike_G","Strike_G","Strike_G","Strike_G","Survivor","Neutralize+1","Unload","Prepared+1","Well Laid Plans","Dagger Throw","Predator","Deadly Poison","Leg Sweep+1","Burst","Reflex+1","Prepared+1","Tactician+1","Backflip+1","Blur+1","Ghostly+1","Ghostly","Ghostly","Ghostly","Ghostly","Dash","Venomology"],"special_seed":0,"relics":["Ring of the Snake","Tingsha","Golden Idol","War Paint","Oddly Smooth Stone","Omamori","GremlinMask","Eternal Feather","Red Mask","Regal Pillow","Pear","Strawberry"],"potions_floor_usage":[22,22,30,33,33],"damage_taken":[{"damage":0.0,"enemies":"Cultist","floor":1.0,"turns":4.0},{"damage":2.0,"enemies":"Jaw Worm","floor":3.0,"turns":3.0},{"damage":0.0,"enemies":"2 Louse","floor":5.0,"turns":1.0},{"damage":23.0,"enemies":"Gremlin Nob","floor":7.0,"turns":4.0},{"damage":0.0,"enemies":"Red Slaver","floor":13.0,"turns":4.0},{"damage":0.0,"enemies":"2 Fungi Beasts","floor":14.0,"turns":2.0},{"damage":10.0,"enemies":"The Guardian","floor":16.0,"turns":10.0},{"damage":0.0,"enemies":"3 Byrds","floor":18.0,"turns":4.0},{"damage":61.0,"enemies":"Masked Bandits","floor":19.0,"turns":7.0},{"damage":0.0,"enemies":"Chosen","floor":20.0,"turns":4.0},{"damage":0,"enemies":"Snecko","floor":22,"turns":5},{"damage":8,"enemies":"Snake Plant","floor":24,"turns":5},{"damage":0,"enemies":"Centurion and Healer","floor":28,"turns":11},{"damage":37,"enemies":"Book of Stabbing","floor":30,"turns":11},{"damage":64,"enemies":"Automaton","floor":33,"turns":18}],"seed_played":"-8768092968400538121","potions_obtained":[{"floor":7.0,"key":"Explosive Potion"},{"floor":13.0,"key":"Swift Potion"},{"floor":16.0,"key":"LiquidBronze"},{"floor":19.0,"key":"Energy Potion"},{"floor":20.0,"key":"Strength Potion"},{"floor":24,"key":"GhostInAJar"},{"floor":30,"key":"Block Potion"}],"is_trial":false,"path_per_floor":["M","T","M","?","M","R","E","$","T","R","?","R","M","M","R","B",null,"M","?","M","?","M","R","M","?","T","R","M","R","E","?","R","B"],"character_chosen":"THE_SILENT","items_purchased":["Oddly Smooth Stone"],"campfire_rested":3,"item_purchase_floors":[8],"current_hp_per_floor":[70,70,68,51,51,51,28,28,28,49,49,49,49,49,49,39,62,62,1,1,1,1,49,41,35,45,45,45,45,15,15,52,0],"gold":383,"neow_bonus":"ONE_RANDOM_RARE_CARD","is_prod":false,"is_daily":false,"chose_seed":false,"campfire_upgraded":5,"win_rate":0,"timestamp":1546804863,"path_taken":["M","?","M","?","M","R","E","?","T","R","?","R","?","M","R","BOSS","M","?","M","?","M","R","M","?","T","R","M","R","E","?","R","BOSS"],"build_version":"2019-01-03v4","purchased_purges":0,"victory":false,"max_hp_per_floor":[70,70,70,70,70,70,70,70,70,70,70,70,70,70,70,70,70,70,70,70,70,70,70,70,35,45,45,45,45,52,52,52,52],"card_choices":[{"not_picked":["Dagger Throw","Deflect"],"picked":"Prepared","floor":1.0},{"not_picked":["Crippling Poison","Outmaneuver"],"picked":"Well Laid Plans","floor":3.0},{"not_picked":["Finisher","Flechettes"],"picked":"Dagger Throw","floor":5.0},{"not_picked":["Prepared","Endless Agony"],"picked":"Predator","floor":7.0},{"not_picked":["Dagger Throw","Heel Hook"],"picked":"Deadly Poison","floor":13.0},{"not_picked":["Underhanded Strike","Expertise"],"picked":"Leg Sweep","floor":14.0},{"not_picked":["Unload","Die Die Die"],"picked":"Burst","floor":16.0},{"not_picked":["Blade Dance","Sucker Punch"],"picked":"Reflex+1","floor":18.0},{"not_picked":["Dodge and Roll","All Out Attack+1"],"picked":"Prepared+1","floor":19.0},{"not_picked":["Setup","Predator"],"picked":"Tactician","floor":20.0},{"not_picked":["Flying Knee","Prepared"],"picked":"Backflip+1","floor":22},{"not_picked":["Caltrops+1","Quick Slash"],"picked":"Blur+1","floor":24},{"not_picked":["Calculated Gamble","Deflect"],"picked":"Dash","floor":28},{"not_picked":["Blur","PiercingWail+1"],"picked":"Venomology","floor":30}],"player_experience":396513,"relics_obtained":[{"floor":2.0,"key":"Tingsha"},{"floor":7.0,"key":"War Paint"},{"floor":9.0,"key":"Omamori"},{"floor":19.0,"key":"Red Mask"},{"floor":26,"key":"Pear"},{"floor":30,"key":"Strawberry"}],"event_choices":[{"damage_healed":0.0,"max_hp_gain":0.0,"max_hp_loss":0.0,"gold_gain":0.0,"event_name":"Golden Idol","player_choice":"Take Damage","floor":4.0,"gold_loss":0.0,"damage_taken":17.0,"relics_obtained":["Golden Idol"]},{"damage_healed":0.0,"max_hp_gain":0.0,"max_hp_loss":0.0,"gold_gain":0.0,"event_name":"FaceTrader","player_choice":"Trade","floor":11.0,"gold_loss":0.0,"damage_taken":0.0,"relics_obtained":["GremlinMask"]},{"damage_healed":0.0,"max_hp_gain":0.0,"max_hp_loss":0.0,"gold_gain":0.0,"event_name":"Masked Bandits","player_choice":"Fought Bandits","floor":19.0,"gold_loss":0.0,"damage_taken":0.0},{"damage_healed":0.0,"max_hp_gain":0.0,"max_hp_loss":0.0,"gold_gain":0.0,"event_name":"The Mausoleum","player_choice":"Opened","floor":21.0,"gold_loss":0.0,"damage_taken":0.0,"relics_obtained":["Regal Pillow"],"cards_obtained":["Writhe"]},{"damage_healed":0,"gold_gain":0,"player_choice":"Became a Ghost","damage_taken":0,"max_hp_gain":0,"max_hp_loss":35,"event_name":"Ghosts","floor":25,"gold_loss":0,"cards_obtained":["Ghostly","Ghostly","Ghostly","Ghostly","Ghostly"]},{"damage_healed":0,"gold_gain":0,"player_choice":"Ignored","damage_taken":0,"max_hp_gain":0,"max_hp_loss":0,"event_name":"Cursed Tome","floor":31,"gold_loss":0}],"is_beta":false,"boss_relics":[{"not_picked":["Black Star","White Beast Statue"],"picked":"Eternal Feather"}],"items_purged_floors":[],"is_endless":false,"potions_floor_spawned":[7,13,16,19,20,24,30],"killed_by":"Automaton","ascension_level":5}