{"gold_per_floor":[118,130,55,65,80,80,105,120,193,193,268,279,279,291,291,386,386,404,423,36,51,71,105,105,117,195,26,39,54,153,163,163,265,265,279,29,45,58,58,58,76,90,117,134,134,147,147,157,157,157],"floor_reached":51,"playtime":3245,"items_purged":["Strike_R","Defend_R","Defend_R"],"score":731,"play_id":"dddbda53-db97-47ff-88cf-718324d4fb15","local_time":"20190222094744","is_ascension_mode":false,"campfire_choices":[{"data":"Feed","floor":6,"key":"SMITH"},{"data":"Flex","floor":10,"key":"SMITH"},{"data":"Uppercut","floor":15,"key":"SMITH"},{"data":"Berserk","floor":24,"key":"SMITH"},{"data":"Metallicize","floor":32,"key":"SMITH"},{"data":"Demon Form","floor":40,"key":"SMITH"},{"data":"Metallicize","floor":45,"key":"SMITH"},{"data":"Shrug It Off","floor":47,"key":"SMITH"},{"data":"Sword Boomerang","floor":49,"key":"SMITH"}],"neow_cost":"","seed_source_timestamp":30362963250130,"circlet_count":0,"master_deck":["Strike_R","Strike_R","Strike_R","Strike_R","Defend_R","Defend_R","Bash","Shrug It Off+1","Berserk+1","Flex+1","Feed+1","Uppercut+1","Shrug It Off","Offering","Hemokinesis","Shrug It Off+1","Shrug It Off+1","Flex+1","Metallicize+1","Infernal Blade+1","Demon Form+1","Shrug It Off+1","Sword Boomerang+1","Metallicize+1","Pummel+1","Flex+1","Feed","Disarm+1"],"relics":["Burning Blood","Bird Faced Urn","Bottled Lightning","Coffee Dripper","Toxic Egg 2","Champion Belt","Ornamental Fan","Eternal Feather","Bronze Scales"],"potions_floor_usage":[8,16,22,23,28,29,31,48,50,50,50],"damage_taken":[{"damage":10,"enemies":"Cultist","floor":1,"turns":4},{"damage":0,"enemies":"2 Louse","floor":2,"turns":3},{"damage":2,"enemies":"Small Slimes","floor":4,"turns":4},{"damage":14,"enemies":"Gremlin Gang","floor":5,"turns":6},{"damage":32,"enemies":"Lagavulin","floor":7,"turns":7},{"damage":5,"enemies":"Exordium Wildlife","floor":8,"turns":5},{"damage":4,"enemies":"Blue Slaver","floor":12,"turns":3},{"damage":7,"enemies":"3 Louse","floor":14,"turns":6},{"damage":43,"enemies":"The Guardian","floor":16,"turns":13},{"damage":11,"enemies":"2 Thieves","floor":18,"turns":4},{"damage":12,"enemies":"Shell Parasite","floor":19,"turns":3},{"damage":9,"enemies":"Centurion and Healer","floor":21,"turns":5},{"damage":12,"enemies":"Chosen and Byrds","floor":22,"turns":5},{"damage":20,"enemies":"Book of Stabbing","floor":23,"turns":4},{"damage":9,"enemies":"Snecko","floor":25,"turns":4},{"damage":13,"enemies":"Shelled Parasite and Fungi","floor":28,"turns":6},{"damage":26,"enemies":"Sentry and Sphere","floor":29,"turns":6},{"damage":7,"enemies":"Snecko","floor":31,"turns":4},{"damage":51,"enemies":"Champ","floor":33,"turns":17},{"damage":7,"enemies":"Orb Walker","floor":35,"turns":4},{"damage":15,"enemies":"3 Darklings","floor":37,"turns":6},{"damage":23,"enemies":"Writhing Mass","floor":38,"turns":6},{"damage":22,"enemies":"Jaw Worm Horde","floor":41,"turns":7},{"damage":19,"enemies":"Spire Growth","floor":42,"turns":4},{"damage":36,"enemies":"4 Shapes","floor":44,"turns":5},{"damage":36,"enemies":"Writhing Mass","floor":46,"turns":5},{"damage":36,"enemies":"Sphere and 2 Shapes","floor":48,"turns":8},{"damage":69,"enemies":"Awakened One","floor":50,"turns":9}],"seed_played":"-7825016548608032452","potions_obtained":[{"floor":2,"key":"Swift Potion"},{"floor":4,"key":"Ancient Potion"},{"floor":14,"key":"BloodPotion"},{"floor":18,"key":"Swift Potion"},{"floor":22,"key":"Weak Potion"},{"floor":23,"key":"Energy Potion"},{"floor":29,"key":"BloodPotion"},{"floor":38,"key":"Energy Potion"},{"floor":46,"key":"BloodPotion"},{"floor":48,"key":"FearPotion"}],"is_trial":false,"path_per_floor":["M","M","$","M","M","R","E","M","T","R","?","M","?","M","R","B",null,"M","M","$","M","M","E","R","M","T","$","M","M","?","M","R","B",null,"M","$","M","M","?","R","M","M","T","M","R","M","R","M","R","B",null],"character_chosen":"IRONCLAD","items_purchased":["Berserk","Toxic Egg 2","Shrug It Off+1","Metallicize","Strength Potion","Sword Boomerang","FearPotion"],"campfire_rested":0,"item_purchase_floors":[3,20,20,27,36,36,36],"current_hp_per_floor":[76,80,80,80,72,72,46,51,51,51,40,46,46,51,51,25,92,91,89,89,92,92,82,82,85,85,85,86,68,68,81,81,40,120,120,120,115,108,108,123,114,105,105,87,102,82,97,93,108,51],"gold":157,"neow_bonus":"","is_prod":false,"is_daily":false,"chose_seed":false,"campfire_upgraded":9,"win_rate":0.0,"timestamp":1550818064,"path_taken":["M","?","$","M","M","R","E","M","T","R","?","M","?","M","R","BOSS","M","M","$","M","M","E","R","M","T","?","M","M","?","M","R","BOSS","M","$","M","M","?","R","M","?","T","M","R","M","R","?","R","BOSS"],"build_version":"2019-01-23","purchased_purges":3,"victory":true,"max_hp_per_floor":[80,80,80,80,80,80,80,84,84,84,84,88,88,92,92,92,92,96,100,100,104,108,112,112,116,116,116,120,120,120,120,120,120,120,120,120,120,124,124,124,128,128,128,132,132,136,136,143,143,143],"card_choices":[{"not_picked":["True Grit","Sword Boomerang"],"picked":"Shrug It Off","floor":1},{"not_picked":["Headbutt","Ghostly Armor","Warcry"],"picked":"SKIP","floor":2},{"not_picked":["Entrench","Perfected Strike"],"picked":"Flex","floor":4},{"not_picked":["Dual Wield","Clothesline"],"picked":"Feed","floor":5},{"not_picked":["Pommel Strike","True Grit"],"picked":"Uppercut","floor":7},{"not_picked":["Twin Strike","Rupture","Dual Wield"],"picked":"SKIP","floor":8},{"not_picked":["Warcry","Sword Boomerang","Twin Strike"],"picked":"SKIP","floor":12},{"not_picked":["Clash","Pommel Strike"],"picked":"Shrug It Off","floor":14},{"not_picked":["Double Tap","Berserk"],"picked":"Offering","floor":16},{"not_picked":["Clash","Combust"],"picked":"Hemokinesis","floor":18},{"not_picked":["Clothesline+1","Iron Wave","Sever Soul"],"picked":"SKIP","floor":19},{"not_picked":["Corruption+1","Pommel Strike","True Grit+1"],"picked":"SKIP","floor":21},{"not_picked":["Iron Wave","Feel No Pain","Cleave"],"picked":"SKIP","floor":22},{"not_picked":["Flame Barrier+1","Warcry+1"],"picked":"Shrug It Off+1","floor":23},{"not_picked":["Clothesline+1","Perfected Strike"],"picked":"Flex+1","floor":25},{"not_picked":["Clothesline","Warcry+1","Anger+1"],"picked":"SKIP","floor":28},{"not_picked":["Headbutt","Rupture","Anger+1"],"picked":"SKIP","floor":29},{"not_picked":["Infernal Blade+1","Double Tap+1","Rupture+1"],"picked":"SKIP","floor":31},{"not_picked":["Double Tap+1","Rupture+1"],"picked":"Infernal Blade+1","floor":31},{"not_picked":["Bludgeon","Offering+1"],"picked":"Demon Form","floor":33},{"not_picked":["Combust","Warcry+1"],"picked":"Shrug It Off+1","floor":35},{"not_picked":["Rampage","Combust+1"],"picked":"Metallicize","floor":37},{"not_picked":["Thunderclap","Flame Barrier+1"],"picked":"Pummel+1","floor":38},{"not_picked":["Corruption+1","Cleave+1","Headbutt+1"],"picked":"SKIP","floor":41},{"not_picked":["Warcry+1","Dual Wield+1","Pommel Strike+1"],"picked":"SKIP","floor":42},{"not_picked":["True Grit+1","Pummel"],"picked":"Flex+1","floor":44},{"not_picked":["Second Wind+1","Armaments+1"],"picked":"Feed","floor":46},{"not_picked":["Body Slam+1","Pommel Strike"],"picked":"Disarm+1","floor":48}],"player_experience":0,"relics_obtained":[{"floor":7,"key":"Bird Faced Urn"},{"floor":9,"key":"Bottled Lightning"},{"floor":23,"key":"Champion Belt"},{"floor":26,"key":"Ornamental Fan"},{"floor":43,"key":"Bronze Scales"}],"event_choices":[{"damage_healed":0,"gold_gain":75,"player_choice":"Gather Gold","damage_taken":11,"max_hp_gain":0,"max_hp_loss":0,"event_name":"World of Goop","floor":11,"gold_loss":0},{"damage_healed":0,"gold_gain":0,"player_choice":"0 cards matched","damage_taken":0,"max_hp_gain":0,"max_hp_loss":0,"event_name":"Match and Keep!","floor":13,"gold_loss":0,"cards_obtained":[]},{"damage_healed":0,"gold_gain":0,"player_choice":"0 cards matched","damage_taken":0,"max_hp_gain":0,"max_hp_loss":0,"event_name":"Match and Keep!","floor":13,"gold_loss":0,"cards_obtained":[]},{"damage_healed":0,"gold_gain":99,"player_choice":"Stole From Cult","damage_taken":0,"max_hp_gain":0,"max_hp_loss":0,"event_name":"Nest","floor":30,"gold_loss":0},{"damage_healed":0,"gold_gain":0,"player_choice":"Bought 0 Potions","damage_taken":0,"max_hp_gain":0,"max_hp_loss":0,"event_name":"The Woman in Blue","floor":39,"gold_loss":0}],"is_beta":false,"boss_relics":[{"not_picked":["Orrery","Calling Bell"],"picked":"Coffee Dripper"},{"not_picked":["Tiny House","Velvet Choker"],"picked":"Eternal Feather"}],"items_purged_floors":[20,27,36],"is_endless":false,"potions_floor_spawned":[2,4,14,18,22,23,29,38,41,46,48],"ascension_level":0}