{"gold_per_floor":[113,132,82,99,119,119,146,146,172,172,172,186,197,208,208,307,307,317,327,346,446,466,492,522,856,856,856,869,869,869,882,882,986,986,1005,1005,1005,1005,174,174,185,185,185,285,127,127,39,90,90,90],"floor_reached":50,"playtime":4424,"items_purged":[],"score":590,"play_id":"22b2baec-c6f8-44c2-a029-7c820a503616","local_time":"20190104161814","is_ascension_mode":false,"campfire_choices":[{"data":"Calculated Gamble","floor":6,"key":"SMITH"},{"data":"Backstab","floor":8,"key":"SMITH"},{"data":"Endless Agony","floor":15,"key":"SMITH"},{"data":"Tools of the Trade","floor":30,"key":"SMITH"},{"floor":32,"key":"REST"},{"data":"Distraction","floor":40,"key":"SMITH"},{"data":"Blur","floor":46,"key":"SMITH"},{"floor":49,"key":"REST"}],"neow_cost":"TEN_PERCENT_HP_LOSS","seed_source_timestamp":0,"circlet_count":0,"master_deck":["Defend_G","Defend_G","Defend_G+1","Strike_G","Strike_G+1","Strike_G","Strike_G","Strike_G","Survivor","Neutralize","Calculated Gamble+1","Dagger Throw","Backstab+1","Dagger Spray+1","Dagger Spray","Slice","Endless Agony+1","Adrenaline","Acrobatics","Dagger Throw","Backflip+1","Unload","Distraction+1","Quick Slash","Underhanded Strike","Dagger Spray+1","Tools of the Trade+1","Acrobatics","Terror","Doppelganger","Bouncing Flask","Prepared+1","Acrobatics","Madness","Madness","Finesse","Blur+1","Backflip+1","Dagger Throw+1","Mind Blast+1","Dash+1","Slice+1","Distraction","Sucker Punch+1"],"special_seed":0,"relics":["Ring of the Snake","Thread and Needle","PreservedInsect","Juzu Bracelet","Black Star","WingedGreaves","Meat on the Bone","Omamori","Vajra","Bag of Marbles","Pen Nib","Old Coin","Calipers","Ancient Tea Set","WristBlade","Sling","Pocketwatch","Paper Crane","Dodecahedron","Molten Egg 2","Bird Faced Urn","Du-Vu Doll"],"potions_floor_usage":[16,20,21,21,23,23,33,33,50,50],"damage_taken":[{"damage":0.0,"enemies":"Cultist","floor":1.0,"turns":5.0},{"damage":0.0,"enemies":"Small Slimes","floor":2.0,"turns":4.0},{"damage":0,"enemies":"Jaw Worm","floor":4,"turns":3},{"damage":0,"enemies":"Looter","floor":5,"turns":2},{"damage":8,"enemies":"Large Slime","floor":12,"turns":6},{"damage":0,"enemies":"3 Louse","floor":13,"turns":1},{"damage":0,"enemies":"Red Slaver","floor":14,"turns":2},{"damage":40,"enemies":"Slime Boss","floor":16,"turns":10},{"damage":1,"enemies":"Shell Parasite","floor":18,"turns":5},{"damage":0,"enemies":"Chosen","floor":19,"turns":4},{"damage":12,"enemies":"Shelled Parasite and Fungi","floor":20,"turns":9},{"damage":17,"enemies":"Colosseum Slavers","floor":21,"turns":6},{"damage":0,"enemies":"Colosseum Nobs","floor":21,"turns":3},{"damage":21,"enemies":"Snake Plant","floor":22,"turns":5},{"damage":7,"enemies":"Slavers","floor":23,"turns":4},{"damage":9,"enemies":"Book of Stabbing","floor":24,"turns":5},{"damage":0,"enemies":"Slavers","floor":25,"turns":3},{"damage":0,"enemies":"Snecko","floor":28,"turns":3},{"damage":0,"enemies":"3 Cultists","floor":31,"turns":2},{"damage":46,"enemies":"Champ","floor":33,"turns":10},{"damage":9,"enemies":"3 Darklings","floor":35,"turns":4},{"damage":0,"enemies":"Orb Walker","floor":41,"turns":1},{"damage":2,"enemies":"Mind Bloom Boss Battle","floor":44,"turns":6},{"damage":0,"enemies":"2 Orb Walkers","floor":48,"turns":3},{"damage":70,"enemies":"Time Eater","floor":50,"turns":10}],"seed_played":"5217032116101647866","potions_obtained":[{"floor":1.0,"key":"AttackPotion"},{"floor":5,"key":"Poison Potion"},{"floor":14,"key":"Weak Potion"},{"floor":16,"key":"AttackPotion"},{"floor":18,"key":"PowerPotion"},{"floor":20,"key":"EssenceOfSteel"},{"floor":21,"key":"Energy Potion"},{"floor":23,"key":"LiquidBronze"},{"floor":28,"key":"SkillPotion"},{"floor":31,"key":"Poison Potion"},{"floor":44,"key":"Poison Potion"}],"is_trial":false,"path_per_floor":["M","M","?","M","M","R","T","R","T","?","?","M","M","M","R","B",null,"M","M","M","?","M","E","E","E","T","?","M","?","R","M","R","B",null,"M","?","?","?","$","R","M","T","T","?","$","R","$","?","R","B"],"character_chosen":"THE_SILENT","items_purchased":["Sling","Blur","Pocketwatch","Paper Crane","Mind Blast+1","Dash+1","Slice+1","Distraction"],"campfire_rested":2,"item_purchase_floors":[39,39,39,39,45,45,47,47],"current_hp_per_floor":[63,63,63,63,63,63,63,63,63,63,50,42,42,42,42,2,63,62,62,50,33,24,29,32,32,32,32,32,32,32,32,50,16,63,54,54,46,46,46,46,46,46,46,44,44,44,44,44,62,0],"gold":90,"neow_bonus":"ONE_RARE_RELIC","is_prod":false,"is_daily":false,"chose_seed":false,"campfire_upgraded":6,"win_rate":0.0,"timestamp":1546589894,"path_taken":["M","?","?","M","M","R","?","R","T","?","?","M","M","M","R","BOSS","M","M","M","?","M","E","E","E","T","?","M","?","R","M","R","BOSS","M","?","?","?","$","R","M","?","T","?","$","R","?","?","R","BOSS"],"build_version":"2019-01-03v3","purchased_purges":0,"victory":false,"max_hp_per_floor":[63,63,63,63,63,63,63,63,63,63,63,63,63,63,63,63,63,63,63,63,63,63,63,63,63,63,63,63,63,63,63,63,63,63,63,63,63,63,63,63,63,63,63,63,63,63,63,63,63,63],"card_choices":[{"not_picked":["Deadly Poison","Caltrops"],"picked":"Calculated Gamble","floor":1.0},{"not_picked":["Dodge and Roll","Terror"],"picked":"Dagger Throw","floor":2},{"not_picked":["Quick Slash","PiercingWail"],"picked":"Backstab","floor":4},{"not_picked":["Leg Sweep","Deflect"],"picked":"Dagger Spray","floor":5},{"not_picked":["PiercingWail","Terror"],"picked":"Dagger Spray","floor":12},{"not_picked":["Burst","Caltrops"],"picked":"Slice","floor":13},{"not_picked":["PiercingWail","Dodge and Roll"],"picked":"Endless Agony","floor":14},{"not_picked":["Venomology","Die Die Die"],"picked":"Adrenaline","floor":16},{"not_picked":["Outmaneuver","Bane"],"picked":"Acrobatics","floor":18},{"not_picked":["Outmaneuver+1","Dodge and Roll"],"picked":"Dagger Throw","floor":19},{"not_picked":["Dagger Spray","Reflex"],"picked":"Backflip+1","floor":20},{"not_picked":["Bane","Acrobatics"],"picked":"Unload","floor":21},{"not_picked":["Blade Dance","Deflect"],"picked":"Distraction","floor":22},{"not_picked":["Blade Dance","Bane+1"],"picked":"Quick Slash","floor":23},{"not_picked":["Blade Dance+1","Dash"],"picked":"Underhanded Strike","floor":24},{"not_picked":["Dagger Throw","Choke"],"picked":"Dagger Spray+1","floor":25},{"not_picked":["Infinite Blades+1","Deadly Poison"],"picked":"Doppelganger","floor":28},{"not_picked":["Flying Knee","Flechettes+1"],"picked":"Prepared+1","floor":31},{"not_picked":["Adrenaline","Die Die Die"],"picked":"A Thousand Cuts","floor":33},{"not_picked":["Deadly Poison+1","Deflect+1"],"picked":"Acrobatics","floor":35},{"not_picked":["Panacea","Secret Technique"],"picked":"Finesse","floor":38},{"not_picked":["Finisher","Flying Knee"],"picked":"Backflip+1","floor":41},{"not_picked":["Eviscerate+1","Dodge and Roll+1"],"picked":"Dagger Throw+1","floor":44},{"not_picked":["Poisoned Stab+1","Calculated Gamble+1"],"picked":"Sucker Punch+1","floor":48}],"player_experience":24562,"relics_obtained":[{"floor":7,"key":"PreservedInsect"},{"floor":9,"key":"Juzu Bracelet"},{"floor":21,"key":"WingedGreaves"},{"floor":21,"key":"Meat on the Bone"},{"floor":23,"key":"Omamori"},{"floor":23,"key":"Vajra"},{"floor":24,"key":"Bag of Marbles"},{"floor":24,"key":"Pen Nib"},{"floor":25,"key":"Old Coin"},{"floor":25,"key":"Calipers"},{"floor":26,"key":"Ancient Tea Set"},{"floor":42,"key":"Dodecahedron"},{"floor":43,"key":"Molten Egg 2"},{"floor":44,"key":"Bird Faced Urn"},{"floor":48,"key":"Du-Vu Doll"}],"event_choices":[{"cards_removed":["Defend_G"],"damage_healed":0,"gold_gain":0,"player_choice":"Card Removal","damage_taken":0,"max_hp_gain":0,"max_hp_loss":0,"event_name":"The Cleric","floor":3,"gold_loss":50},{"damage_healed":0,"gold_gain":0,"player_choice":"Grow","damage_taken":0,"max_hp_gain":0,"max_hp_loss":0,"event_name":"Living Wall","floor":10,"gold_loss":0,"cards_upgraded":["Dagger Spray"]},{"damage_healed":0,"gold_gain":0,"player_choice":"Entered Light","damage_taken":13,"max_hp_gain":0,"max_hp_loss":0,"event_name":"Shining Light","floor":11,"gold_loss":0,"cards_upgraded":["Strike_G","Defend_G"]},{"damage_healed":0,"gold_gain":0,"player_choice":"Fight","damage_taken":0,"max_hp_gain":0,"max_hp_loss":0,"event_name":"Colosseum","floor":21,"gold_loss":0},{"damage_healed":0,"gold_gain":0,"player_choice":"Fought Nobs","damage_taken":0,"max_hp_gain":0,"max_hp_loss":0,"event_name":"Colosseum","floor":21,"gold_loss":0},{"damage_healed":0,"gold_gain":0,"player_choice":"3 cards matched","damage_taken":0,"max_hp_gain":0,"max_hp_loss":0,"event_name":"Match and Keep!","floor":27,"gold_loss":0,"cards_obtained":["Tools of the Trade","Acrobatics","Terror"]},{"damage_healed":0,"gold_gain":0,"cards_transformed":["Defend_G"],"player_choice":"Transformed","damage_taken":0,"max_hp_gain":0,"max_hp_loss":0,"event_name":"Transmorgrifier","floor":29,"gold_loss":0,"cards_obtained":["Bouncing Flask"]},{"cards_removed":["A Thousand Cuts"],"damage_healed":0,"gold_gain":0,"player_choice":"Removed Power","damage_taken":0,"max_hp_gain":0,"max_hp_loss":0,"event_name":"Falling","floor":36,"gold_loss":0},{"damage_healed":0,"gold_gain":0,"player_choice":"Embrace Madness","damage_taken":8,"max_hp_gain":0,"max_hp_loss":0,"event_name":"Winding Halls","floor":37,"gold_loss":0,"cards_obtained":["Madness","Madness"]},{"damage_healed":0,"gold_gain":0,"player_choice":"Memory 1","damage_taken":0,"max_hp_gain":0,"max_hp_loss":0,"event_name":"SensoryStone","floor":38,"gold_loss":0},{"damage_healed":0,"gold_gain":0,"player_choice":"Fight","damage_taken":0,"max_hp_gain":0,"max_hp_loss":0,"event_name":"MindBloom","floor":44,"gold_loss":0},{"damage_healed":0,"gold_gain":0,"player_choice":"Fight","damage_taken":0,"max_hp_gain":0,"max_hp_loss":0,"event_name":"Mysterious Sphere","floor":48,"gold_loss":0}],"is_beta":false,"boss_relics":[{"not_picked":["Runic Dome","Astrolabe"],"picked":"Black Star"},{"not_picked":["White Beast Statue","Runic Pyramid"],"picked":"WristBlade"}],"items_purged_floors":[],"is_endless":false,"potions_floor_spawned":[1,5,14,16,18,20,21,23,28,31,44],"killed_by":"Time Eater","ascension_level":0}