{"gold_per_floor":[113,130,76,90,108,108,108,124,124,144,173,173,173,202,202,202],"floor_reached":16,"playtime":782,"items_purged":[],"score":207,"play_id":"0191e51c-5c11-4d9f-9e41-38a712392806","local_time":"20190310191709","is_ascension_mode":true,"campfire_choices":[{"data":"Neutralize","floor":6,"key":"SMITH"},{"floor":13,"key":"REST"},{"data":"Poisoned Stab","floor":15,"key":"SMITH"}],"neow_cost":"NONE","seed_source_timestamp":15822541966900,"circlet_count":0,"master_deck":["AscendersBane","Defend_G","Defend_G","Defend_G","Defend_G","Defend_G","Strike_G","Strike_G","Strike_G","Strike_G","Survivor","Neutralize+1","Cloak And Dagger","Poisoned Stab+1","Dagger Spray","Leg Sweep","Well Laid Plans","Dash"],"relics":["Ring of the Snake","Regal Pillow","Centennial Puzzle","Ancient Tea Set","Ornamental Fan"],"potions_floor_usage":[10,11,16],"damage_taken":[{"damage":7,"enemies":"Jaw Worm","floor":1,"turns":6},{"damage":2,"enemies":"2 Louse","floor":2,"turns":3},{"damage":0,"enemies":"Small Slimes","floor":4,"turns":2},{"damage":0,"enemies":"Blue Slaver","floor":5,"turns":5},{"damage":8,"enemies":"Large Slime","floor":8,"turns":9},{"damage":7,"enemies":"Exordium Wildlife","floor":10,"turns":5},{"damage":29,"enemies":"Lagavulin","floor":11,"turns":11},{"damage":5,"enemies":"3 Sentries","floor":14,"turns":9},{"damage":40,"enemies":"Slime Boss","floor":16,"turns":11}],"seed_played":"-808298792883265190","potions_obtained":[{"floor":2,"key":"GamblersBrew"},{"floor":8,"key":"Explosive Potion"},{"floor":10,"key":"Fruit Juice"},{"floor":14,"key":"EssenceOfSteel"}],"is_trial":false,"path_per_floor":["M","M","$","M","M","R","?","M","T","M","E","?","R","E","R","B"],"character_chosen":"THE_SILENT","items_purchased":["Dagger Spray"],"campfire_rested":1,"item_purchase_floors":[3],"current_hp_per_floor":[52,50,50,50,50,50,43,35,35,28,4,4,40,35,35,0],"gold":202,"neow_bonus":"RANDOM_COMMON_RELIC","is_prod":false,"is_daily":false,"chose_seed":false,"campfire_upgraded":2,"win_rate":0,"timestamp":1552270629,"path_taken":["M","M","$","M","M","R","?","M","T","M","E","?","R","E","R","BOSS"],"build_version":"2019-01-23","purchased_purges":0,"victory":false,"max_hp_per_floor":[66,66,66,66,66,66,66,66,66,66,71,71,71,71,71,71],"card_choices":[{"not_picked":["Blade Dance","Backflip"],"picked":"Cloak And Dagger","floor":1},{"not_picked":["Tactician","Caltrops"],"picked":"Poisoned Stab","floor":2},{"not_picked":["Sucker Punch","Dagger Throw","Caltrops"],"picked":"SKIP","floor":4},{"not_picked":["Quick Slash","Distraction"],"picked":"Leg Sweep","floor":5},{"not_picked":["Sucker Punch","Calculated Gamble","Bane"],"picked":"SKIP","floor":8},{"not_picked":["Distraction","Infinite Blades"],"picked":"Well Laid Plans","floor":10},{"not_picked":["Flying Knee","Concentrate","Bane"],"picked":"SKIP","floor":11},{"not_picked":["Acrobatics","After Image"],"picked":"Dash","floor":14}],"player_experience":446732,"relics_obtained":[{"floor":9,"key":"Centennial Puzzle"},{"floor":11,"key":"Ancient Tea Set"},{"floor":14,"key":"Ornamental Fan"}],"event_choices":[{"cards_removed":["Strike_G"],"damage_healed":0,"gold_gain":0,"player_choice":"Card Removal","damage_taken":7,"max_hp_gain":0,"max_hp_loss":0,"event_name":"Golden Wing","floor":7,"gold_loss":0},{"damage_healed":0,"gold_gain":0,"player_choice":"Ignored","damage_taken":0,"max_hp_gain":0,"max_hp_loss":0,"event_name":"Shining Light","floor":12,"gold_loss":0}],"is_beta":false,"boss_relics":[],"items_purged_floors":[],"is_endless":false,"potions_floor_spawned":[2,8,10,14],"killed_by":"Slime Boss","ascension_level":17}