{"gold_per_floor":[110,110,110,129,144,158,172,182,205,218,218,238,238,238,238,238],"floor_reached":16,"playtime":931,"items_purged":[],"score":96,"play_id":"112dcaab-1100-486c-ba19-94d546e6112a","local_time":"20190104030731","is_ascension_mode":false,"campfire_choices":[{"floor":11,"key":"REST"},{"floor":13,"key":"REST"},{"data":"Dash","floor":15,"key":"SMITH"}],"neow_cost":"NONE","seed_source_timestamp":22511620125510,"circlet_count":0,"master_deck":["Defend_G","Defend_G","Defend_G","Defend_G","Strike_G","Strike_G","Strike_G","Strike_G","Strike_G","Survivor","Neutralize","Night Terror","Dagger Spray","Regret","Underhanded Strike","Dash+1","Poisoned Stab","Prepared","Backstab","Deadly Poison","Acrobatics"],"relics":["Ring of the Snake","Mummified Hand","Bag of Marbles","Snake Skull"],"potions_floor_usage":[16],"damage_taken":[{"damage":2,"enemies":"2 Louse","floor":1,"turns":3},{"damage":11,"enemies":"Small Slimes","floor":4,"turns":3},{"damage":4,"enemies":"Jaw Worm","floor":5,"turns":4},{"damage":35,"enemies":"Gremlin Gang","floor":6,"turns":5},{"damage":9,"enemies":"2 Fungi Beasts","floor":7,"turns":3},{"damage":0,"enemies":"Large Slime","floor":8,"turns":5},{"damage":0,"enemies":"Gremlin Gang","floor":10,"turns":4},{"damage":8,"enemies":"Red Slaver","floor":12,"turns":2},{"damage":24,"enemies":"Hexaghost","floor":16,"turns":10}],"seed_played":"8945275468464024136","potions_obtained":[{"floor":6,"key":"Strength Potion"},{"floor":7,"key":"Poison Potion"},{"floor":10,"key":"SpeedPotion"}],"is_trial":false,"path_per_floor":["M","?","?","M","M","M","M","M","T","M","R","M","R","?","R","B"],"character_chosen":"THE_SILENT","items_purchased":[],"campfire_rested":2,"item_purchase_floors":[],"current_hp_per_floor":[68,61,61,50,46,11,2,2,2,2,23,15,36,24,24,0],"gold":238,"neow_bonus":"ONE_RANDOM_RARE_CARD","is_prod":false,"is_daily":false,"chose_seed":false,"campfire_upgraded":1,"win_rate":0.0,"timestamp":1546542451,"path_taken":["M","?","?","M","M","M","M","M","T","M","R","M","R","?","R","BOSS"],"build_version":"2018-12-20","purchased_purges":0,"victory":false,"max_hp_per_floor":[70,70,70,70,70,70,70,70,70,70,70,70,70,70,70,70],"card_choices":[{"not_picked":["Blade Dance","Leg Sweep"],"picked":"Dagger Spray","floor":1},{"not_picked":["Slice","Blade Dance"],"picked":"Underhanded Strike","floor":4},{"not_picked":["Heel Hook","Terror"],"picked":"Dash","floor":5},{"not_picked":["Flying Knee","Outmaneuver"],"picked":"Poisoned Stab","floor":6},{"not_picked":["Flechettes","Distraction"],"picked":"Prepared","floor":7},{"not_picked":["All Out Attack","Dagger Spray"],"picked":"Backstab","floor":8},{"not_picked":["Skewer","Catalyst"],"picked":"Deadly Poison","floor":10},{"not_picked":["Envenom","PiercingWail"],"picked":"Acrobatics","floor":12}],"player_experience":20846,"relics_obtained":[{"floor":9,"key":"Bag of Marbles"}],"event_choices":[{"cards_removed":["Defend_G"],"damage_healed":0,"gold_gain":0,"player_choice":"Card Removal","damage_taken":7,"max_hp_gain":0,"max_hp_loss":0,"event_name":"Golden Wing","floor":2,"gold_loss":0},{"damage_healed":0,"gold_gain":0,"player_choice":"Box","damage_taken":0,"relics_obtained":["Mummified Hand"],"max_hp_gain":0,"max_hp_loss":0,"event_name":"Big Fish","floor":3,"gold_loss":0,"cards_obtained":["Regret"]},{"damage_healed":0,"gold_gain":0,"player_choice":"Success","damage_taken":12,"relics_obtained":["Snake Skull"],"max_hp_gain":0,"max_hp_loss":0,"event_name":"Scrap Ooze","floor":14,"gold_loss":0}],"is_beta":false,"boss_relics":[],"items_purged_floors":[],"is_endless":false,"potions_floor_spawned":[6,7,10],"killed_by":"Hexaghost","ascension_level":0}