{"gold_per_floor":[109,384,400,400,411,411,128,146,146,164,194,194,212,212,212,316,316,328,0,0,15,15,15,27,27,53,53,53,66,66,66,66,169,169,179,54,54,54,73,73,105,105,105,105,105,137,137,148,148,148],"floor_reached":50,"playtime":3143,"items_purged":["Strike_R","Strike_R","Shame"],"score":521,"play_id":"d9c89c2c-400b-4238-80c0-d1e45ac281c6","local_time":"20181029004637","is_ascension_mode":false,"campfire_choices":[{"data":"Bash","floor":6,"key":"SMITH"},{"data":"Berserk","floor":12,"key":"SMITH"},{"data":"Armaments","floor":15,"key":"SMITH"},{"data":"Metallicize","floor":23,"key":"SMITH"},{"data":"Body Slam","floor":25,"key":"SMITH"},{"data":"Rage","floor":28,"key":"SMITH"},{"data":"Double Tap","floor":30,"key":"SMITH"},{"data":"Inflame","floor":32,"key":"SMITH"},{"data":"Brutality","floor":40,"key":"SMITH"},{"data":"Shockwave","floor":42,"key":"SMITH"},{"data":"Evolve","floor":49,"key":"SMITH"}],"neow_cost":"NONE","seed_source_timestamp":42407887075129,"circlet_count":0,"master_deck":["Defend_R+1","Defend_R+1","Defend_R+1","Bash+1","Dramatic Entrance","Headbutt","Evolve+1","Inflame+1","Armaments+1","Rage+1","Warcry","Berserk+1","Reaper","Metallicize+1","Shrug It Off+1","Bite","Bite","Bite","Bite","Bite","Body Slam+1","Double Tap+1","Brutality+1","Body Slam+1","Decay","Shockwave+1","Immolate+1","Metallicize+1"],"relics":["Burning Blood","Bag of Preparation","Sundial","Self Forming Clay","Sozu","Anchor","Bronze Scales","Centennial Puzzle","Cursed Key","Potion Belt","Orichalcum"],"potions_floor_usage":[33,50,50],"damage_taken":[{"damage":1,"enemies":"Cultist","floor":1,"turns":3},{"damage":9,"enemies":"Jaw Worm","floor":3,"turns":3},{"damage":3,"enemies":"Small Slimes","floor":5,"turns":3},{"damage":8,"enemies":"Red Slaver","floor":8,"turns":4},{"damage":8,"enemies":"3 Louse","floor":10,"turns":3},{"damage":20,"enemies":"3 Sentries","floor":11,"turns":7},{"damage":10,"enemies":"Looter","floor":13,"turns":3},{"damage":32,"enemies":"Hexaghost","floor":16,"turns":10},{"damage":8,"enemies":"Chosen","floor":18,"turns":6},{"damage":11,"enemies":"Spheric Guardian","floor":21,"turns":7},{"damage":0,"enemies":"Centurion and Healer","floor":24,"turns":7},{"damage":17,"enemies":"Snecko","floor":29,"turns":5},{"damage":22,"enemies":"Champ","floor":33,"turns":11},{"damage":14,"enemies":"3 Shapes","floor":35,"turns":5},{"damage":24,"enemies":"3 Darklings","floor":39,"turns":6},{"damage":27,"enemies":"Giant Head","floor":41,"turns":6},{"damage":5,"enemies":"Nemesis","floor":46,"turns":5},{"damage":2,"enemies":"Sphere and 2 Shapes","floor":48,"turns":3},{"damage":97,"enemies":"Time Eater","floor":50,"turns":10}],"seed_played":"-7362815668448065522","potions_obtained":[{"floor":3,"key":"LiquidBronze"},{"floor":5,"key":"Poison Potion"},{"floor":8,"key":"Block Potion"},{"floor":10,"key":"PowerPotion"}],"is_trial":false,"path_per_floor":["M","?","M","?","M","R","$","M","T","M","E","R","M","?","R","B",null,"M","$","?","M","?","R","M","R","T","?","R","M","R","$","R","B",null,"M","$","?","?","M","R","E","R","T","$","?","E","?","M","R"],"character_chosen":"IRONCLAD","items_purchased":["Bag of Preparation","Armaments","Anchor","Metallicize"],"campfire_rested":0,"item_purchase_floors":[7,7,19,19],"current_hp_per_floor":[80,80,77,77,80,80,80,78,78,76,62,62,58,58,58,32,80,80,80,80,80,56,56,56,56,56,56,56,49,49,49,49,56,56,56,56,56,56,54,54,46,46,46,46,46,56,56,56,56,0],"gold":148,"neow_bonus":"RANDOM_COLORLESS","is_prod":false,"is_daily":false,"chose_seed":false,"campfire_upgraded":11,"win_rate":0,"timestamp":1540763197,"path_taken":["M","?","M","?","M","R","$","?","T","M","E","R","M","?","R","BOSS","M","$","?","M","?","R","?","R","T","?","R","M","R","$","R","BOSS","M","$","?","?","?","R","E","R","T","$","?","E","?","M","R","BOSS"],"build_version":"2018-10-25v2","purchased_purges":3,"victory":false,"max_hp_per_floor":[80,80,80,80,80,80,80,80,80,80,80,80,80,80,80,80,80,80,80,80,80,56,56,56,56,56,56,56,56,56,56,56,56,56,56,56,56,56,56,56,56,56,56,56,56,56,56,56,56,56],"card_choices":[{"not_picked":["Shockwave","Clothesline"],"picked":"Headbutt","floor":1},{"not_picked":["Sentinel","Feel No Pain"],"picked":"Evolve","floor":3},{"not_picked":["Second Wind","Iron Wave"],"picked":"Inflame","floor":5},{"not_picked":["Body Slam","Headbutt"],"picked":"Rage","floor":8},{"not_picked":["Headbutt","Bloodletting"],"picked":"Warcry","floor":10},{"not_picked":["Warcry","Infernal Blade"],"picked":"Berserk","floor":11},{"not_picked":["Flex","Wild Strike","Twin Strike"],"picked":"SKIP","floor":13},{"not_picked":["Brutality","Berserk"],"picked":"Reaper","floor":16},{"not_picked":["Perfected Strike+1","Thunderclap+1","Armaments"],"picked":"SKIP","floor":18},{"not_picked":["Heavy Blade","Twin Strike"],"picked":"Shrug It Off+1","floor":21},{"not_picked":["Shrug It Off","Fire Breathing"],"picked":"Body Slam","floor":24},{"not_picked":["Evolve","Flex"],"picked":"Double Tap","floor":29},{"not_picked":["Reaper","Dark Embrace"],"picked":"Brutality","floor":33},{"not_picked":["Perfected Strike","Heavy Blade"],"picked":"Body Slam+1","floor":35},{"not_picked":["Carnage","Evolve+1"],"picked":"Shockwave","floor":39},{"not_picked":["Blood for Blood+1","Flex"],"picked":"Immolate","floor":41},{"not_picked":["Power Through","Twin Strike","Burning Pact+1"],"picked":"SKIP","floor":46},{"not_picked":["Armaments","Rupture"],"picked":"Metallicize+1","floor":48}],"player_experience":109239,"relics_obtained":[{"floor":9,"key":"Sundial"},{"floor":11,"key":"Self Forming Clay"},{"floor":26,"key":"Bronze Scales"},{"floor":41,"key":"Potion Belt"},{"floor":46,"key":"Orichalcum"}],"event_choices":[{"damage_healed":0,"gold_gain":275,"player_choice":"Desecrate","damage_taken":0,"max_hp_gain":0,"max_hp_loss":0,"event_name":"Golden Shrine","floor":2,"gold_loss":0,"cards_obtained":["Regret"]},{"cards_removed":["Regret"],"damage_healed":0,"gold_gain":0,"player_choice":"Removed Curses","damage_taken":0,"max_hp_gain":0,"max_hp_loss":0,"event_name":"Fountain of Cleansing","floor":4,"gold_loss":0},{"cards_removed":["Strike_R"],"damage_healed":0,"gold_gain":0,"player_choice":"Purged","damage_taken":0,"max_hp_gain":0,"max_hp_loss":0,"event_name":"Purifier","floor":14,"gold_loss":0},{"damage_healed":0,"gold_gain":0,"player_choice":"Simplicity","damage_taken":0,"max_hp_gain":0,"max_hp_loss":0,"event_name":"Back to Basics","floor":20,"gold_loss":0,"cards_upgraded":["Strike_R","Strike_R","Defend_R","Defend_R","Defend_R","Defend_R"]},{"damage_healed":0,"gold_gain":0,"player_choice":"Became a vampire","damage_taken":0,"max_hp_gain":0,"max_hp_loss":24,"event_name":"Vampires","floor":22,"gold_loss":0,"cards_obtained":["Bite","Bite","Bite","Bite","Bite"]},{"damage_healed":0,"gold_gain":0,"player_choice":"Stole Relic","damage_taken":0,"relics_obtained":["Centennial Puzzle"],"max_hp_gain":0,"max_hp_loss":0,"event_name":"Addict","floor":27,"gold_loss":0,"cards_obtained":["Shame"]},{"damage_healed":0,"gold_gain":0,"player_choice":"Cursed","damage_taken":0,"max_hp_gain":0,"max_hp_loss":0,"event_name":"Wheel of Change","floor":37,"gold_loss":0,"cards_obtained":["Decay"]},{"cards_removed":["Defend_R"],"damage_healed":0,"gold_gain":0,"player_choice":"Removed Skill","damage_taken":0,"max_hp_gain":0,"max_hp_loss":0,"event_name":"Falling","floor":38,"gold_loss":0},{"damage_healed":0,"gold_gain":0,"player_choice":"0 cards matched","damage_taken":0,"max_hp_gain":0,"max_hp_loss":0,"event_name":"Match and Keep!","floor":45,"gold_loss":0,"cards_obtained":[]},{"damage_healed":0,"gold_gain":0,"player_choice":"Upgraded","damage_taken":0,"max_hp_gain":0,"max_hp_loss":0,"event_name":"Upgrade Shrine","floor":47,"gold_loss":0,"cards_upgraded":["Immolate"]}],"is_beta":false,"boss_relics":[{"not_picked":["Astrolabe","Runic Pyramid"],"picked":"Sozu"},{"not_picked":["Black Star","Calling Bell"],"picked":"Cursed Key"}],"items_purged_floors":[7,19,36],"is_endless":false,"potions_floor_spawned":[3,5,8,10,21,39],"killed_by":"Time Eater","ascension_level":0}