{"gold_per_floor":[110,110,35,49,49,49,78,78,103,136,217,234,234,248,248,327,327,340,340,340,340,161,190,202,202,202,202,231,231,241,254,254,325,325,340,359,359,234,253,253,280,280,280,291,306,306,71,81,81,81],"floor_reached":51,"playtime":3517,"items_purged":["Regret","Writhe","Writhe","Pain"],"score":1424,"play_id":"833aaa94-e6fb-4a77-90c2-26cae9341c62","local_time":"20190115220736","is_ascension_mode":true,"campfire_choices":[{"data":"Skewer","floor":6.0,"key":"SMITH"},{"data":"Dash","floor":13.0,"key":"SMITH"},{"data":"Neutralize","floor":15.0,"key":"SMITH"},{"data":"Adrenaline","floor":25,"key":"SMITH"},{"data":"Noxious Fumes","floor":27,"key":"SMITH"},{"data":"Glass Knife","floor":29,"key":"SMITH"},{"floor":32,"key":"REST"},{"data":"Blur","floor":40,"key":"SMITH"},{"floor":46,"key":"REST"},{"data":"Catalyst","floor":49,"key":"SMITH"}],"neow_cost":"NONE","seed_source_timestamp":8450193359707,"circlet_count":0,"master_deck":["AscendersBane","Defend_G+1","Defend_G+1","Defend_G+1","Defend_G+1","Defend_G+1","Strike_G+1","Strike_G+1","Strike_G+1","Strike_G+1","Survivor","Neutralize+1","Skewer+1","Dash+1","Noxious Fumes+1","Deadly Poison","Adrenaline+1","Glass Knife+1","Leg Sweep+1","Catalyst+1","Terror","Backflip","Deflect+1","Catalyst+1","Dodge and Roll","Night Terror","Outmaneuver+1","Blur+1","Madness","Bouncing Flask+1","Blur+1"],"special_seed":0,"relics":["Ring of the Snake","NeowsBlessing","Sundial","Ornamental Fan","Calipers","Art of War","Pen Nib","Meat on the Bone","Runic Pyramid","Orichalcum","Blood Vial","Pear","Strawberry","Cursed Key","Shuriken","Bottled Tornado"],"potions_floor_usage":[23,23,23,28],"damage_taken":[{"damage":0.0,"enemies":"2 Louse","floor":1.0,"turns":1.0},{"damage":0.0,"enemies":"Small Slimes","floor":4.0,"turns":1.0},{"damage":0.0,"enemies":"Lagavulin","floor":7.0,"turns":1.0},{"damage":32.0,"enemies":"Gremlin Nob","floor":10.0,"turns":5.0},{"damage":0.0,"enemies":"Jaw Worm","floor":12.0,"turns":4.0},{"damage":5.0,"enemies":"Lots of Slimes","floor":14.0,"turns":3.0},{"damage":10.0,"enemies":"The Guardian","floor":16.0,"turns":10.0},{"damage":16.0,"enemies":"3 Byrds","floor":18.0,"turns":5.0},{"damage":6,"enemies":"Book of Stabbing","floor":23,"turns":6},{"damage":0,"enemies":"Chosen","floor":24,"turns":4},{"damage":28,"enemies":"Gremlin Leader","floor":28,"turns":8},{"damage":4,"enemies":"Snake Plant","floor":30,"turns":3},{"damage":8,"enemies":"Centurion and Healer","floor":31,"turns":5},{"damage":49,"enemies":"Automaton","floor":33,"turns":13},{"damage":0,"enemies":"Orb Walker","floor":35,"turns":4},{"damage":14,"enemies":"3 Darklings","floor":36,"turns":6},{"damage":19,"enemies":"Spire Growth","floor":39,"turns":5},{"damage":7,"enemies":"Nemesis","floor":41,"turns":5},{"damage":15,"enemies":"Sphere and 2 Shapes","floor":44,"turns":6},{"damage":14,"enemies":"Jaw Worm Horde","floor":45,"turns":4},{"damage":2,"enemies":"Writhing Mass","floor":48,"turns":7},{"damage":29,"enemies":"Time Eater","floor":50,"turns":7}],"seed_played":"-8982477118918814886","potions_obtained":[{"floor":4.0,"key":"SteroidPotion"},{"floor":12.0,"key":"PowerPotion"},{"floor":14.0,"key":"SpeedPotion"},{"floor":16.0,"key":"AttackPotion"},{"floor":23,"key":"Fruit Juice"},{"floor":24,"key":"PowerPotion"},{"floor":28,"key":"EssenceOfSteel"},{"floor":31,"key":"SteroidPotion"},{"floor":35,"key":"Poison Potion"}],"is_trial":false,"path_per_floor":["M","?","$","M","?","R","E","?","T","E","T","M","R","M","R","B",null,"M","?","?","?","$","E","M","R","T","R","E","R","M","M","R","B",null,"M","M","?","$","M","R","E","?","T","M","M","R","$","M","R","B",null],"character_chosen":"THE_SILENT","items_purchased":["Terror","GhostInAJar"],"campfire_rested":2,"item_purchase_floors":[22,47],"current_hp_per_floor":[59,59,59,59,52,52,52,47,47,15,15,27,27,34,34,36,59,43,43,43,43,43,42,44,44,54,54,47,47,45,51,77,42,77,79,67,85,85,68,68,63,63,63,50,50,76,76,76,76,49],"gold":81,"neow_bonus":"THREE_ENEMY_KILL","is_prod":false,"is_daily":false,"chose_seed":false,"campfire_upgraded":8,"win_rate":0,"timestamp":1547579256,"path_taken":["M","?","$","M","?","R","E","?","T","E","?","M","R","?","R","BOSS","M","?","?","?","$","E","M","R","T","R","E","R","M","M","R","BOSS","M","?","?","$","M","R","E","?","T","M","M","R","$","M","R","BOSS"],"build_version":"2019-01-10","purchased_purges":4,"victory":true,"max_hp_per_floor":[66,66,66,66,66,66,66,66,66,66,66,66,66,66,66,66,66,66,66,66,66,66,71,71,71,81,81,88,88,88,88,88,88,88,88,88,88,88,88,88,88,88,88,88,88,88,88,88,88,88],"card_choices":[{"not_picked":["Outmaneuver","Endless Agony"],"picked":"Dagger Spray","floor":1.0},{"not_picked":["All Out Attack","Deflect"],"picked":"Skewer","floor":4.0},{"not_picked":["Accuracy","Storm of Steel"],"picked":"Dash","floor":7.0},{"not_picked":["Deflect","Heel Hook"],"picked":"Noxious Fumes","floor":10.0},{"not_picked":["Prepared","Poisoned Stab"],"picked":"Deadly Poison","floor":12.0},{"not_picked":["Outmaneuver","Underhanded Strike"],"picked":"Adrenaline","floor":14.0},{"not_picked":["Die Die Die","Envenom"],"picked":"Glass Knife","floor":16.0},{"not_picked":["Bane+1","Backflip"],"picked":"Leg Sweep+1","floor":18.0},{"not_picked":["Bane","Prepared"],"picked":"Backflip","floor":23},{"not_picked":["Acrobatics","Dodge and Roll"],"picked":"Deflect+1","floor":24},{"not_picked":["Backflip","Predator","Eviscerate"],"picked":"SKIP","floor":28},{"not_picked":["Dagger Throw","Phantasmal Killer"],"picked":"Catalyst+1","floor":30},{"not_picked":["Deflect","Quick Slash+1"],"picked":"Dodge and Roll","floor":31},{"not_picked":["After Image","Glass Knife"],"picked":"Night Terror","floor":33},{"not_picked":["PiercingWail","Slice"],"picked":"Outmaneuver+1","floor":35},{"not_picked":["Deflect","Choke"],"picked":"Blur","floor":36},{"not_picked":["Dagger Spray","Endless Agony","Leg Sweep"],"picked":"SKIP","floor":39},{"not_picked":["Endless Agony","Doppelganger","Crippling Poison"],"picked":"SKIP","floor":41},{"not_picked":["The Bomb","Finesse"],"picked":"Madness","floor":42},{"not_picked":["Dash","Flying Knee","Riddle With Holes+1"],"picked":"SKIP","floor":44},{"not_picked":["Skewer","Tactician"],"picked":"Bouncing Flask+1","floor":45},{"not_picked":["Choke","Bane"],"picked":"Blur+1","floor":48}],"player_experience":464474,"relics_obtained":[{"floor":7.0,"key":"Ornamental Fan"},{"floor":9.0,"key":"Art of War"},{"floor":10.0,"key":"Pen Nib"},{"floor":11.0,"key":"Meat on the Bone"},{"floor":23,"key":"Blood Vial"},{"floor":26,"key":"Pear"},{"floor":28,"key":"Strawberry"},{"floor":41,"key":"Shuriken"},{"floor":43,"key":"Bottled Tornado"}],"event_choices":[{"damage_healed":0.0,"max_hp_gain":0.0,"max_hp_loss":0.0,"gold_gain":0.0,"event_name":"Big Fish","player_choice":"Box","floor":2.0,"gold_loss":0.0,"damage_taken":0.0,"relics_obtained":["Sundial"],"cards_obtained":["Regret"]},{"cards_removed":["Strike_G"],"damage_healed":0.0,"max_hp_gain":0.0,"max_hp_loss":0.0,"gold_gain":0.0,"event_name":"Golden Wing","player_choice":"Card Removal","floor":5.0,"gold_loss":0.0,"damage_taken":7.0},{"damage_healed":0.0,"max_hp_gain":0.0,"max_hp_loss":0.0,"gold_gain":0.0,"event_name":"Scrap Ooze","player_choice":"Success","floor":8.0,"gold_loss":0.0,"damage_taken":5.0,"relics_obtained":["Calipers"]},{"damage_healed":0.0,"max_hp_gain":0.0,"max_hp_loss":0.0,"gold_gain":0.0,"event_name":"Back to Basics","player_choice":"Simplicity","floor":19.0,"gold_loss":0.0,"damage_taken":0.0,"cards_upgraded":["Defend_G","Defend_G","Defend_G","Defend_G","Defend_G","Strike_G","Strike_G","Strike_G","Strike_G"]},{"damage_healed":0.0,"max_hp_gain":0.0,"max_hp_loss":0.0,"gold_gain":0.0,"event_name":"The Mausoleum","player_choice":"Opened","floor":20.0,"gold_loss":0.0,"damage_taken":0.0,"relics_obtained":["Orichalcum"],"cards_obtained":["Writhe"]},{"damage_healed":0,"gold_gain":0,"cards_transformed":["Dagger Spray"],"player_choice":"Transformed","damage_taken":0,"max_hp_gain":0,"max_hp_loss":0,"event_name":"Transmorgrifier","floor":21,"gold_loss":0,"cards_obtained":["Catalyst"]},{"damage_healed":18,"gold_gain":0,"player_choice":"Writhe","damage_taken":0,"max_hp_gain":0,"max_hp_loss":0,"event_name":"Winding Halls","floor":37,"gold_loss":0,"cards_obtained":["Writhe"]},{"damage_healed":0,"gold_gain":0,"player_choice":"Memory 1","damage_taken":0,"max_hp_gain":0,"max_hp_loss":0,"event_name":"SensoryStone","floor":42,"gold_loss":0}],"is_beta":false,"boss_relics":[{"not_picked":["Coffee Dripper","Eternal Feather"],"picked":"Runic Pyramid"},{"not_picked":["Astrolabe","Tiny House"],"picked":"Cursed Key"}],"items_purged_floors":[3,22,38,47],"is_endless":false,"potions_floor_spawned":[4,12,14,16,23,24,28,31,35,39,44],"ascension_level":18}