{"gold_per_floor":[99,99,99,99,84,84,84,84,84,84,84,84,84,84,84,84,84,84,84,84,16,16,16,16,16,16,16,16,16,16,16,16,16,16,16,0,0,0,0,0,0,0,0,0,0,0,0,0,0,0],"floor_reached":51,"playtime":2411,"items_purged":[],"score":911,"play_id":"4c1102fa-f8ba-4640-a767-3757b2e24fe3","local_time":"20190226064147","is_ascension_mode":false,"campfire_choices":[{"data":"Rebound","floor":6.0,"key":"SMITH"},{"data":"Zap","floor":11.0,"key":"SMITH"},{"data":"Beam Cell","floor":15.0,"key":"SMITH"},{"data":"Capacitor","floor":28.0,"key":"SMITH"},{"data":"Multi-Cast","floor":32.0,"key":"SMITH"},{"data":"Consume","floor":40.0,"key":"SMITH"},{"data":"Biased Cognition","floor":46.0,"key":"SMITH"},{"floor":49,"key":"REST"}],"neow_cost":"NONE","seed_source_timestamp":9470333177199,"circlet_count":0,"master_deck":["Defend_B","Defend_B","Defend_B","Zap+1","Dualcast","Rebound+1","Conserve Battery","Tempest","Gash","Streamline","Self Repair+1","Beam Cell+1","Biased Cognition+1","Consume+1","Streamline","Capacitor+1","Ball Lightning","White Noise+1","Multi-Cast+1","Electrodynamics","Capacitor+1","Double Energy+1","Force Field+1","Turbo+1","Master of Strategy"],"special_seed":0,"relics":["Ectoplasm","Bronze Scales","DataDisk","Potion Belt","Empty Cage","Meat on the Bone","Vajra","Bird Faced Urn","Runic Pyramid","Red Mask","Symbiotic Virus","Kunai"],"potions_floor_usage":[50,50],"damage_taken":[{"damage":4.0,"enemies":"2 Louse","floor":1.0,"turns":3.0},{"damage":0.0,"enemies":"Cultist","floor":2.0,"turns":4.0},{"damage":2.0,"enemies":"Small Slimes","floor":4.0,"turns":3.0},{"damage":10.0,"enemies":"Looter","floor":5.0,"turns":2.0},{"damage":12.0,"enemies":"Gremlin Gang","floor":7.0,"turns":5.0},{"damage":8.0,"enemies":"Gremlin Nob","floor":8.0,"turns":4.0},{"damage":0.0,"enemies":"Exordium Wildlife","floor":12.0,"turns":3.0},{"damage":4.0,"enemies":"3 Sentries","floor":13.0,"turns":5.0},{"damage":0.0,"enemies":"Blue Slaver","floor":14.0,"turns":3.0},{"damage":5.0,"enemies":"Hexaghost","floor":16.0,"turns":8.0},{"damage":0.0,"enemies":"Spheric Guardian","floor":18.0,"turns":3.0},{"damage":0.0,"enemies":"3 Byrds","floor":20.0,"turns":2.0},{"damage":13.0,"enemies":"Snecko","floor":22.0,"turns":4.0},{"damage":26.0,"enemies":"Slavers","floor":23.0,"turns":3.0},{"damage":5.0,"enemies":"Cultist and Chosen","floor":24.0,"turns":4.0},{"damage":27.0,"enemies":"3 Cultists","floor":27.0,"turns":4.0},{"damage":32.0,"enemies":"Snake Plant","floor":29.0,"turns":3.0},{"damage":10.0,"enemies":"Centurion and Healer","floor":31.0,"turns":5.0},{"damage":55.0,"enemies":"Collector","floor":33.0,"turns":6.0},{"damage":42.0,"enemies":"3 Darklings","floor":35.0,"turns":3.0},{"damage":17.0,"enemies":"3 Shapes","floor":37.0,"turns":3.0},{"damage":33.0,"enemies":"Maw","floor":39.0,"turns":6.0},{"damage":10.0,"enemies":"Sphere and 2 Shapes","floor":44.0,"turns":3.0},{"damage":42.0,"enemies":"Giant Head","floor":45.0,"turns":7.0},{"damage":46,"enemies":"Time Eater","floor":50,"turns":7}],"seed_played":"3928743707531365379","potions_obtained":[{"floor":2.0,"key":"Swift Potion"},{"floor":4.0,"key":"Swift Potion"},{"floor":7.0,"key":"SkillPotion"},{"floor":8.0,"key":"LiquidBronze"},{"floor":13.0,"key":"AttackPotion"},{"floor":18.0,"key":"GamblersBrew"},{"floor":22.0,"key":"PowerPotion"},{"floor":29.0,"key":"SteroidPotion"},{"floor":31.0,"key":"EssenceOfSteel"},{"floor":33.0,"key":"LiquidBronze"},{"floor":45.0,"key":"Weak Potion"}],"is_trial":false,"path_per_floor":["M","M","?","M","M","R","M","E","T","?","R","M","E","M","R","B",null,"M","?","M","?","M","E","M","?","T","M","R","M","$","M","R","B",null,"M","?","M","?","M","R","?","$","T","M","E","R","$","?","R","B",null],"character_chosen":"DEFECT","items_purchased":[],"campfire_rested":1,"item_purchase_floors":[],"current_hp_per_floor":[71,71,71,69,59,59,47,39,39,32,32,32,28,35,35,37,75,75,75,75,75,69,43,45,45,45,43,43,34,34,51,51,23,75,52,52,47,47,48,48,48,48,48,56,48,48,48,48,70,52],"gold":0,"neow_bonus":"BOSS_RELIC","is_prod":false,"is_daily":false,"chose_seed":false,"campfire_upgraded":7,"win_rate":0,"timestamp":1551152507,"path_taken":["M","M","?","M","?","R","M","E","T","?","R","M","E","M","R","BOSS","M","?","M","?","M","E","?","?","T","M","R","M","?","M","R","BOSS","M","?","M","?","?","R","?","?","T","M","E","R","$","?","R","BOSS"],"build_version":"2019-01-23","purchased_purges":0,"victory":true,"max_hp_per_floor":[75,75,75,75,75,75,75,75,75,75,75,75,75,75,75,75,75,75,75,75,75,75,75,75,75,75,75,75,75,75,75,75,75,75,75,75,75,75,75,75,75,75,75,75,75,75,75,75,75,75],"card_choices":[{"not_picked":["Darkness","Barrage"],"picked":"Rebound","floor":1.0},{"not_picked":["Cold Snap","Recycle","Loop"],"picked":"SKIP","floor":2.0},{"not_picked":["Double Energy","Static Discharge"],"picked":"Conserve Battery","floor":4.0},{"not_picked":["Coolheaded","Barrage","Cold Snap"],"picked":"SKIP","floor":5.0},{"not_picked":["Beam Cell","Sweeping Beam"],"picked":"Tempest","floor":7.0},{"not_picked":["Go for the Eyes","Leap"],"picked":"Gash","floor":8.0},{"not_picked":["Reprogram","Conserve Battery"],"picked":"Streamline","floor":12.0},{"not_picked":["Melter","Scrape"],"picked":"Self Repair","floor":13.0},{"not_picked":["Blizzard","FTL"],"picked":"Beam Cell","floor":14.0},{"not_picked":["Thunder Strike","Core Surge"],"picked":"Biased Cognition","floor":16.0},{"not_picked":["Turbo","Steam"],"picked":"Consume","floor":18.0},{"not_picked":["Hologram","Turbo","Coolheaded"],"picked":"SKIP","floor":20.0},{"not_picked":["Cold Snap","Sweeping Beam"],"picked":"Streamline","floor":22.0},{"not_picked":["Rainbow","Sweeping Beam","Streamline"],"picked":"SKIP","floor":23.0},{"not_picked":["Rainbow","Sweeping Beam","Streamline"],"picked":"SKIP","floor":23.0},{"not_picked":["Leap+1","Gash"],"picked":"Capacitor","floor":24.0},{"not_picked":["Redo","Recycle+1"],"picked":"White Noise+1","floor":27.0},{"not_picked":["Coolheaded","Scrape"],"picked":"Multi-Cast","floor":29.0},{"not_picked":["Hologram","Coolheaded","Rebound+1"],"picked":"SKIP","floor":31.0},{"not_picked":["Rainbow","Fission"],"picked":"Electrodynamics","floor":33.0},{"not_picked":["FTL","Redo+1","Steam"],"picked":"SKIP","floor":35.0},{"not_picked":["Compile Driver+1","Steam Power+1"],"picked":"Capacitor+1","floor":37.0},{"not_picked":["Reprogram+1","Consume+1"],"picked":"Double Energy+1","floor":39.0},{"not_picked":["Steam","Streamline+1"],"picked":"Force Field+1","floor":44.0},{"not_picked":["Scrape","Ball Lightning"],"picked":"Turbo+1","floor":45.0},{"not_picked":["Good Instincts","Trip"],"picked":"Master of Strategy","floor":48}],"player_experience":904173,"relics_obtained":[{"floor":8.0,"key":"Bronze Scales"},{"floor":9.0,"key":"DataDisk"},{"floor":13.0,"key":"Potion Belt"},{"floor":23.0,"key":"Vajra"},{"floor":26.0,"key":"Bird Faced Urn"},{"floor":43.0,"key":"Symbiotic Virus"},{"floor":45.0,"key":"Kunai"}],"event_choices":[{"cards_removed":["Strike_B"],"damage_healed":0.0,"max_hp_gain":0.0,"max_hp_loss":0.0,"gold_gain":0.0,"event_name":"Bonfire Elementals","player_choice":"Offered Basic","floor":3.0,"gold_loss":0.0,"damage_taken":0.0},{"cards_removed":["Strike_B"],"damage_healed":0.0,"max_hp_gain":0.0,"max_hp_loss":0.0,"gold_gain":0.0,"event_name":"Golden Wing","player_choice":"Card Removal","floor":10.0,"gold_loss":0.0,"damage_taken":7.0},{"damage_healed":0.0,"max_hp_gain":0.0,"max_hp_loss":0.0,"gold_gain":0.0,"event_name":"Ghosts","player_choice":"Ignored","floor":19.0,"gold_loss":0.0,"damage_taken":0.0},{"damage_healed":0.0,"max_hp_gain":0.0,"max_hp_loss":0.0,"gold_gain":0.0,"event_name":"WeMeetAgain","player_choice":"Paid Gold","floor":21.0,"gold_loss":68.0,"damage_taken":0.0,"relics_obtained":["Meat on the Bone"]},{"damage_healed":0.0,"max_hp_gain":0.0,"max_hp_loss":0.0,"gold_gain":0.0,"event_name":"The Library","player_choice":"Read","floor":25.0,"gold_loss":0.0,"damage_taken":0.0,"cards_obtained":["Ball Lightning"]},{"damage_healed":0.0,"max_hp_gain":0.0,"max_hp_loss":0.0,"gold_gain":0.0,"event_name":"Tomb of Lord Red Mask","player_choice":"Paid","floor":36.0,"gold_loss":16.0,"damage_taken":0.0,"relics_obtained":["Red Mask"]},{"damage_healed":0.0,"max_hp_gain":0.0,"max_hp_loss":0.0,"gold_gain":0.0,"event_name":"Accursed Blacksmith","player_choice":"Forge","floor":38.0,"gold_loss":0.0,"damage_taken":0.0,"cards_upgraded":["Self Repair"]},{"cards_removed":["Defend_B"],"damage_healed":0.0,"max_hp_gain":0.0,"max_hp_loss":0.0,"gold_gain":0.0,"event_name":"Falling","player_choice":"Removed Skill","floor":41.0,"gold_loss":0.0,"damage_taken":0.0},{"damage_healed":0,"gold_gain":0,"player_choice":"Memory 1","damage_taken":0,"max_hp_gain":0,"max_hp_loss":0,"event_name":"SensoryStone","floor":48,"gold_loss":0}],"is_beta":false,"boss_relics":[{"not_picked":["Snecko Eye","Tiny House"],"picked":"Empty Cage"},{"not_picked":["Calling Bell","Lizard Tail"],"picked":"Runic Pyramid"}],"items_purged_floors":[],"is_endless":false,"potions_floor_spawned":[2,4,7,8,13,18,22,29,31,33,45],"ascension_level":0}