{"gold_per_floor":[115,126,126,144,157,157,174,174,228,228,247,281,298,298,298,399,399,417,434,434,322,336,336,347,347,347,366,366,266,286,286,286,383,383,399,399,413,424,424,424,107,122,122,122,133,133,145,162,162,162],"floor_reached":51,"playtime":5844,"items_purged":["Strike_G","Decay","Strike_G"],"score":630,"play_id":"4b4dc93c-9439-4566-835b-0e331c8796a0","local_time":"20180922212858","is_ascension_mode":false,"campfire_choices":[{"data":"Noxious Fumes","floor":6,"key":"SMITH"},{"floor":8,"key":"REST"},{"data":"Catalyst","floor":10,"key":"SMITH"},{"floor":15,"key":"REST"},{"floor":23,"key":"REST"},{"floor":25,"key":"REST"},{"data":"Footwork","floor":28,"key":"SMITH"},{"data":"Catalyst","floor":32,"key":"SMITH"},{"data":"Calculated Gamble","floor":40,"key":"SMITH"},{"floor":44,"key":"REST"},{"data":"Deadly Poison","floor":46,"key":"SMITH"},{"floor":49,"key":"REST"}],"neow_cost":"","seed_source_timestamp":0,"circlet_count":0,"master_deck":["Defend_G","Defend_G","Defend_G+1","Defend_G","Defend_G","Strike_G","Strike_G","Strike_G","Survivor+1","Neutralize","Dodge and Roll+1","Calculated Gamble+1","Deadly Poison+1","Noxious Fumes+1","Catalyst+1","Well Laid Plans","Catalyst+1","Acrobatics+1","Malaise","Deflect+1","Acrobatics+1","Footwork+1","Deflect+1","Die Die Die","Deadly Poison","Deadly Poison+1"],"special_seed":0,"relics":["Ring of the Snake","War Paint","Mummified Hand","Velvet Choker","Sundial","MutagenicStrength","White Beast Statue","FossilizedHelix","Chemical X"],"potions_floor_usage":[12,13,33,50,50],"damage_taken":[{"damage":5.0,"enemies":"Small Slimes","floor":1.0,"turns":5.0},{"damage":0.0,"enemies":"Cultist","floor":2.0,"turns":5.0},{"damage":1.0,"enemies":"2 Louse","floor":4.0,"turns":3.0},{"damage":20,"enemies":"Lots of Slimes","floor":5,"turns":13},{"damage":11,"enemies":"Blue Slaver","floor":7,"turns":5},{"damage":1,"enemies":"Exordium Wildlife","floor":11,"turns":5},{"damage":29,"enemies":"3 Sentries","floor":12,"turns":7},{"damage":16,"enemies":"3 Louse","floor":13,"turns":3},{"damage":9,"enemies":"Hexaghost","floor":16,"turns":7},{"damage":20,"enemies":"Chosen","floor":18,"turns":9},{"damage":18,"enemies":"3 Byrds","floor":19,"turns":6},{"damage":25,"enemies":"Sentry and Sphere","floor":22,"turns":6},{"damage":5,"enemies":"Snake Plant","floor":24,"turns":5},{"damage":0,"enemies":"Centurion and Healer","floor":27,"turns":8},{"damage":3,"enemies":"Shelled Parasite and Fungi","floor":30,"turns":4},{"damage":12,"enemies":"Collector","floor":33,"turns":6},{"damage":27,"enemies":"3 Shapes","floor":35,"turns":5},{"damage":0,"enemies":"Mind Bloom Boss Battle","floor":36,"turns":7},{"damage":8,"enemies":"3 Darklings","floor":37,"turns":11},{"damage":0,"enemies":"Sphere and 2 Shapes","floor":38,"turns":6},{"damage":24,"enemies":"Reptomancer","floor":42,"turns":4},{"damage":7,"enemies":"4 Shapes","floor":45,"turns":7},{"damage":0,"enemies":"Maw","floor":47,"turns":5},{"damage":14,"enemies":"Sphere and 2 Shapes","floor":48,"turns":6},{"damage":26,"enemies":"Time Eater","floor":50,"turns":5}],"seed_played":"-2262857368447646154","potions_obtained":[{"floor":1.0,"key":"Strength Potion"},{"floor":2.0,"key":"Ancient Potion"},{"floor":7,"key":"Ancient Potion"},{"floor":12,"key":"LiquidBronze"},{"floor":16,"key":"Poison Potion"},{"floor":18,"key":"SpeedPotion"},{"floor":24,"key":"GhostInAJar"},{"floor":35,"key":"AttackPotion"},{"floor":36,"key":"PowerPotion"},{"floor":37,"key":"Energy Potion"}],"is_trial":false,"path_per_floor":["M","M","?","M","M","R","M","R","T","R","M","E","M","?","R","B",null,"M","M","?","$","M","R","M","R","T","M","R","$","M","?","R","B",null,"M","?","M","M","?","R","$","M","T","R","M","R","M","M","R","B"],"character_chosen":"THE_SILENT","items_purchased":["Footwork","Chemical X"],"campfire_rested":6,"item_purchase_floors":[21,41],"current_hp_per_floor":[65,65,65,64,44,44,33,54,54,54,53,24,8,8,29,20,70,50,32,32,32,7,28,23,44,44,44,44,44,41,41,41,29,70,43,43,35,35,61,61,61,37,37,55,48,48,48,34,52,26],"gold":162,"neow_bonus":"","is_prod":false,"is_daily":false,"chose_seed":false,"campfire_upgraded":6,"win_rate":0.0,"timestamp":1537640938,"path_taken":["M","M","?","M","M","R","M","R","T","R","?","E","M","?","R","BOSS","M","M","?","$","M","R","M","R","T","M","R","$","?","?","R","BOSS","M","?","M","M","?","R","$","M","T","R","M","R","M","M","R","BOSS"],"build_version":"2018-09-20","purchased_purges":3,"victory":true,"max_hp_per_floor":[70,70,70,70,70,70,70,70,70,70,70,70,70,70,70,70,70,70,70,70,70,70,70,70,70,70,70,70,70,70,70,70,70,70,70,70,70,70,61,61,61,61,61,61,61,61,61,61,61,61],"card_choices":[{"not_picked":["Sucker Punch","Caltrops"],"picked":"Dodge and Roll","floor":1.0},{"not_picked":["Underhanded Strike","Deadly Poison"],"picked":"Calculated Gamble","floor":2.0},{"not_picked":["Prepared","Poisoned Stab"],"picked":"Deadly Poison","floor":4},{"not_picked":["Quick Slash","Escape Plan"],"picked":"Noxious Fumes","floor":5},{"not_picked":["Reflex","Outmaneuver"],"picked":"Catalyst","floor":7},{"not_picked":["Flying Knee","Caltrops"],"picked":"Well Laid Plans","floor":11},{"not_picked":["Masterful Stab","Reflex"],"picked":"Catalyst","floor":12},{"not_picked":["Dagger Spray","Infinite Blades"],"picked":"Acrobatics","floor":13},{"not_picked":["A Thousand Cuts","Night Terror"],"picked":"Malaise","floor":16},{"not_picked":["Poisoned Stab","Acrobatics"],"picked":"Deflect+1","floor":18},{"not_picked":["Dagger Throw","Skewer"],"picked":"Acrobatics+1","floor":19},{"not_picked":["Poisoned Stab","Escape Plan","Bouncing Flask"],"picked":"SKIP","floor":22},{"not_picked":["Dagger Spray","Poisoned Stab"],"picked":"Deflect+1","floor":24},{"not_picked":["Underhanded Strike","Caltrops","Slice"],"picked":"SKIP","floor":27},{"not_picked":["Slice","Finisher","Acrobatics"],"picked":"SKIP","floor":30},{"not_picked":["Phantasmal Killer","Envenom"],"picked":"Die Die Die","floor":33},{"not_picked":["Prepared","Predator+1","PiercingWail+1"],"picked":"SKIP","floor":35},{"not_picked":["Dodge and Roll","Outmaneuver"],"picked":"Deadly Poison","floor":36},{"not_picked":["Well Laid Plans+1","Venomology","Outmaneuver+1"],"picked":"SKIP","floor":37},{"not_picked":["Dagger Spray","Slice+1"],"picked":"Deadly Poison+1","floor":38},{"not_picked":["Bullet Time","PiercingWail+1","Outmaneuver"],"picked":"SKIP","floor":42},{"not_picked":["Backstab","Underhanded Strike","Footwork"],"picked":"SKIP","floor":45},{"not_picked":["Flying Knee","Heel Hook","Dodge and Roll+1"],"picked":"SKIP","floor":47},{"not_picked":["Poisoned Stab+1","Blade Dance","Dagger Spray+1"],"picked":"SKIP","floor":48}],"player_experience":26429,"relics_obtained":[{"floor":9,"key":"War Paint"},{"floor":12,"key":"Mummified Hand"},{"floor":26,"key":"Sundial"},{"floor":36,"key":"FossilizedHelix"}],"event_choices":[{"event_name":"Wheel of Change","player_choice":"Curse","floor":3.0,"damage_taken":0.0},{"event_name":"Upgrade Shrine","player_choice":"Upgraded","floor":14,"damage_taken":0},{"event_name":"Upgrade Shrine","player_choice":"Upgraded","floor":20,"damage_taken":0},{"event_name":"Drug Dealer","player_choice":"Inject Mutagens","floor":31,"damage_taken":0},{"event_name":"MindBloom","player_choice":"Fight","floor":36,"damage_taken":0},{"event_name":"The Moai Head","player_choice":"Heal","floor":39,"damage_taken":0}],"is_beta":false,"boss_relics":[{"not_picked":["Coffee Dripper","Tiny House"],"picked":"Velvet Choker"},{"not_picked":["Philosopher\u0027s Stone","HoveringKite"],"picked":"White Beast Statue"}],"items_purged_floors":[21,29,41],"is_endless":false,"potions_floor_spawned":[1,2,7,12,16,18,24,35,36,37,38,42,45,47,48],"ascension_level":0}