{"gold_per_floor":[119,119,119,139,139,180,180,196,219,144,144,163,199,212,212,333,333,358,358,369,3069,3083,3083,3099,2486,2486,2502,2602,1797,1797,1811,1811,1910,1910,1922,1941,1952,1048,2047,2047,2079,2079,2105,2117,1271,1271,560,560,560,560],"floor_reached":51,"playtime":2929,"items_purged":["Strike_B","Strike_B","Strike_B","Strike_B","Normality","Normality"],"score":735,"play_id":"968fe7f9-0d67-4a3f-bce4-fd64c56f313e","local_time":"20190226092038","is_ascension_mode":false,"campfire_choices":[{"data":"Capacitor","floor":7.0,"key":"SMITH"},{"data":"Zap","floor":11.0,"key":"SMITH"},{"floor":15.0,"key":"REST"},{"floor":23.0,"key":"REST"},{"data":"Machine Learning","floor":30.0,"key":"SMITH"},{"data":"Self Repair","floor":32.0,"key":"SMITH"},{"data":"Apotheosis","floor":40.0,"key":"SMITH"},{"data":"Reboot","floor":46.0,"key":"SMITH"},{"data":"Thinking Ahead","floor":49,"key":"SMITH"}],"neow_cost":"NONE","seed_source_timestamp":0,"circlet_count":0,"master_deck":["Defend_B+1","Defend_B+1","Defend_B","Zap+1","Consume+1","Capacitor+1","Melter+1","Stack","FTL","Ball Lightning+1","Ball Lightning+1","BootSequence","Leap","Machine Learning+1","Self Repair+1","Glacier","Finesse","Coolheaded+1","Master of Strategy","Good Instincts","Reboot+1","Coolheaded","Apotheosis+1","Loop+1","Reinforced Body","Thinking Ahead+1"],"special_seed":0,"relics":["Orrery","Bloody Idol","War Paint","Vajra","Cables","Runic Dome","ClockworkSouvenir","Oddly Smooth Stone","WingedGreaves","Bottled Tornado","Bronze Scales","Sozu","Medical Kit","Regal Pillow","Meat on the Bone","Bag of Marbles","Whetstone","OrangePellets","Art of War","Omamori","DataDisk","Centennial Puzzle","Lee\u0027s Waffle"],"potions_floor_usage":[50,50,50],"damage_taken":[{"damage":5.0,"enemies":"Small Slimes","floor":1.0,"turns":4.0},{"damage":1.0,"enemies":"Cultist","floor":4.0,"turns":3.0},{"damage":18.0,"enemies":"Gremlin Nob","floor":6.0,"turns":4.0},{"damage":0.0,"enemies":"Jaw Worm","floor":8.0,"turns":3.0},{"damage":2.0,"enemies":"Exordium Thugs","floor":12.0,"turns":4.0},{"damage":13.0,"enemies":"Lagavulin","floor":13.0,"turns":5.0},{"damage":0.0,"enemies":"Blue Slaver","floor":14.0,"turns":3.0},{"damage":1.0,"enemies":"Hexaghost","floor":16.0,"turns":7.0},{"damage":13.0,"enemies":"2 Thieves","floor":18.0,"turns":4.0},{"damage":17.0,"enemies":"3 Byrds","floor":20.0,"turns":5.0},{"damage":3.0,"enemies":"Shelled Parasite and Fungi","floor":22.0,"turns":5.0},{"damage":6.0,"enemies":"Sentry and Sphere","floor":24.0,"turns":4.0},{"damage":11.0,"enemies":"Snake Plant","floor":27.0,"turns":4.0},{"damage":1.0,"enemies":"Centurion and Healer","floor":31.0,"turns":6.0},{"damage":15.0,"enemies":"Automaton","floor":33.0,"turns":9.0},{"damage":0.0,"enemies":"Orb Walker","floor":35.0,"turns":5.0},{"damage":22.0,"enemies":"3 Darklings","floor":36.0,"turns":5.0},{"damage":2.0,"enemies":"Writhing Mass","floor":37.0,"turns":6.0},{"damage":25.0,"enemies":"Giant Head","floor":41.0,"turns":14.0},{"damage":7.0,"enemies":"4 Shapes","floor":44.0,"turns":8.0},{"damage":15,"enemies":"Awakened One","floor":50,"turns":12}],"seed_played":"-7261449699013788222","potions_obtained":[{"floor":4.0,"key":"SneckoOil"},{"floor":5.0,"key":"Fire Potion"},{"floor":5.0,"key":"FairyPotion"},{"floor":5.0,"key":"GamblersBrew"},{"floor":12.0,"key":"SpeedPotion"},{"floor":13.0,"key":"FocusPotion"},{"floor":14.0,"key":"Swift Potion"},{"floor":18.0,"key":"EssenceOfSteel"},{"floor":27.0,"key":"Strength Potion"}],"is_trial":false,"path_per_floor":["M","?","?","M","?","E","R","M","T","$","R","M","E","M","R","B",null,"M","?","M","?","M","R","M","$","T","M","?","$","R","M","R","B",null,"M","M","M","$","?","R","E","?","T","M","$","R","$","?","R","B",null],"character_chosen":"DEFECT","items_purchased":["ClockworkSouvenir","Oddly Smooth Stone","Regen Potion","Finesse","Bottled Tornado","Bronze Scales","Master of Strategy","Good Instincts","Apotheosis","Medical Kit","Regal Pillow","Meat on the Bone","OrangePellets","Art of War","Omamori","Thinking Ahead","DataDisk","Centennial Puzzle","Lee\u0027s Waffle"],"campfire_rested":2,"item_purchase_floors":[25,25,25,25,29,29,29,29,38,38,38,38,45,45,45,45,47,47,47],"current_hp_per_floor":[70,55,55,54,54,36,36,36,36,36,36,34,21,21,41,40,69,56,56,44,8,10,30,36,36,36,49,54,54,54,65,65,65,69,69,62,69,69,69,69,59,59,64,69,69,69,76,76,76,71],"gold":560,"neow_bonus":"BOSS_RELIC","is_prod":false,"is_daily":false,"chose_seed":false,"campfire_upgraded":7,"win_rate":0,"timestamp":1551162038,"path_taken":["M","?","?","M","?","E","R","?","T","$","R","M","E","M","R","BOSS","M","?","M","?","M","R","M","$","T","?","?","$","R","M","R","BOSS","M","M","?","$","?","R","E","?","T","M","$","R","$","?","R","BOSS"],"build_version":"2019-01-23","purchased_purges":6,"victory":true,"max_hp_per_floor":[75,75,69,69,69,69,69,69,69,69,69,69,69,69,69,69,69,69,69,69,69,69,69,69,69,69,69,69,69,69,69,69,69,69,69,69,69,69,69,69,69,69,69,69,69,69,76,76,76,76],"card_choices":[{"not_picked":["Beam Cell","Conserve Battery"],"picked":"Consume","floor":0.0},{"not_picked":["Rebound","Streamline"],"picked":"Capacitor","floor":0.0},{"not_picked":["Compile Driver","Rebound"],"picked":"Melter","floor":0.0},{"not_picked":["Gash","Go for the Eyes"],"picked":"Stack","floor":0.0},{"not_picked":["Rebound","Cold Snap"],"picked":"FTL","floor":0.0},{"not_picked":["Streamline","Turbo"],"picked":"Ball Lightning","floor":1.0},{"not_picked":["Amplify","Steam Power","Rebound"],"picked":"SKIP","floor":4.0},{"not_picked":["Stack","Conserve Battery"],"picked":"Ball Lightning","floor":6.0},{"not_picked":["Genetic Algorithm","Leap"],"picked":"BootSequence","floor":8.0},{"not_picked":["Redo","Undo"],"picked":"Leap","floor":12.0},{"not_picked":["FTL","Redo","Barrage"],"picked":"SKIP","floor":13.0},{"not_picked":["Turbo","Genetic Algorithm","Consume"],"picked":"SKIP","floor":14.0},{"not_picked":["Biased Cognition","Thunder Strike"],"picked":"Machine Learning","floor":16.0},{"not_picked":["Barrage","Recycle","BootSequence"],"picked":"SKIP","floor":18.0},{"not_picked":["Barrage","Recycle","BootSequence"],"picked":"SKIP","floor":18.0},{"not_picked":["Redo","Conserve Battery","Beam Cell"],"picked":"SKIP","floor":20.0},{"not_picked":["Stack","Rebound"],"picked":"Self Repair","floor":22.0},{"not_picked":["Rip and Tear","Auto Shields"],"picked":"Glacier","floor":24.0},{"not_picked":["Cold Snap","Streamline"],"picked":"Coolheaded+1","floor":27.0},{"not_picked":["Streamline","Beam Cell+1","Ball Lightning+1"],"picked":"SKIP","floor":31.0},{"not_picked":["Creative AI","Core Surge"],"picked":"Reboot","floor":33.0},{"not_picked":["Static Discharge","Conserve Battery+1"],"picked":"Coolheaded","floor":35.0},{"not_picked":["Rip and Tear","Aggregate","Turbo"],"picked":"SKIP","floor":36.0},{"not_picked":["Rip and Tear","Aggregate","Turbo"],"picked":"SKIP","floor":36.0},{"not_picked":["Tempest+1","BootSequence+1","Storm+1"],"picked":"SKIP","floor":37.0},{"not_picked":["Leap+1","Conserve Battery+1"],"picked":"Loop+1","floor":41.0},{"not_picked":["Turbo+1","Undo+1"],"picked":"Reinforced Body","floor":44.0}],"player_experience":910907,"relics_obtained":[{"floor":6.0,"key":"War Paint"},{"floor":9.0,"key":"Vajra"},{"floor":13.0,"key":"Cables"},{"floor":26.0,"key":"WingedGreaves"},{"floor":41.0,"key":"Bag of Marbles"},{"floor":43.0,"key":"Whetstone"}],"event_choices":[{"damage_healed":0.0,"max_hp_gain":0.0,"max_hp_loss":0.0,"gold_gain":0.0,"event_name":"Shining Light","player_choice":"Entered Light","floor":2.0,"gold_loss":0.0,"damage_taken":15.0,"cards_upgraded":["Consume","Melter"]},{"damage_healed":0.0,"max_hp_gain":0.0,"max_hp_loss":6.0,"gold_gain":0.0,"event_name":"Golden Idol","player_choice":"Lose Max HP","floor":3.0,"gold_loss":0.0,"damage_taken":0.0,"relics_obtained":["Golden Idol"]},{"damage_healed":0.0,"max_hp_gain":0.0,"max_hp_loss":0.0,"gold_gain":0.0,"event_name":"Lab","player_choice":"Got Potions","floor":5.0,"gold_loss":0.0,"damage_taken":0.0},{"damage_healed":0.0,"max_hp_gain":0.0,"max_hp_loss":0.0,"gold_gain":0.0,"event_name":"Forgotten Altar","player_choice":"Gave Idol","floor":19.0,"relics_lost":["Golden Idol"],"gold_loss":0.0,"damage_taken":0.0,"relics_obtained":["Bloody Idol"]},{"damage_healed":0.0,"max_hp_gain":0.0,"max_hp_loss":0.0,"gold_gain":2700.0,"event_name":"Knowing Skull","player_choice":"GOLD GOLD GOLD GOLD GOLD GOLD GOLD GOLD GOLD GOLD GOLD GOLD GOLD GOLD GOLD GOLD GOLD GOLD GOLD GOLD GOLD GOLD GOLD GOLD GOLD GOLD GOLD GOLD GOLD GOLD ","floor":21.0,"potions_obtained":[],"gold_loss":0.0,"damage_taken":186.0,"cards_obtained":[]},{"damage_healed":0.0,"max_hp_gain":0.0,"max_hp_loss":0.0,"gold_gain":100.0,"event_name":"Golden Shrine","player_choice":"Pray","floor":28.0,"gold_loss":0.0,"damage_taken":0.0},{"damage_healed":0.0,"max_hp_gain":0.0,"max_hp_loss":0.0,"gold_gain":999.0,"event_name":"MindBloom","player_choice":"Gold","floor":39.0,"gold_loss":0.0,"damage_taken":0.0,"cards_obtained":["Normality","Normality"]},{"cards_removed":["Dualcast"],"damage_healed":0.0,"max_hp_gain":0.0,"max_hp_loss":0.0,"gold_gain":0.0,"event_name":"Falling","player_choice":"Removed Skill","floor":42.0,"gold_loss":0.0,"damage_taken":0.0},{"cards_removed":["Defend_B"],"damage_healed":0.0,"max_hp_gain":0.0,"max_hp_loss":0.0,"gold_gain":0.0,"event_name":"Purifier","player_choice":"Purged","floor":48.0,"gold_loss":0.0,"damage_taken":0.0}],"is_beta":false,"boss_relics":[{"not_picked":["Snecko Eye","Eternal Feather"],"picked":"Runic Dome"},{"not_picked":["White Beast Statue","Tiny House"],"picked":"Sozu"}],"items_purged_floors":[10,25,29,38,45,47],"is_endless":false,"potions_floor_spawned":[4,12,13,14,18,27,35,37,44],"ascension_level":0}