{"gold_per_floor":[116,126,126,137,149,176,176,187,213,213],"floor_reached":10,"playtime":625,"items_purged":[],"score":70,"play_id":"78538d78-9bcb-4f3a-871c-e0438f83e077","local_time":"20190104162857","is_ascension_mode":false,"campfire_choices":[{"data":"Dagger Spray","floor":7,"key":"SMITH"}],"neow_cost":"NONE","seed_source_timestamp":70905522280941,"circlet_count":0,"master_deck":["Defend_G","Defend_G","Defend_G","Defend_G","Defend_G","Strike_G","Strike_G","Strike_G","Strike_G","Strike_G","Survivor","Neutralize","Sucker Punch","Backflip","Dagger Spray+1","Dagger Throw","Expertise","Poisoned Stab"],"relics":["Ring of the Snake","Bronze Scales","Gremlin Horn","Boot","Juzu Bracelet"],"potions_floor_usage":[8,10],"damage_taken":[{"damage":0,"enemies":"Small Slimes","floor":1,"turns":3},{"damage":0,"enemies":"2 Louse","floor":2,"turns":2},{"damage":0,"enemies":"Jaw Worm","floor":4,"turns":4},{"damage":9,"enemies":"Gremlin Gang","floor":5,"turns":3},{"damage":37,"enemies":"Lagavulin","floor":6,"turns":10},{"damage":0,"enemies":"Large Slime","floor":8,"turns":5},{"damage":38,"enemies":"Lagavulin Event","floor":10,"turns":5}],"seed_played":"2098082504325025874","potions_obtained":[{"floor":1,"key":"LiquidBronze"},{"floor":2,"key":"GhostInAJar"}],"is_trial":false,"path_per_floor":["M","M","?","M","M","E","R","M","T","?"],"character_chosen":"THE_SILENT","items_purchased":[],"campfire_rested":0,"item_purchase_floors":[],"current_hp_per_floor":[70,70,75,75,66,29,29,29,29,0],"gold":213,"neow_bonus":"RANDOM_COMMON_RELIC","is_prod":false,"is_daily":false,"chose_seed":false,"campfire_upgraded":1,"win_rate":0.0,"timestamp":1546590537,"path_taken":["M","M","?","M","M","E","R","M","T","?"],"build_version":"2019-01-03v3","purchased_purges":0,"victory":false,"max_hp_per_floor":[70,70,75,75,75,75,75,75,75,75],"card_choices":[{"not_picked":["All Out Attack","Flechettes"],"picked":"Sucker Punch","floor":1},{"not_picked":["Bouncing Flask","Crippling Poison"],"picked":"Backflip","floor":2},{"not_picked":["Outmaneuver","Acrobatics"],"picked":"Dagger Spray","floor":4},{"not_picked":["Terror","Outmaneuver"],"picked":"Dagger Throw","floor":5},{"not_picked":["Accuracy","Deflect"],"picked":"Expertise","floor":6},{"not_picked":["Reflex","Deadly Poison"],"picked":"Poisoned Stab","floor":8}],"player_experience":28986,"relics_obtained":[{"floor":6,"key":"Gremlin Horn"},{"floor":9,"key":"Boot"}],"event_choices":[{"damage_healed":0,"gold_gain":0,"player_choice":"Donut","damage_taken":0,"max_hp_gain":5,"max_hp_loss":0,"event_name":"Big Fish","floor":3,"gold_loss":0},{"damage_healed":0,"gold_gain":0,"player_choice":"Searched \u00272\u0027 times","damage_taken":0,"relics_obtained":["Juzu Bracelet"],"max_hp_gain":0,"max_hp_loss":0,"event_name":"Dead Adventurer","floor":10,"gold_loss":0}],"is_beta":false,"boss_relics":[],"items_purged_floors":[],"is_endless":false,"potions_floor_spawned":[1,2],"killed_by":"Lagavulin Event","ascension_level":0}