{"gold_per_floor":[112,129,129,129,129,162,162,162,162,175,199,199,199,220,220,319,319,335,37,37,55,74,74,99,99,99,99,99,21,71,71,71,71],"floor_reached":33,"playtime":1347,"items_purged":["Strike_G"],"score":482,"play_id":"f214ec4e-d987-4f05-92fb-5cd0f6149c8c","local_time":"20190112195625","is_ascension_mode":true,"campfire_choices":[{"floor":8,"key":"REST"},{"data":"Neutralize","floor":12,"key":"SMITH"},{"data":"Flying Knee","floor":15,"key":"SMITH"},{"floor":23,"key":"REST"},{"floor":28,"key":"REST"},{"floor":32,"key":"REST"}],"neow_cost":"NONE","seed_source_timestamp":34613331884740,"circlet_count":0,"master_deck":["AscendersBane","Defend_G","Defend_G","Defend_G+1","Defend_G","Defend_G+1","Strike_G","Strike_G","Survivor","Neutralize+1","PiercingWail","Slice","Distraction","Deflect","Flying Knee+1","Night Terror","Poisoned Stab+1","Sadistic Nature","Caltrops","Dash","Writhe","Shame","Bullet Time"],"relics":["Ring of the Snake","NeowsBlessing","Bronze Scales","Golden Idol","Mercury Hourglass","Pear","White Beast Statue","War Paint","Meat on the Bone","Tough Bandages"],"potions_floor_usage":[16,16,22,33],"damage_taken":[{"damage":0,"enemies":"Cultist","floor":1,"turns":1},{"damage":0,"enemies":"Small Slimes","floor":2,"turns":1},{"damage":0,"enemies":"Gremlin Nob","floor":6,"turns":1},{"damage":0,"enemies":"Jaw Worm","floor":10,"turns":3},{"damage":1,"enemies":"3 Louse","floor":11,"turns":3},{"damage":13,"enemies":"Exordium Wildlife","floor":14,"turns":3},{"damage":18,"enemies":"The Guardian","floor":16,"turns":16},{"damage":14,"enemies":"Spheric Guardian","floor":18,"turns":5},{"damage":18,"enemies":"Shell Parasite","floor":21,"turns":6},{"damage":31,"enemies":"Cultist and Chosen","floor":22,"turns":6},{"damage":30,"enemies":"3 Cultists","floor":24,"turns":6},{"damage":71,"enemies":"Collector","floor":33,"turns":6}],"seed_played":"-1173640811667340815","potions_obtained":[{"floor":2,"key":"Regen Potion"},{"floor":10,"key":"Block Potion"},{"floor":14,"key":"SkillPotion"},{"floor":18,"key":"SpeedPotion"},{"floor":21,"key":"SteroidPotion"},{"floor":22,"key":"Energy Potion"},{"floor":24,"key":"Regen Potion"}],"is_trial":false,"path_per_floor":["M","M","?","?","?","E","?","R","T","M","M","R","?","M","R","B",null,"M","$","?","M","M","R","M","?","T","?","R","$","?","$","R","B"],"character_chosen":"THE_SILENT","items_purchased":["Sadistic Nature","Caltrops","Bullet Time"],"campfire_rested":4,"item_purchase_floors":[19,19,29],"current_hp_per_floor":[59,59,52,41,18,18,18,37,47,47,46,46,76,63,63,60,72,58,58,58,40,9,31,1,1,1,1,23,23,23,23,45,0],"gold":71,"neow_bonus":"THREE_ENEMY_KILL","is_prod":false,"is_daily":false,"chose_seed":false,"campfire_upgraded":2,"win_rate":0,"timestamp":1547312185,"path_taken":["M","M","?","?","?","E","?","R","T","?","M","R","?","M","R","BOSS","M","?","?","?","?","R","M","?","T","?","R","$","?","$","R","BOSS"],"build_version":"2019-01-10","purchased_purges":1,"victory":false,"max_hp_per_floor":[66,66,66,66,66,66,66,66,76,76,76,76,76,76,76,76,76,76,76,76,76,76,76,76,76,76,76,76,76,76,76,76,76],"card_choices":[{"not_picked":["Dagger Spray","Bane"],"picked":"PiercingWail","floor":1},{"not_picked":["Underhanded Strike","Reflex"],"picked":"Slice","floor":2},{"not_picked":["PiercingWail","Expertise"],"picked":"Distraction","floor":6},{"not_picked":["Dodge and Roll","Bane"],"picked":"Deflect","floor":10},{"not_picked":["Blade Dance","Endless Agony"],"picked":"Flying Knee","floor":11},{"not_picked":["Underhanded Strike","Slice","Blade Dance"],"picked":"SKIP","floor":14},{"not_picked":["Underhanded Strike","Slice","Blade Dance"],"picked":"SKIP","floor":14},{"not_picked":["Storm of Steel","Venomology"],"picked":"Night Terror","floor":16},{"not_picked":["Dagger Throw+1","Dodge and Roll"],"picked":"Poisoned Stab+1","floor":18},{"not_picked":["Deflect","Heel Hook"],"picked":"Dash","floor":21},{"not_picked":["Tactician","Deflect","Slice"],"picked":"SKIP","floor":22},{"not_picked":["Endless Agony","Dagger Spray+1","Dodge and Roll"],"picked":"SKIP","floor":24}],"player_experience":450152,"relics_obtained":[{"floor":6,"key":"Mercury Hourglass"},{"floor":9,"key":"Pear"},{"floor":26,"key":"Meat on the Bone"}],"event_choices":[{"cards_removed":["Strike_G"],"damage_healed":0,"gold_gain":0,"player_choice":"Card Removal","damage_taken":7,"max_hp_gain":0,"max_hp_loss":0,"event_name":"Golden Wing","floor":3,"gold_loss":0},{"damage_healed":0,"gold_gain":0,"player_choice":"Success","damage_taken":11,"relics_obtained":["Bronze Scales"],"max_hp_gain":0,"max_hp_loss":0,"event_name":"Scrap Ooze","floor":4,"gold_loss":0},{"damage_healed":0,"gold_gain":0,"player_choice":"Take Damage","damage_taken":23,"relics_obtained":["Golden Idol"],"max_hp_gain":0,"max_hp_loss":0,"event_name":"Golden Idol","floor":5,"gold_loss":0},{"damage_healed":0,"gold_gain":0,"player_choice":"Ignored","damage_taken":0,"max_hp_gain":0,"max_hp_loss":0,"event_name":"Liars Game","floor":7,"gold_loss":0},{"damage_healed":30,"gold_gain":0,"player_choice":"Full Heal","damage_taken":0,"max_hp_gain":0,"max_hp_loss":0,"event_name":"Wheel of Change","floor":13,"gold_loss":0},{"cards_removed":["Strike_G"],"damage_healed":0,"gold_gain":0,"player_choice":"Offered Basic","damage_taken":0,"max_hp_gain":0,"max_hp_loss":0,"event_name":"Bonfire Elementals","floor":20,"gold_loss":0},{"damage_healed":0,"gold_gain":0,"player_choice":"Opened","damage_taken":0,"relics_obtained":["War Paint"],"max_hp_gain":0,"max_hp_loss":0,"event_name":"The Mausoleum","floor":25,"gold_loss":0,"cards_obtained":["Writhe"]},{"damage_healed":0,"gold_gain":0,"player_choice":"Stole Relic","damage_taken":0,"relics_obtained":["Tough Bandages"],"max_hp_gain":0,"max_hp_loss":0,"event_name":"Addict","floor":27,"gold_loss":0,"cards_obtained":["Shame"]},{"damage_healed":0,"gold_gain":50,"player_choice":"Stole From Cult","damage_taken":0,"max_hp_gain":0,"max_hp_loss":0,"event_name":"Nest","floor":30,"gold_loss":0}],"is_beta":false,"boss_relics":[{"not_picked":["Snecko Eye","HoveringKite"],"picked":"White Beast Statue"}],"items_purged_floors":[19],"is_endless":false,"potions_floor_spawned":[2,10,14,18,21,22,24],"killed_by":"Collector","ascension_level":16}