{"gold_per_floor":[112,112,112,128,17,17,17,42,42,75,75,106,125,146,146,276,276,294,318,342,40,40],"floor_reached":22,"playtime":1519,"items_purged":["Defend_G"],"score":196,"play_id":"05f31114-657b-4fca-b1b0-ea52acb23797","local_time":"20181110175259","is_ascension_mode":false,"campfire_choices":[{"data":"Neutralize","floor":6,"key":"SMITH"},{"floor":11,"key":"REST"},{"floor":15,"key":"REST"}],"neow_cost":"CURSE","seed_source_timestamp":37349260034697,"circlet_count":0,"master_deck":["Defend_G","Defend_G","Defend_G","Defend_G","Strike_G","Strike_G","Strike_G","Strike_G","Survivor","Neutralize+1","Bullet Time","Predator","Backflip","Heel Hook","Flying Knee","Phantasmal Killer","Finisher","Well Laid Plans","Infinite Blades","After Image","Terror","Dodge and Roll","Apotheosis","Caltrops"],"relics":["Ring of the Snake","Golden Idol","Pantograph","Darkstone Periapt","Dodecahedron","Eternal Feather"],"potions_floor_usage":[10,16,22,22],"damage_taken":[{"damage":10,"enemies":"Jaw Worm","floor":1,"turns":5},{"damage":0,"enemies":"2 Louse","floor":4,"turns":3},{"damage":0,"enemies":"Cultist","floor":8,"turns":4},{"damage":13,"enemies":"Gremlin Nob","floor":10,"turns":4},{"damage":22,"enemies":"Lagavulin","floor":12,"turns":7},{"damage":5,"enemies":"Blue Slaver","floor":13,"turns":3},{"damage":5,"enemies":"Looter","floor":14,"turns":5},{"damage":16,"enemies":"Slime Boss","floor":16,"turns":5},{"damage":8,"enemies":"Shell Parasite","floor":18,"turns":4},{"damage":22,"enemies":"3 Byrds","floor":19,"turns":7},{"damage":39,"enemies":"Sentry and Sphere","floor":20,"turns":10},{"damage":8,"enemies":"Shelled Parasite and Fungi","floor":22,"turns":1}],"seed_played":"-6487368592760025258","potions_obtained":[{"floor":1,"key":"SteroidPotion"},{"floor":8,"key":"Explosive Potion"},{"floor":14,"key":"Weak Potion"},{"floor":20,"key":"LiquidBronze"}],"is_trial":false,"path_per_floor":["M","?","?","M","$","R","?","M","T","E","R","E","M","M","R","B",null,"M","M","M","$","M"],"character_chosen":"THE_SILENT","items_purchased":["Heel Hook","Regen Potion","Apotheosis","Caltrops"],"campfire_rested":2,"item_purchase_floors":[5,21,21,21],"current_hp_per_floor":[60,43,43,43,43,43,43,43,43,30,51,29,24,19,40,49,70,62,40,1,1,0],"gold":40,"neow_bonus":"THREE_RARE_CARDS","is_prod":false,"is_daily":false,"chose_seed":false,"campfire_upgraded":1,"win_rate":0,"timestamp":1541861579,"path_taken":["M","?","?","M","$","R","?","M","T","E","R","E","?","M","R","BOSS","M","M","M","$","M"],"build_version":"2018-11-08","purchased_purges":1,"victory":false,"max_hp_per_floor":[70,70,70,70,70,70,70,70,70,70,70,70,70,70,70,70,70,70,70,70,70,70],"card_choices":[{"not_picked":["Die Die Die","Wraith Form v2"],"picked":"Bullet Time","floor":0},{"not_picked":["Dagger Spray","PiercingWail"],"picked":"Predator","floor":1},{"not_picked":["Prepared","Blade Dance"],"picked":"Backflip","floor":4},{"not_picked":["Predator","Prepared"],"picked":"Flying Knee","floor":8},{"not_picked":["Finisher","Distraction"],"picked":"Phantasmal Killer","floor":10},{"not_picked":["PiercingWail","Masterful Stab"],"picked":"Finisher","floor":12},{"not_picked":["Cloak And Dagger","Deadly Poison"],"picked":"Well Laid Plans","floor":13},{"not_picked":["Blade Dance","Bouncing Flask"],"picked":"Infinite Blades","floor":14},{"not_picked":["Tools of the Trade","Glass Knife"],"picked":"After Image","floor":16},{"not_picked":["Cloak And Dagger","Underhanded Strike"],"picked":"Terror","floor":18},{"not_picked":["Deflect+1","Acrobatics"],"picked":"Dodge and Roll","floor":19},{"not_picked":["Underhanded Strike+1","Bouncing Flask","Dagger Spray"],"picked":"SKIP","floor":20}],"player_experience":164510,"relics_obtained":[{"floor":9,"key":"Pantograph"},{"floor":10,"key":"Darkstone Periapt"},{"floor":12,"key":"Dodecahedron"}],"event_choices":[{"damage_healed":0,"gold_gain":0,"player_choice":"Take Damage","damage_taken":17,"relics_obtained":["Golden Idol"],"max_hp_gain":0,"max_hp_loss":0,"event_name":"Golden Idol","floor":2,"gold_loss":0},{"cards_removed":["Injury"],"damage_healed":0,"gold_gain":0,"player_choice":"Forget","damage_taken":0,"max_hp_gain":0,"max_hp_loss":0,"event_name":"Living Wall","floor":3,"gold_loss":0},{"cards_removed":["Strike_G"],"damage_healed":0,"gold_gain":0,"player_choice":"Offered Basic","damage_taken":0,"max_hp_gain":0,"max_hp_loss":0,"event_name":"Bonfire Elementals","floor":7,"gold_loss":0}],"is_beta":false,"boss_relics":[{"not_picked":["White Beast Statue","Calling Bell"],"picked":"Eternal Feather"}],"items_purged_floors":[5],"is_endless":false,"potions_floor_spawned":[1,8,14,20],"killed_by":"Shelled Parasite and Fungi","ascension_level":0}