{"gold_per_floor":[364,389,5,80,80,105,105,54,54,54,72,90,90,165,165,267,267,282,10,24,24,42,70,81,100,100,100,131,131,145,19,19,122,122,136,156,156,156,0,34,45,45,45,45,45,64,64,97,97,97],"floor_reached":51,"playtime":3408,"items_purged":["Strike_G","Strike_G"],"score":916,"play_id":"f680bff1-7d03-4c2f-ae12-82ffa2d6e9f2","local_time":"20190119153236","is_ascension_mode":false,"campfire_choices":[{"data":"Well Laid Plans","floor":7.0,"key":"SMITH"},{"data":"Neutralize","floor":10.0,"key":"SMITH"},{"data":"Terror","floor":13.0,"key":"SMITH"},{"floor":15.0,"key":"REST"},{"floor":27.0,"key":"REST"},{"data":"Glass Knife","floor":29.0,"key":"SMITH"},{"data":"Noxious Fumes","floor":32.0,"key":"SMITH"},{"data":"Night Terror","floor":42,"key":"SMITH"},{"data":"Dodge and Roll","floor":44,"key":"SMITH"},{"floor":47,"key":"REST"},{"data":"Neutralize","floor":49,"key":"SMITH"}],"neow_cost":"TEN_PERCENT_HP_LOSS","seed_source_timestamp":16438068964837,"circlet_count":0,"master_deck":["Defend_G","Defend_G","Defend_G","Defend_G","Defend_G","Strike_G","Strike_G","Strike_G","Survivor","Neutralize+1","All Out Attack","Well Laid Plans+1","Terror+1","PiercingWail","Escape Plan","Glass Knife+1","Crippling Poison+1","Dodge and Roll+1","Backstab+1","Flechettes+1","Blur+1","Backflip","Flying Knee+1","Noxious Fumes+1","Night Terror+1","Outmaneuver+1","Leg Sweep+1","Bouncing Flask+1","Neutralize+1","Acrobatics+1"],"special_seed":0,"relics":["Ring of the Snake","Bag of Preparation","Juzu Bracelet","Dodecahedron","Thread and Needle","Black Star","Centennial Puzzle","Pocketwatch","Question Card","Singing Bowl","Smiling Mask","Bag of Marbles","Busted Crown","Red Mask","Mummified Hand","Orichalcum","Ginger","Bronze Scales","Bottled Tornado"],"potions_floor_usage":[35,50,50,50],"damage_taken":[{"damage":0.0,"enemies":"Cultist","floor":1.0,"turns":5.0},{"damage":10.0,"enemies":"Gremlin Nob","floor":6.0,"turns":4.0},{"damage":0.0,"enemies":"Small Slimes","floor":11.0,"turns":2.0},{"damage":0.0,"enemies":"2 Louse","floor":12.0,"turns":2.0},{"damage":2.0,"enemies":"Hexaghost","floor":16.0,"turns":12.0},{"damage":0.0,"enemies":"3 Byrds","floor":18.0,"turns":5.0},{"damage":0.0,"enemies":"Chosen","floor":20.0,"turns":5.0},{"damage":3.0,"enemies":"Shelled Parasite and Fungi","floor":22.0,"turns":6.0},{"damage":0.0,"enemies":"Gremlin Leader","floor":23.0,"turns":5.0},{"damage":0.0,"enemies":"Snake Plant","floor":24.0,"turns":4.0},{"damage":11.0,"enemies":"Cultist and Chosen","floor":25.0,"turns":6.0},{"damage":4.0,"enemies":"Slavers","floor":28.0,"turns":4.0},{"damage":1.0,"enemies":"Snecko","floor":30.0,"turns":3.0},{"damage":50.0,"enemies":"Champ","floor":33.0,"turns":15.0},{"damage":0,"enemies":"Orb Walker","floor":35,"turns":3},{"damage":0,"enemies":"3 Shapes","floor":36,"turns":1},{"damage":5,"enemies":"Reptomancer","floor":40,"turns":7},{"damage":0,"enemies":"3 Darklings","floor":41,"turns":3},{"damage":10,"enemies":"Sphere and 2 Shapes","floor":46,"turns":5},{"damage":0,"enemies":"Nemesis","floor":48,"turns":7},{"damage":0,"enemies":"Donu and Deca","floor":50,"turns":7}],"seed_played":"3810906291464388324","potions_obtained":[{"floor":6.0,"key":"Regen Potion"},{"floor":18.0,"key":"Poison Potion"},{"floor":30.0,"key":"EssenceOfSteel"},{"floor":33,"key":"GamblersBrew"},{"floor":35,"key":"Weak Potion"},{"floor":38,"key":"SteroidPotion"},{"floor":38,"key":"Ancient Potion"}],"is_trial":false,"path_per_floor":["M","T","$","?","?","E","R","$","T","R","M","M","R","?","R","B",null,"M","$","M","$","M","E","M","M","T","R","E","R","M","$","R","B",null,"M","M","?","?","?","E","M","R","T","R","?","M","R","E","R","B",null],"character_chosen":"THE_SILENT","items_purchased":["Well Laid Plans","GhostInAJar","Juzu Bracelet","Strength Potion","Endless Agony","PowerPotion","Centennial Puzzle","Dodge and Roll","Noxious Fumes"],"campfire_rested":3,"item_purchase_floors":[3,3,3,3,3,8,19,19,31],"current_hp_per_floor":[63,63,63,52,57,47,47,47,47,47,47,47,47,41,61,59,68,68,68,68,68,65,65,65,54,54,68,66,66,67,67,67,17,72,72,72,72,72,72,69,69,69,69,69,69,61,76,76,76,76],"gold":97,"neow_bonus":"TWO_FIFTY_GOLD","is_prod":false,"is_daily":false,"chose_seed":false,"campfire_upgraded":8,"win_rate":0,"timestamp":1547901156,"path_taken":["M","?","$","?","?","E","R","?","T","R","M","M","R","?","R","BOSS","M","$","M","?","M","E","M","M","T","R","E","R","M","$","R","BOSS","BOSS","M","M","?","?","?","E","M","R","T","R","?","M","R","E","R","BOSS"],"build_version":"2019-01-17v2","purchased_purges":2,"victory":true,"max_hp_per_floor":[63,63,63,63,68,68,68,68,68,68,68,68,68,68,68,68,68,68,68,68,68,68,68,68,68,68,68,70,70,72,72,72,72,72,72,72,72,72,72,74,74,74,74,74,74,76,76,76,76,76],"card_choices":[{"not_picked":["Dodge and Roll","Flying Knee"],"picked":"All Out Attack","floor":1.0},{"not_picked":["PiercingWail","Skewer"],"picked":"Terror","floor":6.0},{"not_picked":["Predator","Heel Hook"],"picked":"PiercingWail","floor":11.0},{"not_picked":["Acrobatics","PiercingWail"],"picked":"Escape Plan","floor":12.0},{"not_picked":["Wraith Form v2","A Thousand Cuts"],"picked":"Glass Knife","floor":16.0},{"not_picked":["Backflip+1","Deadly Poison+1"],"picked":"Crippling Poison+1","floor":18.0},{"not_picked":["Accuracy","Flechettes"],"picked":"Backstab+1","floor":20.0},{"not_picked":["Bane","PiercingWail+1"],"picked":"Flechettes+1","floor":22.0},{"not_picked":["Dodge and Roll","Outmaneuver+1"],"picked":"Blur+1","floor":23.0},{"not_picked":["Bane","Heel Hook","Deadly Poison"],"picked":"Backflip","floor":24.0},{"not_picked":["Caltrops","Calculated Gamble","Backflip"],"picked":"Flying Knee+1","floor":25.0},{"not_picked":["Endless Agony","Deadly Poison","Underhanded Strike+1","Setup"],"picked":"Singing Bowl","floor":28.0},{"not_picked":["Dagger Spray","Cloak And Dagger","Riddle With Holes","Poisoned Stab"],"picked":"Singing Bowl","floor":30.0},{"not_picked":["Die Die Die","After Image","A Thousand Cuts"],"picked":"Night Terror","floor":33},{"not_picked":["Poisoned Stab"],"picked":"Outmaneuver+1","floor":35},{"not_picked":["Flying Knee"],"picked":"Leg Sweep+1","floor":36},{"not_picked":["Sucker Punch+1","Reflex+1"],"picked":"Singing Bowl","floor":40},{"not_picked":["Riddle With Holes"],"picked":"Bouncing Flask+1","floor":41},{"not_picked":["Outmaneuver+1","All Out Attack+1"],"picked":"Singing Bowl","floor":46},{"not_picked":["Tactician"],"picked":"Acrobatics+1","floor":48}],"player_experience":499927,"relics_obtained":[{"floor":2.0,"key":"Bag of Preparation"},{"floor":6.0,"key":"Dodecahedron"},{"floor":9.0,"key":"Thread and Needle"},{"floor":23.0,"key":"Pocketwatch"},{"floor":23.0,"key":"Question Card"},{"floor":26.0,"key":"Singing Bowl"},{"floor":28.0,"key":"Smiling Mask"},{"floor":28.0,"key":"Bag of Marbles"},{"floor":40,"key":"Mummified Hand"},{"floor":40,"key":"Orichalcum"},{"floor":43,"key":"Ginger"},{"floor":48,"key":"Bronze Scales"},{"floor":48,"key":"Bottled Tornado"}],"event_choices":[{"damage_healed":0.0,"max_hp_gain":0.0,"max_hp_loss":0.0,"gold_gain":75.0,"event_name":"World of Goop","player_choice":"Gather Gold","floor":4.0,"gold_loss":0.0,"damage_taken":11.0},{"damage_healed":0.0,"max_hp_gain":5.0,"max_hp_loss":0.0,"gold_gain":0.0,"event_name":"Big Fish","player_choice":"Donut","floor":5.0,"gold_loss":0.0,"damage_taken":0.0},{"damage_healed":0.0,"max_hp_gain":0.0,"max_hp_loss":0.0,"gold_gain":75.0,"event_name":"FaceTrader","player_choice":"Touch","floor":14.0,"gold_loss":0.0,"damage_taken":6.0},{"cards_removed":["Endless Agony"],"damage_healed":0,"gold_gain":0,"player_choice":"Removed Attack","damage_taken":0,"max_hp_gain":0,"max_hp_loss":0,"event_name":"Falling","floor":37,"gold_loss":0},{"damage_healed":0,"gold_gain":0,"player_choice":"Got Potions","damage_taken":0,"max_hp_gain":0,"max_hp_loss":0,"event_name":"Lab","floor":38,"gold_loss":0},{"damage_healed":0,"gold_gain":0,"player_choice":"Paid","damage_taken":0,"relics_obtained":["Red Mask"],"max_hp_gain":0,"max_hp_loss":0,"event_name":"Tomb of Lord Red Mask","floor":39,"gold_loss":156},{"damage_healed":0,"gold_gain":0,"player_choice":"1 cards matched","damage_taken":0,"max_hp_gain":0,"max_hp_loss":0,"event_name":"Match and Keep!","floor":45,"gold_loss":0,"cards_obtained":["Neutralize"]}],"is_beta":false,"boss_relics":[{"not_picked":["Lizard Tail","HoveringKite"],"picked":"Black Star"},{"not_picked":["Tiny House","Philosopher\u0027s Stone"],"picked":"Busted Crown"}],"items_purged_floors":[19,31],"is_endless":false,"potions_floor_spawned":[6,11,18,30,33,35,36,40,41],"ascension_level":0}