{"gold_per_floor":[115,115,40,315,336,376,113,159,183,183,208,208,91,110,110,231,231,186,186,101,51,1,1,1,1,1,1,1,1,1,1,1,1,1,1,1,1,1,1,1,1,1,1,1,1,1,1,1,1,1],"floor_reached":50,"playtime":2376,"items_purged":["Strike_B","Regret","Strike_B","Aggregate","Dualcast"],"score":487,"play_id":"323ecd6f-58b9-4bd2-bcbb-9803b748bcc7","local_time":"20181125233025","is_ascension_mode":false,"campfire_choices":[{"data":"Electrodynamics","floor":10.0,"key":"SMITH"},{"data":"Capacitor","floor":12.0,"key":"SMITH"},{"data":"Loop","floor":15.0,"key":"SMITH"},{"data":"Defragment","floor":23.0,"key":"SMITH"},{"data":"Seek","floor":25.0,"key":"SMITH"},{"data":"Auto Shields","floor":27.0,"key":"SMITH"},{"data":"Capacitor","floor":32.0,"key":"SMITH"},{"floor":40.0,"key":"REST"},{"floor":45,"key":"REST"},{"floor":49,"key":"REST"}],"neow_cost":"NONE","seed_source_timestamp":36829033638528,"circlet_count":0,"master_deck":["Defend_B","Defend_B","Defend_B","Defend_B+1","Zap","Capacitor+1","Conserve Battery","Electrodynamics+1","Auto Shields+1","Loop+1","Seek+1","Defragment+1","Double Energy","Conserve Battery+1","White Noise+1","Capacitor+1","Core Surge","Ball Lightning","Redo","Creative AI","Capacitor+1","Defragment","Leap+1","Leap+1","Self Repair+1"],"special_seed":0,"relics":["Cracked Core","NeowsBlessing","Golden Idol","Art of War","Smiling Mask","Boot","Ectoplasm","Dream Catcher","Kunai","Oddly Smooth Stone","Tiny House","Calipers","Darkstone Periapt"],"potions_floor_usage":[42,42,50,50],"damage_taken":[{"damage":0.0,"enemies":"Small Slimes","floor":1.0,"turns":1.0},{"damage":0.0,"enemies":"Jaw Worm","floor":5.0,"turns":1.0},{"damage":0.0,"enemies":"Gremlin Nob","floor":6.0,"turns":1.0},{"damage":0.0,"enemies":"Cultist","floor":11.0,"turns":4.0},{"damage":0.0,"enemies":"Red Slaver","floor":14.0,"turns":3.0},{"damage":20.0,"enemies":"Slime Boss","floor":16.0,"turns":7.0},{"damage":4.0,"enemies":"2 Thieves","floor":18.0,"turns":3.0},{"damage":0.0,"enemies":"3 Byrds","floor":24.0,"turns":2.0},{"damage":10.0,"enemies":"Gremlin Leader","floor":29.0,"turns":6.0},{"damage":0.0,"enemies":"Centurion and Healer","floor":31.0,"turns":4.0},{"damage":20.0,"enemies":"Automaton","floor":33.0,"turns":8.0},{"damage":6.0,"enemies":"Orb Walker","floor":35.0,"turns":3.0},{"damage":16.0,"enemies":"Mind Bloom Boss Battle","floor":37.0,"turns":7.0},{"damage":22.0,"enemies":"3 Darklings","floor":38.0,"turns":4.0},{"damage":2.0,"enemies":"Transient","floor":39.0,"turns":5.0},{"damage":14,"enemies":"Maw","floor":41,"turns":7},{"damage":34,"enemies":"Jaw Worm Horde","floor":42,"turns":5},{"damage":0,"enemies":"Sphere and 2 Shapes","floor":44,"turns":3},{"damage":9,"enemies":"3 Darklings","floor":46,"turns":4},{"damage":6,"enemies":"Maw","floor":47,"turns":7},{"damage":10,"enemies":"Spire Growth","floor":48,"turns":5},{"damage":34,"enemies":"Time Eater","floor":50,"turns":4}],"seed_played":"6409970246523318425","potions_obtained":[{"floor":5.0,"key":"Strength Potion"},{"floor":6.0,"key":"EntropicBrew"},{"floor":11.0,"key":"Strength Potion"},{"floor":18.0,"key":"Strength Potion"},{"floor":31.0,"key":"Regen Potion"},{"floor":34.0,"key":"Swift Potion"},{"floor":37.0,"key":"Weak Potion"},{"floor":46,"key":"LiquidBronze"},{"floor":48,"key":"Energy Potion"}],"is_trial":false,"path_per_floor":["M","?","$","?","M","E","$","T","T","R","M","R","$","M","R","B",null,"M","?","?","$","$","R","M","R","T","R","$","E","$","M","R","B",null,"M","?","?","M","M","R","M","M","T","M","R","M","M","M","R","B"],"character_chosen":"DEFECT","items_purchased":["Electrodynamics","Loop"],"campfire_rested":3,"item_purchase_floors":[7,13],"current_hp_per_floor":[75,57,57,57,57,57,57,57,57,57,57,57,57,57,57,37,75,71,71,71,71,71,71,71,71,71,71,71,61,61,61,61,55,80,74,74,58,36,34,58,44,10,10,10,34,25,19,9,33,0],"gold":1,"neow_bonus":"THREE_ENEMY_KILL","is_prod":false,"is_daily":false,"chose_seed":false,"campfire_upgraded":7,"win_rate":0,"timestamp":1543177825,"path_taken":["M","?","$","?","?","E","?","?","T","R","?","R","$","M","R","BOSS","M","?","?","?","$","R","?","R","T","R","$","E","$","M","R","BOSS","M","?","?","M","M","R","M","M","T","M","R","?","M","M","R","BOSS"],"build_version":"2018-11-15","purchased_purges":5,"victory":false,"max_hp_per_floor":[75,75,75,75,75,75,75,75,75,75,75,75,75,75,75,75,75,75,75,75,75,75,75,75,75,75,75,75,75,75,75,75,75,80,80,80,80,80,80,80,80,80,80,80,80,80,80,80,80,80],"card_choices":[{"not_picked":["Barrage","Rebound"],"picked":"Capacitor","floor":1.0},{"not_picked":["Turbo","Compile Driver","Cold Snap"],"picked":"SKIP","floor":5.0},{"not_picked":["Double Energy","Glacier"],"picked":"Conserve Battery","floor":6.0},{"not_picked":["Turbo","Rainbow"],"picked":"Auto Shields","floor":11.0},{"not_picked":["Rebound","Chill","Recycle"],"picked":"SKIP","floor":14.0},{"not_picked":["Fission","Machine Learning"],"picked":"Seek","floor":16.0},{"not_picked":["Conserve Battery","Sweeping Beam"],"picked":"Defragment","floor":18.0},{"not_picked":["Leap+1","Compile Driver"],"picked":"Conserve Battery+1","floor":24.0},{"not_picked":["Buffer","Chill"],"picked":"White Noise+1","floor":29.0},{"not_picked":["White Noise","Lockon+1"],"picked":"Capacitor","floor":31.0},{"not_picked":["Reboot","Fission"],"picked":"Core Surge","floor":33.0},{"not_picked":["Leap","Beam Cell+1"],"picked":"Ball Lightning","floor":34.0},{"not_picked":["Coolheaded+1","Turbo+1"],"picked":"Redo","floor":35.0},{"not_picked":["Cold Snap","Go for the Eyes"],"picked":"Creative AI","floor":37.0},{"not_picked":["Streamline+1","Sweeping Beam+1","Static Discharge"],"picked":"SKIP","floor":38.0},{"not_picked":["Rebound","Genetic Algorithm+1","Fusion"],"picked":"SKIP","floor":39.0},{"not_picked":["Tempest","Cold Snap+1"],"picked":"Capacitor+1","floor":40.0},{"not_picked":["Leap","Streamline","Blizzard+1"],"picked":"SKIP","floor":41},{"not_picked":["Turbo","Scrape","Go for the Eyes"],"picked":"SKIP","floor":42},{"not_picked":["Sweeping Beam","Genetic Algorithm"],"picked":"Defragment","floor":44},{"not_picked":["Go for the Eyes","Compile Driver+1"],"picked":"Leap+1","floor":46},{"not_picked":["Multi-Cast","Stack"],"picked":"Leap+1","floor":47},{"not_picked":["Rip and Tear+1","Turbo","Sweeping Beam"],"picked":"SKIP","floor":48},{"not_picked":["Gash+1","Ball Lightning+1"],"picked":"Self Repair+1","floor":49}],"player_experience":231532,"relics_obtained":[{"floor":6.0,"key":"Art of War"},{"floor":8.0,"key":"Smiling Mask"},{"floor":9.0,"key":"Boot"},{"floor":26.0,"key":"Kunai"},{"floor":29.0,"key":"Oddly Smooth Stone"},{"floor":37.0,"key":"Calipers"},{"floor":43,"key":"Darkstone Periapt"}],"event_choices":[{"damage_healed":0.0,"max_hp_gain":0.0,"max_hp_loss":0.0,"gold_gain":0.0,"event_name":"Golden Idol","player_choice":"Take Damage","floor":2.0,"gold_loss":0.0,"damage_taken":18.0,"relics_obtained":["Golden Idol"]},{"damage_healed":0.0,"max_hp_gain":0.0,"max_hp_loss":0.0,"gold_gain":275.0,"event_name":"Golden Shrine","player_choice":"Desecrate","floor":4.0,"gold_loss":0.0,"damage_taken":0.0,"cards_obtained":["Regret"]},{"damage_healed":0.0,"max_hp_gain":0.0,"max_hp_loss":0.0,"gold_gain":0.0,"cards_transformed":["Strike_B","Strike_B"],"event_name":"Drug Dealer","player_choice":"Became Test Subject","floor":19.0,"gold_loss":0.0,"damage_taken":0.0,"cards_obtained":["Aggregate","Double Energy"]},{"damage_healed":0.0,"max_hp_gain":0.0,"max_hp_loss":0.0,"gold_gain":0.0,"event_name":"Addict","player_choice":"Obtained Relic","floor":20.0,"gold_loss":85.0,"damage_taken":0.0,"relics_obtained":["Dream Catcher"]},{"damage_healed":0.0,"max_hp_gain":0.0,"max_hp_loss":0.0,"gold_gain":0.0,"event_name":"SensoryStone","player_choice":"Memory 1","floor":36.0,"gold_loss":0.0,"damage_taken":0.0},{"damage_healed":0.0,"max_hp_gain":0.0,"max_hp_loss":0.0,"gold_gain":0.0,"event_name":"MindBloom","player_choice":"Fight","floor":37.0,"gold_loss":0.0,"damage_taken":0.0}],"is_beta":false,"boss_relics":[{"not_picked":["Eternal Feather","Runic Dome"],"picked":"Ectoplasm"},{"not_picked":["Velvet Choker","Lizard Tail"],"picked":"Tiny House"}],"items_purged_floors":[3,7,13,21,22],"is_endless":false,"potions_floor_spawned":[5,6,11,18,31,37,41,46,48],"killed_by":"Time Eater","ascension_level":0}