{"gold_per_floor":[111,111,128,54,74,74,101,101,127,159,169,169,201,269,269,366,366,380,63,82,100,100,100,133,153,153,173,98,126,51,383,383,487,487,503,252,252,252,117,146,158,56,93,105,117,229,274,300,312,324],"floor_reached":51,"playtime":3105,"items_purged":["Strike_G","Writhe"],"score":1059,"play_id":"116c35d4-a7bb-466f-a0e9-c1901317e97e","local_time":"20190106015354","is_ascension_mode":true,"campfire_choices":[{"data":"Footwork","floor":6,"key":"SMITH"},{"data":"Neutralize","floor":8,"key":"SMITH"},{"data":"Dash","floor":12,"key":"SMITH"},{"data":"Noxious Fumes","floor":15,"key":"SMITH"},{"data":"Cloak And Dagger","floor":23,"key":"SMITH"},{"floor":32,"key":"REST"},{"data":"Envenom","floor":41,"key":"SMITH"},{"data":"Cloak And Dagger","floor":45,"key":"SMITH"},{"floor":49,"key":"DIG"}],"neow_cost":"NONE","seed_source_timestamp":16152613691075,"circlet_count":0,"master_deck":["Defend_G","Defend_G","Defend_G","Defend_G","Survivor","Neutralize+1","Escape Plan","Noxious Fumes+1","Footwork+1","Predator","Well Laid Plans","Noxious Fumes","Dash+1","Deadly Poison","After Image","Dodge and Roll+1","Blur","Footwork","Cloak And Dagger+1","Cloak And Dagger+1","Footwork","Blade Dance","Infinite Blades+1","Envenom+1","Skewer+1","Burst+1","Slice+1","Leg Sweep","Dash+1","Bandage Up"],"relics":["Ring of the Snake","NeowsBlessing","Vajra","Anchor","Bottled Flame","Ancient Tea Set","Kunai","Runic Dome","ClockworkSouvenir","Gremlin Horn","Letter Opener","Orichalcum","Old Coin","Astrolabe","Mercury Hourglass","MawBank","Juzu Bracelet","Bronze Scales","Shovel","Bottled Lightning","Art of War"],"potions_floor_usage":[7,16,24,24,50],"damage_taken":[{"damage":0,"enemies":"2 Louse","floor":1,"turns":1},{"damage":0,"enemies":"Cultist","floor":3,"turns":1},{"damage":0,"enemies":"Jaw Worm","floor":5,"turns":1},{"damage":15,"enemies":"3 Sentries","floor":7,"turns":8},{"damage":9,"enemies":"Lagavulin","floor":10,"turns":7},{"damage":0,"enemies":"Looter","floor":11,"turns":3},{"damage":0,"enemies":"3 Sentries","floor":13,"turns":6},{"damage":13,"enemies":"Slime Boss","floor":16,"turns":9},{"damage":8,"enemies":"Chosen","floor":18,"turns":6},{"damage":11,"enemies":"3 Byrds","floor":20,"turns":6},{"damage":1,"enemies":"Snake Plant","floor":21,"turns":6},{"damage":0,"enemies":"Slavers","floor":24,"turns":7},{"damage":1,"enemies":"3 Cultists","floor":25,"turns":8},{"damage":0,"enemies":"Snecko","floor":27,"turns":6},{"damage":18,"enemies":"Gremlin Leader","floor":29,"turns":8},{"damage":0,"enemies":"Slavers","floor":31,"turns":7},{"damage":0,"enemies":"Automaton","floor":33,"turns":11},{"damage":6,"enemies":"Orb Walker","floor":35,"turns":4},{"damage":0,"enemies":"Nemesis","floor":40,"turns":11},{"damage":0,"enemies":"Mind Bloom Boss Battle","floor":46,"turns":5},{"damage":14,"enemies":"Reptomancer","floor":47,"turns":8},{"damage":0,"enemies":"3 Darklings","floor":48,"turns":5},{"damage":24,"enemies":"Time Eater","floor":50,"turns":11}],"seed_played":"8722192463134901558","potions_obtained":[{"floor":5,"key":"Regen Potion"},{"floor":7,"key":"GhostInAJar"},{"floor":10,"key":"FearPotion"},{"floor":16,"key":"Weak Potion"},{"floor":20,"key":"Ancient Potion"},{"floor":24,"key":"Block Potion"},{"floor":31,"key":"FearPotion"},{"floor":33,"key":"Energy Potion"}],"is_trial":false,"path_per_floor":["M","?","M","$","M","R","E","R","T","E","M","R","E","T","R","B",null,"M","$","M","M","?","R","E","M","T","M","?","E","$","E","R","B",null,"M","$","?","?","$","E","R","?","T","?","R","?","E","M","R","B",null],"character_chosen":"THE_SILENT","items_purchased":["Footwork","Blur","Footwork","ClockworkSouvenir","Mercury Hourglass","Leg Sweep"],"campfire_rested":1,"item_purchase_floors":[4,19,19,19,36,39],"current_hp_per_floor":[70,70,70,70,70,70,69,69,69,60,60,60,60,60,60,47,70,62,62,51,50,50,50,50,49,49,49,49,31,31,31,52,52,70,64,64,70,70,70,70,70,70,70,70,70,70,56,64,64,48],"gold":336,"neow_bonus":"THREE_ENEMY_KILL","is_prod":false,"is_daily":false,"chose_seed":false,"campfire_upgraded":7,"win_rate":0,"timestamp":1546728834,"path_taken":["M","?","M","?","?","R","E","R","T","E","M","R","E","?","R","BOSS","M","$","M","M","?","R","E","M","T","M","?","E","$","E","R","BOSS","M","$","?","?","$","E","R","?","T","?","R","?","E","M","R","BOSS"],"build_version":"2019-01-03v4","purchased_purges":2,"victory":true,"max_hp_per_floor":[70,70,70,70,70,70,70,70,70,70,70,70,70,70,70,70,70,70,70,70,70,70,70,70,70,70,70,70,70,70,70,70,70,70,70,70,70,70,70,70,70,70,70,70,70,70,70,70,70,70],"card_choices":[{"not_picked":["Underhanded Strike","Tactician"],"picked":"Escape Plan","floor":1},{"not_picked":["Accuracy","Acrobatics"],"picked":"Noxious Fumes","floor":3},{"not_picked":["Reflex","Infinite Blades"],"picked":"Predator","floor":5},{"not_picked":["Terror","Backflip"],"picked":"Well Laid Plans","floor":7},{"not_picked":["Cloak And Dagger","PiercingWail"],"picked":"Noxious Fumes","floor":10},{"not_picked":["Slice","Dagger Spray"],"picked":"Dash","floor":11},{"not_picked":["PiercingWail","Setup"],"picked":"Deadly Poison","floor":13},{"not_picked":["Phantasmal Killer","Corpse Explosion"],"picked":"After Image","floor":16},{"not_picked":["Dagger Spray","Caltrops"],"picked":"Dodge and Roll+1","floor":18},{"not_picked":["Well Laid Plans+1","Calculated Gamble"],"picked":"Cloak And Dagger","floor":20},{"not_picked":["Quick Slash","Setup","Poisoned Stab"],"picked":"SKIP","floor":21},{"not_picked":["Escape Plan+1","Dagger Throw"],"picked":"Footwork","floor":24},{"not_picked":["Underhanded Strike","Slice","Prepared"],"picked":"SKIP","floor":25},{"not_picked":["Sucker Punch","Poisoned Stab+1","Outmaneuver"],"picked":"SKIP","floor":27},{"not_picked":["Concentrate","Terror"],"picked":"Blade Dance","floor":29},{"not_picked":["Slice","Dash"],"picked":"Infinite Blades+1","floor":31},{"not_picked":["Die Die Die","Venomology"],"picked":"Envenom","floor":33},{"not_picked":["Backstab","Quick Slash+1"],"picked":"Slice+1","floor":35},{"not_picked":["Quick Slash","Bouncing Flask+1"],"picked":"Dash+1","floor":40},{"not_picked":["Panacea","Finesse"],"picked":"Bandage Up","floor":44},{"not_picked":["Flying Knee","Envenom","Eviscerate"],"picked":"SKIP","floor":47},{"not_picked":["Slice","Acrobatics","PiercingWail+1"],"picked":"SKIP","floor":48}],"player_experience":385236,"relics_obtained":[{"floor":7,"key":"Vajra"},{"floor":9,"key":"Anchor"},{"floor":10,"key":"Bottled Flame"},{"floor":13,"key":"Ancient Tea Set"},{"floor":14,"key":"Kunai"},{"floor":24,"key":"Gremlin Horn"},{"floor":26,"key":"Letter Opener"},{"floor":29,"key":"Orichalcum"},{"floor":31,"key":"Old Coin"},{"floor":40,"key":"MawBank"},{"floor":43,"key":"Bronze Scales"},{"floor":46,"key":"Shovel"},{"floor":47,"key":"Bottled Lightning"},{"floor":49,"key":"Art of War"}],"event_choices":[{"cards_removed":["Strike_G"],"damage_healed":0,"gold_gain":0,"player_choice":"Purged","damage_taken":0,"max_hp_gain":0,"max_hp_loss":0,"event_name":"Purifier","floor":2,"gold_loss":0},{"damage_healed":0,"gold_gain":0,"player_choice":"Read","damage_taken":0,"max_hp_gain":0,"max_hp_loss":0,"event_name":"The Library","floor":22,"gold_loss":0,"cards_obtained":["Cloak And Dagger"]},{"cards_removed":["Strike_G"],"damage_healed":0,"gold_gain":0,"player_choice":"Gave Gold","damage_taken":0,"max_hp_gain":0,"max_hp_loss":0,"event_name":"Beggar","floor":28,"gold_loss":75},{"damage_healed":18,"gold_gain":0,"player_choice":"Writhe","damage_taken":0,"max_hp_gain":0,"max_hp_loss":0,"event_name":"Winding Halls","floor":37,"gold_loss":0,"cards_obtained":["Writhe"]},{"cards_removed":["Finisher"],"damage_healed":0,"gold_gain":0,"player_choice":"Removed Attack","damage_taken":0,"max_hp_gain":0,"max_hp_loss":0,"event_name":"Falling","floor":38,"gold_loss":0},{"damage_healed":0,"gold_gain":0,"player_choice":"Paid Gold","damage_taken":0,"relics_obtained":["Juzu Bracelet"],"max_hp_gain":0,"max_hp_loss":0,"event_name":"WeMeetAgain","floor":42,"gold_loss":114},{"damage_healed":0,"gold_gain":0,"player_choice":"Memory 1","damage_taken":0,"max_hp_gain":0,"max_hp_loss":0,"event_name":"SensoryStone","floor":44,"gold_loss":0},{"damage_healed":0,"gold_gain":0,"player_choice":"Fight","damage_taken":0,"max_hp_gain":0,"max_hp_loss":0,"event_name":"MindBloom","floor":46,"gold_loss":0}],"is_beta":false,"boss_relics":[{"not_picked":["White Beast Statue","Black Star"],"picked":"Runic Dome"},{"not_picked":["Coffee Dripper","Busted Crown"],"picked":"Astrolabe"}],"items_purged_floors":[30,39],"is_endless":false,"potions_floor_spawned":[5,7,10,16,20,24,31,33,35,47],"ascension_level":3}