{"gold_per_floor":[115,115,127,127,127,127,162,182,206,217,228,248,248,262,262,262],"floor_reached":16,"playtime":614,"items_purged":[],"score":129,"play_id":"39f59029-191e-412d-879d-8426e8ac7cbc","local_time":"20181202205606","is_ascension_mode":false,"campfire_choices":[{"data":"Hologram","floor":6,"key":"SMITH"},{"data":"Reinforced Body","floor":15,"key":"SMITH"}],"neow_cost":"NONE","seed_source_timestamp":21282603330039,"circlet_count":0,"master_deck":["Strike_B","Defend_B","Defend_B","Defend_B","Defend_B","Zap","Dualcast","Hologram+1","Coolheaded","Ball Lightning","Gash","Reinforced Body+1"],"relics":["Cracked Core","NeowsBlessing","Bottled Flame","Matryoshka","Cables","Omamori"],"potions_floor_usage":[16,16],"damage_taken":[{"damage":0,"enemies":"Jaw Worm","floor":1,"turns":1},{"damage":0,"enemies":"Cultist","floor":3,"turns":1},{"damage":0,"enemies":"Gremlin Nob","floor":7,"turns":1},{"damage":0,"enemies":"Small Slimes","floor":8,"turns":2},{"damage":36,"enemies":"Gremlin Gang","floor":10,"turns":4},{"damage":5,"enemies":"Looter","floor":11,"turns":3},{"damage":3,"enemies":"2 Fungi Beasts","floor":12,"turns":3},{"damage":2,"enemies":"Blue Slaver","floor":14,"turns":3},{"damage":30,"enemies":"Slime Boss","floor":16,"turns":8}],"seed_played":"-206341019904886118","potions_obtained":[{"floor":3,"key":"GamblersBrew"},{"floor":10,"key":"Poison Potion"},{"floor":11,"key":"FearPotion"},{"floor":12,"key":"Dexterity Potion"}],"is_trial":false,"path_per_floor":["M","?","M","T","?","R","E","M","T","M","M","M","?","M","R","B"],"character_chosen":"DEFECT","items_purchased":[],"campfire_rested":0,"item_purchase_floors":[],"current_hp_per_floor":[75,75,75,75,75,75,75,75,75,39,34,31,31,29,29,0],"gold":262,"neow_bonus":"THREE_ENEMY_KILL","is_prod":false,"is_daily":false,"chose_seed":false,"campfire_upgraded":2,"win_rate":0,"timestamp":1543773366,"path_taken":["M","?","?","?","?","R","E","M","T","M","M","?","?","M","R","BOSS"],"build_version":"2018-11-15","purchased_purges":0,"victory":false,"max_hp_per_floor":[75,75,75,75,75,75,75,75,75,75,75,75,75,75,75,75],"card_choices":[{"not_picked":["Coolheaded","Stack"],"picked":"Hologram","floor":1},{"not_picked":["Storm","Lockon"],"picked":"Coolheaded","floor":3},{"not_picked":["Chill","Streamline"],"picked":"Ball Lightning","floor":7},{"not_picked":["Scrape","Conserve Battery"],"picked":"Gash","floor":8},{"not_picked":["Thunder Strike","Cold Snap","Aggregate"],"picked":"SKIP","floor":10},{"not_picked":["Hello World","Turbo","Steam"],"picked":"SKIP","floor":11},{"not_picked":["Conserve Battery","White Noise"],"picked":"Reinforced Body","floor":12},{"not_picked":["Coolheaded","Leap","Loop"],"picked":"SKIP","floor":14}],"player_experience":250730,"relics_obtained":[{"floor":4,"key":"Bottled Flame"},{"floor":7,"key":"Matryoshka"},{"floor":9,"key":"Cables"},{"floor":9,"key":"Omamori"}],"event_choices":[{"cards_removed":["Strike_B"],"damage_healed":0,"gold_gain":0,"player_choice":"Purged","damage_taken":0,"max_hp_gain":0,"max_hp_loss":0,"event_name":"Purifier","floor":2,"gold_loss":0},{"cards_removed":["Strike_B"],"damage_healed":0,"gold_gain":0,"player_choice":"Offered Basic","damage_taken":0,"max_hp_gain":0,"max_hp_loss":0,"event_name":"Bonfire Elementals","floor":5,"gold_loss":0},{"cards_removed":["Strike_B"],"damage_healed":0,"gold_gain":0,"player_choice":"Forget","damage_taken":0,"max_hp_gain":0,"max_hp_loss":0,"event_name":"Living Wall","floor":13,"gold_loss":0}],"is_beta":false,"boss_relics":[],"items_purged_floors":[],"is_endless":false,"potions_floor_spawned":[3,10,11,12],"killed_by":"Slime Boss","ascension_level":0}