{"gold_per_floor":[210,227,227,227,244,275,275,294,344,357,390,390,390],"floor_reached":13,"playtime":454,"items_purged":[],"score":114,"play_id":"cd08b755-8877-4d3a-aa63-3254fd406d69","local_time":"20190404201057","is_ascension_mode":true,"campfire_choices":[{"data":"1","floor":7,"key":"LIFT"},{"data":"Armaments","floor":12,"key":"SMITH"}],"neow_cost":"NONE","seed_source_timestamp":0,"circlet_count":0,"master_deck":["Strike_R","Strike_R","Strike_R","Strike_R","Strike_R","Defend_R","Defend_R","Defend_R","Defend_R","Bash","Clash","Warcry","Regret","Sword Boomerang","Metallicize","Cleave","Armaments+1","Feed"],"special_seed":0,"relics":["Burning Blood","Dream Catcher","The Courier","Girya","Lantern","Pantograph"],"potions_floor_usage":[6,6],"damage_taken":[{"damage":1.0,"enemies":"Cultist","floor":1.0,"turns":3.0},{"damage":4.0,"enemies":"Jaw Worm","floor":2.0,"turns":3.0},{"damage":10,"enemies":"Small Slimes","floor":5,"turns":5},{"damage":41,"enemies":"Gremlin Nob","floor":6,"turns":5},{"damage":12,"enemies":"2 Fungi Beasts","floor":8,"turns":3},{"damage":4,"enemies":"Gremlin Gang","floor":10,"turns":3},{"damage":29,"enemies":"3 Sentries","floor":11,"turns":7},{"damage":15,"enemies":"Lagavulin","floor":13,"turns":4}],"seed_played":"2194911075290077612","potions_obtained":[{"floor":1.0,"key":"GamblersBrew"},{"floor":5,"key":"Poison Potion"},{"floor":10,"key":"Strength Potion"}],"is_trial":false,"path_per_floor":["M","M","?","T","M","E","R","M","T","M","E","R","E"],"character_chosen":"IRONCLAD","items_purchased":[],"campfire_rested":0,"item_purchase_floors":[],"current_hp_per_floor":[80,80,80,80,76,41,41,35,35,37,14,14,0],"gold":390,"neow_bonus":"HUNDRED_GOLD","is_prod":false,"is_daily":false,"chose_seed":false,"campfire_upgraded":1,"win_rate":0,"timestamp":1554379857,"path_taken":["M","?","?","?","M","E","R","M","T","M","E","R","E"],"build_version":"2019-01-23","purchased_purges":0,"victory":false,"max_hp_per_floor":[80,80,80,80,80,80,80,80,80,80,80,80,80],"card_choices":[{"not_picked":["Sentinel","Shockwave"],"picked":"Clash","floor":1.0},{"not_picked":["True Grit","Searing Blow"],"picked":"Warcry","floor":2.0},{"not_picked":["Pummel","Ghostly Armor"],"picked":"Sword Boomerang","floor":5},{"not_picked":["True Grit","Pummel"],"picked":"Metallicize","floor":6},{"not_picked":["Exhume","Twin Strike"],"picked":"Cleave","floor":8},{"not_picked":["Entrench","True Grit"],"picked":"Armaments","floor":10},{"not_picked":["Burning Pact","Pommel Strike"],"picked":"Feed","floor":11}],"player_experience":231424,"relics_obtained":[{"floor":4.0,"key":"The Courier"},{"floor":6,"key":"Girya"},{"floor":9,"key":"Lantern"},{"floor":11,"key":"Pantograph"}],"event_choices":[{"damage_healed":0.0,"max_hp_gain":0.0,"max_hp_loss":0.0,"gold_gain":0.0,"event_name":"Big Fish","player_choice":"Box","floor":3.0,"gold_loss":0.0,"damage_taken":0.0,"relics_obtained":["Dream Catcher"],"cards_obtained":["Regret"]}],"is_beta":false,"boss_relics":[],"items_purged_floors":[],"is_endless":false,"potions_floor_spawned":[1,5,10],"killed_by":"Lagavulin","ascension_level":4}