{"gold_per_floor":[116,116,116,41,41,41,74,1,1,15,15,31,31,52,52,52],"floor_reached":16,"playtime":1315,"items_purged":["Injury"],"score":98,"play_id":"7b8a8567-f9e4-4e45-a7e5-eba036330512","local_time":"20190502010501","is_ascension_mode":false,"campfire_choices":[{"data":"Neutralize","floor":6,"key":"SMITH"},{"floor":13,"key":"REST"},{"floor":15,"key":"REST"}],"neow_cost":"NONE","seed_source_timestamp":77370698894237,"circlet_count":0,"master_deck":["Defend_G+1","Defend_G","Defend_G","Defend_G+1","Defend_G","Strike_G","Strike_G","Strike_G","Strike_G","Strike_G","Survivor+1","Neutralize+1","Phantasmal Killer+1","PiercingWail","Tactician","Cloak And Dagger","Quick Slash","Crippling Poison","Bouncing Flask","Prepared"],"relics":["Ring of the Snake","Golden Idol","NlothsMask","War Paint"],"potions_floor_usage":[12,12,14],"damage_taken":[{"damage":0,"enemies":"Cultist","floor":1,"turns":2},{"damage":50,"enemies":"3 Sentries","floor":7,"turns":11},{"damage":0,"enemies":"Jaw Worm","floor":10,"turns":2},{"damage":0,"enemies":"Small Slimes","floor":12,"turns":2},{"damage":16,"enemies":"Exordium Thugs","floor":14,"turns":6},{"damage":31,"enemies":"The Guardian","floor":16,"turns":9}],"seed_played":"512629633422153594","potions_obtained":[{"floor":7,"key":"Swift Potion"},{"floor":10,"key":"Energy Potion"},{"floor":12,"key":"Dexterity Potion"}],"is_trial":false,"path_per_floor":["M","?","?","$","?","R","E","$","T","M","$","M","R","M","R","B"],"character_chosen":"THE_SILENT","items_purchased":["Cloak And Dagger","Quick Slash"],"campfire_rested":2,"item_purchase_floors":[8,8],"current_hp_per_floor":[70,56,56,56,56,56,6,6,6,6,6,6,27,11,32,1],"gold":52,"neow_bonus":"ONE_RANDOM_RARE_CARD","is_prod":false,"is_daily":false,"chose_seed":false,"campfire_upgraded":1,"win_rate":0.0,"timestamp":1556773501,"path_taken":["M","?","?","?","?","R","E","$","T","?","?","M","R","M","R","BOSS"],"build_version":"2019-01-23","purchased_purges":1,"victory":false,"max_hp_per_floor":[70,70,70,70,70,70,70,70,70,70,70,70,70,70,70,70],"card_choices":[{"not_picked":["Quick Slash","Deflect"],"picked":"PiercingWail","floor":1},{"not_picked":["Blur","Bane"],"picked":"Tactician","floor":7},{"not_picked":["Skewer","All Out Attack"],"picked":"Crippling Poison","floor":10},{"not_picked":["Outmaneuver","Well Laid Plans"],"picked":"Bouncing Flask","floor":12},{"not_picked":["Predator","Masterful Stab"],"picked":"Prepared","floor":14}],"player_experience":50971,"relics_obtained":[{"floor":7,"key":"War Paint"}],"event_choices":[{"damage_healed":0,"gold_gain":0,"player_choice":"Entered Light","damage_taken":14,"max_hp_gain":0,"max_hp_loss":0,"event_name":"Shining Light","floor":2,"gold_loss":0,"cards_upgraded":["Survivor","Phantasmal Killer"]},{"damage_healed":0,"gold_gain":0,"player_choice":"Take Wound","damage_taken":0,"relics_obtained":["Golden Idol"],"max_hp_gain":0,"max_hp_loss":0,"event_name":"Golden Idol","floor":3,"gold_loss":0,"cards_obtained":["Injury"]},{"damage_healed":0,"gold_gain":0,"player_choice":"Trade","damage_taken":0,"relics_obtained":["NlothsMask"],"max_hp_gain":0,"max_hp_loss":0,"event_name":"FaceTrader","floor":5,"gold_loss":0}],"is_beta":false,"boss_relics":[],"items_purged_floors":[4],"is_endless":false,"potions_floor_spawned":[7,10,12],"killed_by":"The Guardian","ascension_level":0}