{"gold_per_floor":[114,114,131,146,146,171,171,28,73,93,93,113,130,57,57,158,158,168,168,180,9,21,21,21,35,35,35,49,49,49,66,66,66],"floor_reached":33,"playtime":1871,"items_purged":["Strike_R","Strike_R"],"score":274,"play_id":"0638b136-e51f-437c-9e5c-5faf33dfb325","local_time":"20181031233638","is_ascension_mode":false,"campfire_choices":[{"data":"Barricade","floor":7,"key":"SMITH"},{"floor":11,"key":"REST"},{"floor":15,"key":"REST"},{"floor":24,"key":"REST"},{"data":"Armaments","floor":32,"key":"SMITH"}],"neow_cost":"NONE","seed_source_timestamp":16117195135017,"circlet_count":0,"master_deck":["Strike_R","Strike_R","Strike_R","Defend_R","Defend_R","Defend_R","Defend_R","Bash","Rampage","Flex","Sentinel","Barricade+1","Armaments+1","Flame Barrier","Shrug It Off","Ghostly Armor","Reaper","Iron Wave","RitualDagger","Shrug It Off+1","Impervious","Shockwave+1","Ghostly","Ghostly","Ghostly","Ghostly","Ghostly"],"relics":["Burning Blood","Omamori","PreservedInsect","Pen Nib","Sozu","Bottled Flame","Du-Vu Doll"],"potions_floor_usage":[22],"damage_taken":[{"damage":10,"enemies":"Jaw Worm","floor":1,"turns":4},{"damage":1,"enemies":"Cultist","floor":3,"turns":3},{"damage":7,"enemies":"2 Louse","floor":4,"turns":3},{"damage":29,"enemies":"Lagavulin","floor":6,"turns":8},{"damage":28,"enemies":"Lots of Slimes","floor":10,"turns":7},{"damage":16,"enemies":"Gremlin Gang","floor":12,"turns":5},{"damage":6,"enemies":"Exordium Wildlife","floor":13,"turns":4},{"damage":7,"enemies":"Slime Boss","floor":16,"turns":19},{"damage":28,"enemies":"3 Byrds","floor":18,"turns":5},{"damage":21,"enemies":"Spheric Guardian","floor":20,"turns":12},{"damage":48,"enemies":"Cultist and Chosen","floor":22,"turns":15},{"damage":12,"enemies":"Snake Plant","floor":25,"turns":6},{"damage":7,"enemies":"Snecko","floor":28,"turns":12},{"damage":3,"enemies":"Centurion and Healer","floor":31,"turns":13},{"damage":57,"enemies":"Automaton","floor":33,"turns":20}],"seed_played":"-2679745078858525349","potions_obtained":[{"floor":4,"key":"AttackPotion"},{"floor":6,"key":"Ancient Potion"},{"floor":10,"key":"GamblersBrew"},{"floor":16,"key":"Strength Potion"}],"is_trial":false,"path_per_floor":["M","?","M","M","?","E","R","$","T","M","R","M","M","$","R","B",null,"M","?","M","$","M","$","R","M","T","?","M","T","?","M","R"],"character_chosen":"IRONCLAD","items_purchased":["Flame Barrier","Ghostly Armor","Impervious"],"campfire_rested":3,"item_purchase_floors":[8,14,21],"current_hp_per_floor":[84,72,77,76,76,53,53,53,53,31,57,47,47,47,73,72,88,71,65,50,50,20,20,46,40,40,40,43,43,43,44,44,0],"gold":66,"neow_bonus":"TEN_PERCENT_HP_BONUS","is_prod":false,"is_daily":false,"chose_seed":false,"campfire_upgraded":2,"win_rate":0,"timestamp":1541018198,"path_taken":["M","?","M","?","?","E","R","?","T","M","R","M","M","$","R","BOSS","M","?","M","?","M","$","R","?","T","?","M","?","?","M","R","BOSS"],"build_version":"2018-10-25v2","purchased_purges":2,"victory":false,"max_hp_per_floor":[88,88,88,88,88,88,88,88,88,88,88,88,88,88,88,88,88,88,88,88,88,88,88,88,88,88,88,88,88,44,44,44,44],"card_choices":[{"not_picked":["Heavy Blade","Clothesline"],"picked":"Rampage","floor":1},{"not_picked":["Seeing Red","Heavy Blade"],"picked":"Flex","floor":3},{"not_picked":["Heavy Blade","Thunderclap"],"picked":"Sentinel","floor":4},{"not_picked":["Heavy Blade","Rupture"],"picked":"Armaments","floor":6},{"not_picked":["Body Slam","Blood for Blood","Clash"],"picked":"SKIP","floor":10},{"not_picked":["Pommel Strike","Sentinel"],"picked":"Shrug It Off","floor":12},{"not_picked":["Warcry","Wild Strike","Thunderclap"],"picked":"SKIP","floor":13},{"not_picked":["Barricade","Bludgeon"],"picked":"Reaper","floor":16},{"not_picked":["Anger+1","Clothesline"],"picked":"Iron Wave","floor":18},{"not_picked":["Perfected Strike","Sentinel+1"],"picked":"Shrug It Off+1","floor":20},{"not_picked":["Second Wind","Heavy Blade+1"],"picked":"Shockwave+1","floor":22},{"not_picked":["Perfected Strike","Shrug It Off","Clothesline"],"picked":"SKIP","floor":25},{"not_picked":["True Grit","Havoc","Dual Wield"],"picked":"SKIP","floor":28},{"not_picked":["Rage","Dual Wield","Thunderclap"],"picked":"SKIP","floor":31}],"player_experience":122868,"relics_obtained":[{"floor":6,"key":"PreservedInsect"},{"floor":9,"key":"Pen Nib"},{"floor":26,"key":"Bottled Flame"},{"floor":29,"key":"Du-Vu Doll"}],"event_choices":[{"damage_healed":0,"gold_gain":0,"player_choice":"Success","damage_taken":12,"relics_obtained":["Omamori"],"max_hp_gain":0,"max_hp_loss":0,"event_name":"Scrap Ooze","floor":2,"gold_loss":0},{"damage_healed":0,"gold_gain":0,"player_choice":"1 cards matched","damage_taken":0,"max_hp_gain":0,"max_hp_loss":0,"event_name":"Match and Keep!","floor":5,"gold_loss":0,"cards_obtained":["Barricade"]},{"damage_healed":0,"gold_gain":0,"player_choice":"Joined the Cult","damage_taken":6,"max_hp_gain":0,"max_hp_loss":0,"event_name":"Nest","floor":19,"gold_loss":0,"cards_obtained":["RitualDagger"]},{"damage_healed":0,"gold_gain":0,"player_choice":"Ignored","damage_taken":0,"max_hp_gain":0,"max_hp_loss":0,"event_name":"The Mausoleum","floor":27,"gold_loss":0},{"damage_healed":0,"gold_gain":0,"player_choice":"Became a Ghost","damage_taken":0,"max_hp_gain":0,"max_hp_loss":44,"event_name":"Ghosts","floor":30,"gold_loss":0,"cards_obtained":["Ghostly","Ghostly","Ghostly","Ghostly","Ghostly"]}],"is_beta":false,"boss_relics":[{"not_picked":["Orrery","Mark of Pain"],"picked":"Sozu"}],"items_purged_floors":[8,21],"is_endless":false,"potions_floor_spawned":[4,6,10,16,18,20,28],"killed_by":"Automaton","ascension_level":0}