{"gold_per_floor":[117,117,117,135,147,182,182,197,245,256,331,331,345,345,345,345],"floor_reached":16,"playtime":750,"items_purged":[],"score":189,"play_id":"d62c371d-044a-42df-b4bf-26396415336c","local_time":"20190112215658","is_ascension_mode":true,"campfire_choices":[{"floor":7,"key":"REST"},{"floor":12,"key":"REST"},{"floor":15,"key":"REST"}],"neow_cost":"NONE","seed_source_timestamp":42443342169120,"circlet_count":0,"master_deck":["AscendersBane","Defend_G+1","Defend_G","Defend_G","Defend_G","Defend_G","Strike_G","Strike_G","Strike_G","Strike_G","Survivor","Neutralize+1","Dagger Throw","Backflip+1","Caltrops","Well Laid Plans","Glass Knife","Terror"],"relics":["Ring of the Snake","Kunai","Juzu Bracelet","War Paint"],"potions_floor_usage":[6,6],"damage_taken":[{"damage":1,"enemies":"2 Louse","floor":1,"turns":3},{"damage":1,"enemies":"Cultist","floor":4,"turns":4},{"damage":5,"enemies":"Small Slimes","floor":5,"turns":4},{"damage":33,"enemies":"Gremlin Nob","floor":6,"turns":5},{"damage":9,"enemies":"Exordium Wildlife","floor":8,"turns":8},{"damage":1,"enemies":"Red Slaver","floor":10,"turns":3},{"damage":6,"enemies":"Large Slime","floor":13,"turns":7},{"damage":35,"enemies":"Slime Boss","floor":16,"turns":9}],"seed_played":"-8610124676134127285","potions_obtained":[{"floor":3,"key":"Fire Potion"},{"floor":3,"key":"SmokeBomb"},{"floor":4,"key":"Regen Potion"},{"floor":6,"key":"Ancient Potion"},{"floor":10,"key":"SmokeBomb"}],"is_trial":false,"path_per_floor":["M","?","?","M","M","E","R","M","T","M","?","R","M","?","R","B"],"character_chosen":"THE_SILENT","items_purchased":[],"campfire_rested":3,"item_purchase_floors":[],"current_hp_per_floor":[58,51,51,50,45,26,45,36,36,35,24,43,37,11,30,0],"gold":345,"neow_bonus":"UPGRADE_CARD","is_prod":false,"is_daily":false,"chose_seed":false,"campfire_upgraded":0,"win_rate":0,"timestamp":1547319418,"path_taken":["M","?","?","M","M","E","R","M","T","M","?","R","M","?","R","BOSS"],"build_version":"2019-01-10","purchased_purges":0,"victory":false,"max_hp_per_floor":[66,66,66,66,66,66,66,66,66,66,66,66,66,66,66,66],"card_choices":[{"not_picked":["Outmaneuver","Eviscerate"],"picked":"Dagger Throw","floor":1},{"not_picked":["Underhanded Strike","Reflex"],"picked":"Backflip","floor":4},{"not_picked":["Tactician","Prepared"],"picked":"Caltrops","floor":5},{"not_picked":["Blade Dance","Heel Hook"],"picked":"Well Laid Plans","floor":6},{"not_picked":["Underhanded Strike","Backstab"],"picked":"Glass Knife","floor":8},{"not_picked":["Cloak And Dagger","Quick Slash","Underhanded Strike"],"picked":"SKIP","floor":10},{"not_picked":["Leg Sweep","Poisoned Stab"],"picked":"Terror","floor":13}],"player_experience":454710,"relics_obtained":[{"floor":6,"key":"Kunai"},{"floor":9,"key":"Juzu Bracelet"}],"event_choices":[{"cards_removed":["Strike_G"],"damage_healed":0,"gold_gain":0,"player_choice":"Card Removal","damage_taken":7,"max_hp_gain":0,"max_hp_loss":0,"event_name":"Golden Wing","floor":2,"gold_loss":0},{"damage_healed":0,"gold_gain":0,"player_choice":"Got Potions","damage_taken":0,"max_hp_gain":0,"max_hp_loss":0,"event_name":"Lab","floor":3,"gold_loss":0},{"damage_healed":0,"gold_gain":75,"player_choice":"Gather Gold","damage_taken":11,"max_hp_gain":0,"max_hp_loss":0,"event_name":"World of Goop","floor":11,"gold_loss":0},{"damage_healed":0,"gold_gain":0,"player_choice":"Success","damage_taken":26,"relics_obtained":["War Paint"],"max_hp_gain":0,"max_hp_loss":0,"event_name":"Scrap Ooze","floor":14,"gold_loss":0}],"is_beta":false,"boss_relics":[],"items_purged_floors":[],"is_endless":false,"potions_floor_spawned":[4,6,10],"killed_by":"Slime Boss","ascension_level":17}