{"gold_per_floor":[118,26,39,55,68,98,111,111,111,111,131,131,203,219,219,219],"floor_reached":16,"playtime":2041,"items_purged":[],"score":104,"play_id":"c5d542d5-2e88-400f-a054-d4d5b28469b2","local_time":"20180924221836","is_ascension_mode":false,"campfire_choices":[{"floor":8,"key":"REST"},{"data":"Footwork","floor":10,"key":"SMITH"},{"floor":15,"key":"REST"}],"neow_cost":"NONE","seed_source_timestamp":11238748882658,"circlet_count":0,"master_deck":["Defend_G","Defend_G","Defend_G","Defend_G","Defend_G","Strike_G","Strike_G","Strike_G","Strike_G","Survivor","Neutralize","Footwork+1","Blur","Backflip","Backflip","Terror","Flying Knee","Deadly Poison","Injury","Acrobatics"],"relics":["Ring of the Snake","Happy Flower","Lantern","Golden Idol","Bottled Flame"],"potions_floor_usage":[7,16,16],"damage_taken":[{"damage":0,"enemies":"Cultist","floor":1,"turns":5},{"damage":0,"enemies":"Jaw Worm","floor":3,"turns":7},{"damage":0,"enemies":"Small Slimes","floor":4,"turns":5},{"damage":7,"enemies":"Exordium Wildlife","floor":5,"turns":14},{"damage":24,"enemies":"Lagavulin","floor":6,"turns":15},{"damage":33,"enemies":"Gremlin Gang","floor":7,"turns":8},{"damage":0,"enemies":"Large Slime","floor":11,"turns":9},{"damage":6,"enemies":"Exordium Thugs","floor":14,"turns":7},{"damage":45,"enemies":"Slime Boss","floor":16,"turns":15}],"seed_played":"2742278060121241142","potions_obtained":[{"floor":1,"key":"Poison Potion"},{"floor":4,"key":"Poison Potion"},{"floor":7,"key":"Fire Potion"}],"is_trial":false,"path_per_floor":["M","$","M","M","M","E","M","R","T","R","M","?","T","M","R"],"character_chosen":"THE_SILENT","items_purchased":["Blur","Backflip"],"campfire_rested":2,"item_purchase_floors":[2,2],"current_hp_per_floor":[70,70,70,70,63,39,6,27,27,27,27,27,27,21,42,0],"gold":219,"neow_bonus":"REMOVE_CARD","is_prod":false,"is_daily":false,"chose_seed":false,"campfire_upgraded":1,"win_rate":0,"timestamp":1537816716,"path_taken":["M","$","M","M","M","E","M","R","T","R","?","?","?","?","R","BOSS"],"build_version":"2018-09-20","purchased_purges":0,"victory":false,"max_hp_per_floor":[70,70,70,70,70,70,70,70,70,70,70,70,70,70,70,70],"card_choices":[{"not_picked":["Backflip","Deflect"],"picked":"Footwork","floor":1},{"not_picked":["PiercingWail","Quick Slash"],"picked":"Backflip","floor":3},{"not_picked":["Quick Slash","Catalyst"],"picked":"Terror","floor":4},{"not_picked":["Quick Slash","All Out Attack"],"picked":"Flying Knee","floor":5},{"not_picked":["Quick Slash","Dagger Throw","Phantasmal Killer"],"picked":"SKIP","floor":6},{"not_picked":["Skewer","Dagger Throw","PiercingWail"],"picked":"SKIP","floor":7},{"not_picked":["Escape Plan","Blade Dance"],"picked":"Deadly Poison","floor":11},{"not_picked":["Distraction","Night Terror"],"picked":"Acrobatics","floor":14}],"player_experience":32273,"relics_obtained":[{"floor":6,"key":"Happy Flower"},{"floor":9,"key":"Lantern"},{"floor":13,"key":"Bottled Flame"}],"event_choices":[{"event_name":"Golden Idol","player_choice":"Take Wound","floor":12,"damage_taken":0}],"is_beta":false,"boss_relics":[],"items_purged_floors":[],"is_endless":false,"potions_floor_spawned":[1,4,7],"killed_by":"Slime Boss","ascension_level":0}