{"gold_per_floor":[109,120,131,306,276,276,48,48,71,71,84,84,97,116,116,211,211,197,247,265,281,281],"floor_reached":22,"playtime":1506,"items_purged":[],"score":178,"play_id":"dfd37aad-e856-4627-930b-32e5926ed1f1","local_time":"20190104021323","is_ascension_mode":false,"campfire_choices":[{"data":"Prepared","floor":6,"key":"SMITH"},{"data":"Neutralize","floor":8,"key":"SMITH"},{"data":"Underhanded Strike","floor":10,"key":"SMITH"},{"data":"Prepared","floor":15,"key":"SMITH"}],"neow_cost":"NONE","seed_source_timestamp":18687739385955,"circlet_count":0,"master_deck":["Defend_G","Defend_G","Defend_G","Defend_G","Strike_G","Strike_G","Strike_G","Strike_G","Strike_G","Survivor","Neutralize+1","Eviscerate","Underhanded Strike+1","PiercingWail","Doubt","Prepared+1","Underhanded Strike","Flying Knee","Regret","Flying Knee","Prepared+1","A Thousand Cuts","Expertise+1","Riddle With Holes","Tactician+1"],"relics":["Ring of the Snake","Strange Spoon","Dream Catcher","Mercury Hourglass","Philosopher\u0027s Stone"],"potions_floor_usage":[16,20],"damage_taken":[{"damage":0,"enemies":"2 Louse","floor":1,"turns":4},{"damage":0,"enemies":"Small Slimes","floor":2,"turns":6},{"damage":1,"enemies":"Cultist","floor":3,"turns":4},{"damage":0,"enemies":"Looter","floor":5,"turns":4},{"damage":18,"enemies":"Gremlin Gang","floor":11,"turns":5},{"damage":7,"enemies":"Blue Slaver","floor":13,"turns":2},{"damage":0,"enemies":"Looter","floor":14,"turns":2},{"damage":42,"enemies":"Hexaghost","floor":16,"turns":11},{"damage":13,"enemies":"2 Thieves","floor":18,"turns":4},{"damage":11,"enemies":"Spheric Guardian","floor":20,"turns":4},{"damage":14,"enemies":"Snake Plant","floor":21,"turns":6},{"damage":33,"enemies":"Shelled Parasite and Fungi","floor":22,"turns":4}],"seed_played":"-2103252482519938596","potions_obtained":[{"floor":2,"key":"Poison Potion"},{"floor":11,"key":"Strength Potion"},{"floor":14,"key":"Energy Potion"},{"floor":16,"key":"GhostInAJar"},{"floor":20,"key":"Fire Potion"}],"is_trial":false,"path_per_floor":["M","M","M","?","M","R","$","R","T","R","M","?","M","M","R","B",null,"M","?","M","M","M"],"character_chosen":"THE_SILENT","items_purchased":["Strange Spoon","Underhanded Strike"],"campfire_rested":0,"item_purchase_floors":[7,7],"current_hp_per_floor":[70,70,69,69,69,69,69,69,69,69,51,51,44,44,44,2,70,57,57,46,32,0],"gold":281,"neow_bonus":"REMOVE_CARD","is_prod":false,"is_daily":false,"chose_seed":false,"campfire_upgraded":4,"win_rate":0.0,"timestamp":1546539203,"path_taken":["M","M","M","?","M","R","$","R","T","R","M","?","M","M","R","BOSS","M","?","M","?","M"],"build_version":"2018-12-20","purchased_purges":0,"victory":false,"max_hp_per_floor":[70,70,70,70,70,70,70,70,70,70,70,70,70,70,70,70,70,70,70,70,70,70],"card_choices":[{"not_picked":["Blade Dance","Caltrops"],"picked":"Eviscerate","floor":1},{"not_picked":["Dagger Spray","Dagger Throw"],"picked":"Underhanded Strike","floor":2},{"not_picked":["Heel Hook","Dodge and Roll"],"picked":"PiercingWail","floor":3},{"not_picked":["Outmaneuver","Well Laid Plans"],"picked":"Prepared","floor":5},{"not_picked":["Tactician","Infinite Blades"],"picked":"Flying Knee","floor":11},{"not_picked":["Poisoned Stab","Deflect"],"picked":"Flying Knee","floor":13},{"not_picked":["Flying Knee","Sucker Punch"],"picked":"Prepared","floor":14},{"not_picked":["Night Terror","Die Die Die"],"picked":"A Thousand Cuts","floor":16},{"not_picked":["Flying Knee","Caltrops"],"picked":"Expertise+1","floor":18},{"not_picked":["Sucker Punch","Skewer"],"picked":"Riddle With Holes","floor":20},{"not_picked":["PiercingWail+1","Deadly Poison"],"picked":"Tactician+1","floor":21}],"player_experience":17058,"relics_obtained":[{"floor":9,"key":"Dream Catcher"}],"event_choices":[{"damage_healed":0,"gold_gain":175,"player_choice":"AGREE","damage_taken":0,"max_hp_gain":0,"max_hp_loss":0,"event_name":"Liars Game","floor":4,"gold_loss":0,"cards_obtained":["Doubt"]},{"damage_healed":0,"gold_gain":0,"player_choice":"Box","damage_taken":0,"relics_obtained":["Mercury Hourglass"],"max_hp_gain":0,"max_hp_loss":0,"event_name":"Big Fish","floor":12,"gold_loss":0,"cards_obtained":["Regret"]},{"damage_healed":0,"gold_gain":100,"player_choice":"Bet on Murderer","damage_taken":0,"max_hp_gain":0,"max_hp_loss":0,"event_name":"The Joust","floor":19,"gold_loss":50}],"is_beta":false,"boss_relics":[{"not_picked":["Busted Crown","Astrolabe"],"picked":"Philosopher\u0027s Stone"}],"items_purged_floors":[],"is_endless":false,"potions_floor_spawned":[2,11,14,16,20],"killed_by":"Shelled Parasite and Fungi","ascension_level":0}