{"gold_per_floor":[114,62,62,62,12,12,36,36,91,116,132,171,190,120,120,120],"floor_reached":16,"playtime":883,"items_purged":[],"score":100,"play_id":"4e8aeadc-8aa4-4574-a7bb-f6c92f4c9c5c","local_time":"20181007220713","is_ascension_mode":false,"campfire_choices":[{"data":"Armaments","floor":6,"key":"SMITH"},{"data":"Bloodletting","floor":15,"key":"SMITH"}],"neow_cost":"NONE","seed_source_timestamp":39992236703425,"circlet_count":0,"master_deck":["Strike_R","Strike_R","Strike_R","Strike_R","Defend_R","Defend_R","Defend_R","Defend_R+1","Bash","Flex+1","Armaments+1","Intimidate","Metallicize","Feed","Bloodletting+1"],"relics":["Burning Blood","War Paint","Golden Idol","Anchor","Kunai"],"potions_floor_usage":[16,16,16],"damage_taken":[{"damage":3,"enemies":"Cultist","floor":1,"turns":5},{"damage":4,"enemies":"2 Louse","floor":7,"turns":3},{"damage":0,"enemies":"Small Slimes","floor":10,"turns":4},{"damage":0,"enemies":"2 Fungi Beasts","floor":11,"turns":4},{"damage":24,"enemies":"Lagavulin","floor":12,"turns":11},{"damage":7,"enemies":"Large Slime","floor":13,"turns":7},{"damage":85,"enemies":"Slime Boss","floor":16,"turns":15}],"seed_played":"-1151772395117484634","potions_obtained":[{"floor":7,"key":"Regen Potion"},{"floor":10,"key":"Block Potion"},{"floor":12,"key":"AttackPotion"},{"floor":13,"key":"SkillPotion"}],"is_trial":false,"path_per_floor":["M","$","?","?","?","R","M","T","T","M","M","E","M","$","R"],"character_chosen":"IRONCLAD","items_purchased":["Armaments","Bloodletting"],"campfire_rested":0,"item_purchase_floors":[2,14],"current_hp_per_floor":[80,80,80,60,60,60,62,62,62,68,74,56,58,58,58,0],"gold":120,"neow_bonus":"REMOVE_CARD","is_prod":false,"is_daily":false,"chose_seed":false,"campfire_upgraded":2,"win_rate":0,"timestamp":1538939233,"path_taken":["M","$","?","?","?","R","M","?","T","M","?","E","M","$","R","BOSS"],"build_version":"2018-10-04v2","purchased_purges":0,"victory":false,"max_hp_per_floor":[80,80,80,80,80,80,80,80,80,80,80,80,83,83,83,83],"card_choices":[{"not_picked":["Cleave","Clash"],"picked":"Flex","floor":1},{"not_picked":["Perfected Strike","Impervious"],"picked":"Intimidate","floor":7},{"not_picked":["Warcry","Power Through"],"picked":"Metallicize","floor":10},{"not_picked":["Pommel Strike","Armaments","Shockwave"],"picked":"SKIP","floor":11},{"not_picked":["Headbutt","True Grit"],"picked":"Feed","floor":12},{"not_picked":["Body Slam","Reckless Charge","Dropkick"],"picked":"SKIP","floor":13}],"player_experience":56391,"relics_obtained":[{"floor":9,"key":"Anchor"},{"floor":12,"key":"Kunai"}],"event_choices":[{"event_name":"Big Fish","player_choice":"Box","floor":3,"damage_taken":0},{"event_name":"Golden Idol","player_choice":"Take Damage","floor":4,"damage_taken":0},{"event_name":"The Cleric","player_choice":"Card Removal","floor":5,"damage_taken":0}],"is_beta":false,"boss_relics":[],"items_purged_floors":[],"is_endless":false,"potions_floor_spawned":[7,10,12,13],"killed_by":"Slime Boss","ascension_level":0}