{"gold_per_floor":[115,133,144,158,158,158,174,202,202,274,291,318,337,347,347,443,443,455,455,370,386,31,65,65,65,65,83,10,10,29,29,29,130,130,144,144,244,263,275,275,307,307,307,319,319,338,338,338,338,338],"floor_reached":50,"playtime":2785,"items_purged":[],"score":579,"play_id":"9021f6bc-dbf1-4fb1-9581-519cf8169a61","local_time":"20190104035418","is_ascension_mode":false,"campfire_choices":[{"data":"Bullet Time","floor":6,"key":"SMITH"},{"floor":15,"key":"REST"},{"data":"Tools of the Trade","floor":24,"key":"SMITH"},{"floor":29,"key":"REST"},{"data":"Bullet Time","floor":32,"key":"SMITH"},{"floor":40,"key":"REST"},{"floor":45,"key":"REST"},{"floor":47,"key":"REST"},{"floor":49,"key":"REST"}],"neow_cost":"NONE","seed_source_timestamp":23462745864478,"circlet_count":0,"master_deck":["Defend_G","Defend_G","Defend_G","Defend_G","Strike_G","Strike_G","Strike_G","Strike_G","Strike_G","Survivor","Neutralize","Bullet Time+1","Dash","Underhanded Strike","Reflex","Masterful Stab","Regret","Acrobatics","Blur","Backstab","Tools of the Trade+1","Dagger Throw+1","Underhanded Strike+1","Bullet Time+1","Quick Slash+1","Backstab+1","Dagger Spray+1","Dagger Throw+1","Riddle With Holes+1","RitualDagger+1","Flying Knee+1","Finisher+1","Underhanded Strike+1","Dagger Throw+1","Glass Knife+1","Underhanded Strike+1","Masterful Stab+1","Prepared+1","Die Die Die+1","Escape Plan+1","Quick Slash+1","Die Die Die+1","Poisoned Stab+1","Dagger Throw+1","Dagger Throw+1","Underhanded Strike+1"],"relics":["Ring of the Snake","Bag of Marbles","Snake Skull","Centennial Puzzle","Molten Egg 2","Sozu","Smiling Mask","Shuriken","Dream Catcher","The Specimen","WristBlade","Tingsha","Anchor","Dodecahedron","Lantern"],"potions_floor_usage":[8,50],"damage_taken":[{"damage":0,"enemies":"Cultist","floor":1,"turns":4},{"damage":0,"enemies":"2 Louse","floor":2,"turns":2},{"damage":0,"enemies":"Small Slimes","floor":3,"turns":4},{"damage":0,"enemies":"3 Louse","floor":4,"turns":5},{"damage":15,"enemies":"Exordium Wildlife","floor":7,"turns":3},{"damage":31,"enemies":"3 Sentries","floor":8,"turns":10},{"damage":1,"enemies":"2 Fungi Beasts","floor":11,"turns":2},{"damage":2,"enemies":"Gremlin Nob","floor":12,"turns":4},{"damage":0,"enemies":"3 Louse","floor":13,"turns":2},{"damage":0,"enemies":"Large Slime","floor":14,"turns":3},{"damage":20,"enemies":"Hexaghost","floor":16,"turns":10},{"damage":0,"enemies":"2 Thieves","floor":18,"turns":3},{"damage":0,"enemies":"Shell Parasite","floor":21,"turns":2},{"damage":18,"enemies":"Book of Stabbing","floor":23,"turns":3},{"damage":8,"enemies":"Snecko","floor":27,"turns":3},{"damage":0,"enemies":"Centurion and Healer","floor":30,"turns":2},{"damage":51,"enemies":"Automaton","floor":33,"turns":7},{"damage":8,"enemies":"3 Darklings","floor":35,"turns":2},{"damage":1,"enemies":"Mind Bloom Boss Battle","floor":37,"turns":3},{"damage":21,"enemies":"3 Shapes","floor":38,"turns":2},{"damage":0,"enemies":"3 Darklings","floor":39,"turns":2},{"damage":53,"enemies":"Reptomancer","floor":41,"turns":5},{"damage":0,"enemies":"Spire Growth","floor":44,"turns":2},{"damage":0,"enemies":"Writhing Mass","floor":46,"turns":1},{"damage":75,"enemies":"Time Eater","floor":50,"turns":5}],"seed_played":"-8872304707183372470","potions_obtained":[{"floor":2,"key":"Weak Potion"},{"floor":3,"key":"Energy Potion"},{"floor":7,"key":"PowerPotion"},{"floor":14,"key":"SteroidPotion"},{"floor":16,"key":"PowerPotion"}],"is_trial":false,"path_per_floor":["M","M","M","M","?","R","M","E","T","?","M","E","M","M","R","B",null,"M","?","?","M","$","E","R","?","T","M","$","R","M","?","R","B",null,"M","?","?","M","M","R","E","?","T","M","R","M","R","?","R","B"],"character_chosen":"THE_SILENT","items_purchased":["Shuriken","Dagger Throw+1","Riddle With Holes+1","Finisher+1"],"campfire_rested":6,"item_purchase_floors":[22,22,22,28],"current_hp_per_floor":[70,70,70,70,70,70,55,24,24,24,23,21,21,21,42,22,70,70,70,70,70,70,52,52,46,46,38,38,59,59,59,59,8,70,62,62,61,40,40,61,8,8,8,8,29,29,50,50,70,0],"gold":338,"neow_bonus":"ONE_RANDOM_RARE_CARD","is_prod":false,"is_daily":false,"chose_seed":false,"campfire_upgraded":3,"win_rate":0.0,"timestamp":1546545258,"path_taken":["M","M","M","?","?","R","M","E","T","?","M","E","M","M","R","BOSS","M","?","?","M","$","E","R","?","T","M","$","R","M","?","R","BOSS","M","?","?","M","M","R","E","?","T","M","R","?","R","?","R","BOSS"],"build_version":"2018-12-20","purchased_purges":0,"victory":false,"max_hp_per_floor":[70,70,70,70,70,70,70,70,70,70,70,70,70,70,70,70,70,70,70,70,70,70,70,70,70,70,70,70,70,70,70,70,70,70,70,70,70,70,70,70,70,70,70,70,70,70,70,70,70,70],"card_choices":[{"not_picked":["Quick Slash","Flechettes"],"picked":"Dash","floor":1},{"not_picked":["Terror","Reflex"],"picked":"Underhanded Strike","floor":2},{"not_picked":["Endless Agony","Caltrops"],"picked":"Reflex","floor":3},{"not_picked":["Crippling Poison","Quick Slash"],"picked":"Masterful Stab","floor":4},{"not_picked":["Predator","Leg Sweep"],"picked":"Acrobatics","floor":7},{"not_picked":["Quick Slash","Deadly Poison"],"picked":"Blur","floor":8},{"not_picked":["Flying Knee","Underhanded Strike"],"picked":"Backstab","floor":11},{"not_picked":["Venomology","Deadly Poison"],"picked":"Tools of the Trade","floor":12},{"not_picked":["Deflect","Tactician"],"picked":"Dagger Throw+1","floor":13},{"not_picked":["Deflect","Dagger Throw+1"],"picked":"Underhanded Strike+1","floor":14},{"not_picked":["Night Terror","Burst"],"picked":"Bullet Time","floor":16},{"not_picked":["Heel Hook+1","Predator+1"],"picked":"Quick Slash+1","floor":18},{"not_picked":["Calculated Gamble","Blur"],"picked":"Dagger Spray+1","floor":21},{"not_picked":["Backflip","Blade Dance"],"picked":"Well Laid Plans","floor":23},{"not_picked":["Slice+1","Backflip"],"picked":"Flying Knee+1","floor":27},{"not_picked":["Backflip","Deadly Poison"],"picked":"Underhanded Strike+1","floor":29},{"not_picked":["Choke+1","Riddle With Holes+1"],"picked":"Dagger Throw+1","floor":30},{"not_picked":["Corpse Explosion","Bullet Time"],"picked":"Glass Knife+1","floor":33},{"not_picked":["Deadly Poison","Deflect"],"picked":"Underhanded Strike+1","floor":35},{"not_picked":["Caltrops","Deadly Poison"],"picked":"Masterful Stab+1","floor":37},{"not_picked":["Dagger Throw+1","Outmaneuver+1"],"picked":"Prepared+1","floor":38},{"not_picked":["Backstab+1","Acrobatics+1"],"picked":"Die Die Die+1","floor":39},{"not_picked":["Slice+1","Leg Sweep+1"],"picked":"Escape Plan+1","floor":40},{"not_picked":["Backflip","Catalyst+1"],"picked":"Quick Slash+1","floor":41},{"not_picked":["Deflect","Slice+1"],"picked":"Die Die Die+1","floor":44},{"not_picked":["Deflect","PiercingWail+1"],"picked":"Poisoned Stab+1","floor":45},{"not_picked":["Quick Slash+1","Blur"],"picked":"Dagger Throw+1","floor":46},{"not_picked":["Deflect+1","Predator+1"],"picked":"Dagger Throw+1","floor":47},{"not_picked":["Poisoned Stab+1","Blade Dance+1"],"picked":"Underhanded Strike+1","floor":49}],"player_experience":21777,"relics_obtained":[{"floor":8,"key":"Snake Skull"},{"floor":9,"key":"Centennial Puzzle"},{"floor":12,"key":"Molten Egg 2"},{"floor":23,"key":"Dream Catcher"},{"floor":26,"key":"The Specimen"},{"floor":37,"key":"Tingsha"},{"floor":41,"key":"Anchor"},{"floor":43,"key":"Dodecahedron"}],"event_choices":[{"damage_healed":0,"gold_gain":0,"player_choice":"Box","damage_taken":0,"relics_obtained":["Bag of Marbles"],"max_hp_gain":0,"max_hp_loss":0,"event_name":"Big Fish","floor":5,"gold_loss":0,"cards_obtained":["Regret"]},{"damage_healed":0,"gold_gain":72,"player_choice":"Gained Gold","damage_taken":0,"max_hp_gain":0,"max_hp_loss":0,"event_name":"Golden Wing","floor":10,"gold_loss":0},{"damage_healed":0,"gold_gain":0,"player_choice":"Read","damage_taken":0,"max_hp_gain":0,"max_hp_loss":0,"event_name":"The Library","floor":19,"gold_loss":0,"cards_obtained":["Backstab"]},{"damage_healed":0,"gold_gain":0,"player_choice":"Obtained Relic","damage_taken":0,"relics_obtained":["Smiling Mask"],"max_hp_gain":0,"max_hp_loss":0,"event_name":"Addict","floor":20,"gold_loss":85},{"damage_healed":0,"gold_gain":0,"player_choice":"Joined the Cult","damage_taken":6,"max_hp_gain":0,"max_hp_loss":0,"event_name":"Nest","floor":25,"gold_loss":0,"cards_obtained":["RitualDagger"]},{"damage_healed":0,"gold_gain":0,"player_choice":"Ignored","damage_taken":0,"max_hp_gain":0,"max_hp_loss":0,"event_name":"Beggar","floor":31,"gold_loss":0},{"cards_removed":["Well Laid Plans"],"damage_healed":0,"gold_gain":0,"player_choice":"Removed Power","damage_taken":0,"max_hp_gain":0,"max_hp_loss":0,"event_name":"Falling","floor":36,"gold_loss":0},{"damage_healed":0,"gold_gain":0,"player_choice":"Fight","damage_taken":0,"max_hp_gain":0,"max_hp_loss":0,"event_name":"MindBloom","floor":37,"gold_loss":0},{"cards_removed":["Defend_G"],"damage_healed":0,"gold_gain":0,"player_choice":"Card Removal","damage_taken":0,"max_hp_gain":0,"max_hp_loss":0,"event_name":"Wheel of Change","floor":42,"gold_loss":0},{"damage_healed":0,"gold_gain":0,"player_choice":"Gave Potion","damage_taken":0,"relics_obtained":["Lantern"],"max_hp_gain":0,"max_hp_loss":0,"event_name":"WeMeetAgain","floor":48,"gold_loss":0}],"is_beta":false,"boss_relics":[{"not_picked":["Busted Crown","Orrery"],"picked":"Sozu"},{"not_picked":["Empty Cage","HoveringKite"],"picked":"WristBlade"}],"items_purged_floors":[],"is_endless":false,"potions_floor_spawned":[2,3,7,14,16,27,30,35,41],"killed_by":"Time Eater","ascension_level":0}