{"gold_per_floor":[111,131,146,146,161,190,203,228,228,245,267,267,280,455,455,558,558,574,574,425,471,746,746,758,776,799,809,824,824,835,308,308,403,403,415,415,428,428,528,528,542,542,567,135,152,165,198,48,48,48],"floor_reached":51,"playtime":3402,"items_purged":["Strike_B","Regret","Doubt","Strike_B"],"score":791,"play_id":"44f255ce-9959-42eb-b2c9-20da78a5ce04","local_time":"20190225145745","is_ascension_mode":false,"campfire_choices":[{"data":"Machine Learning","floor":12.0,"key":"SMITH"},{"floor":15.0,"key":"REST"},{"data":"Buffer","floor":23.0,"key":"SMITH"},{"floor":29.0,"key":"REST"},{"floor":32.0,"key":"REST"},{"data":"Bandage Up","floor":40.0,"key":"SMITH"},{"data":"Fission","floor":42.0,"key":"SMITH"},{"data":"Biased Cognition","floor":49.0,"key":"SMITH"}],"neow_cost":"TEN_PERCENT_HP_LOSS","seed_source_timestamp":42506249148883,"circlet_count":0,"master_deck":["Strike_B","Strike_B","Defend_B","Defend_B","Defend_B+1","Defend_B+1","Zap","Dualcast","Buffer+1","Glacier+1","Consume+1","Ball Lightning","Leap","Machine Learning+1","Reinforced Body","Auto Shields","Echo Form","Reinforced Body","Echo Form","Coolheaded+1","Ball Lightning+1","Defragment","Fission+1","Bandage Up+1","Conserve Battery+1","Ball Lightning+1","Defragment","Biased Cognition+1"],"special_seed":0,"relics":["Cracked Core","PreservedInsect","War Paint","Vajra","Odd Mushroom","Snecko Eye","Orichalcum","Boot","Regal Pillow","Potion Belt","Nuclear Battery","Girya","Bag of Marbles","Bag of Preparation","Anchor","Dream Catcher"],"potions_floor_usage":[50,50,50,50],"damage_taken":[{"damage":1.0,"enemies":"2 Louse","floor":1.0,"turns":3.0},{"damage":1.0,"enemies":"Jaw Worm","floor":2.0,"turns":6.0},{"damage":0.0,"enemies":"Small Slimes","floor":3.0,"turns":3.0},{"damage":2.0,"enemies":"Looter","floor":5.0,"turns":3.0},{"damage":0.0,"enemies":"Gremlin Nob","floor":6.0,"turns":5.0},{"damage":1.0,"enemies":"Exordium Thugs","floor":7.0,"turns":4.0},{"damage":5.0,"enemies":"3 Sentries","floor":8.0,"turns":6.0},{"damage":4.0,"enemies":"3 Louse","floor":10.0,"turns":4.0},{"damage":16.0,"enemies":"The Mushroom Lair","floor":11.0,"turns":4.0},{"damage":0.0,"enemies":"Red Slaver","floor":13.0,"turns":3.0},{"damage":5.0,"enemies":"Hexaghost","floor":16.0,"turns":16.0},{"damage":9.0,"enemies":"Spheric Guardian","floor":18.0,"turns":4.0},{"damage":4.0,"enemies":"3 Byrds","floor":24.0,"turns":7.0},{"damage":2.0,"enemies":"Snecko","floor":25.0,"turns":5.0},{"damage":25.0,"enemies":"Shelled Parasite and Fungi","floor":27.0,"turns":9.0},{"damage":22.0,"enemies":"Cultist and Chosen","floor":28.0,"turns":11.0},{"damage":0.0,"enemies":"3 Cultists","floor":30.0,"turns":7.0},{"damage":20.0,"enemies":"Champ","floor":33.0,"turns":12.0},{"damage":12.0,"enemies":"3 Shapes","floor":35.0,"turns":4.0},{"damage":17.0,"enemies":"Orb Walker","floor":37.0,"turns":5.0},{"damage":0.0,"enemies":"Mind Bloom Boss Battle","floor":39.0,"turns":10.0},{"damage":7.0,"enemies":"Sphere and 2 Shapes","floor":41.0,"turns":11.0},{"damage":0.0,"enemies":"Maw","floor":45.0,"turns":8.0},{"damage":0.0,"enemies":"3 Darklings","floor":46.0,"turns":5.0},{"damage":0.0,"enemies":"Nemesis","floor":47.0,"turns":4.0},{"damage":0,"enemies":"Time Eater","floor":50,"turns":11}],"seed_played":"-9004359406239470876","potions_obtained":[{"floor":6.0,"key":"Weak Potion"},{"floor":7.0,"key":"GamblersBrew"},{"floor":8.0,"key":"Dexterity Potion"},{"floor":18.0,"key":"FearPotion"},{"floor":28.0,"key":"FearPotion"},{"floor":33.0,"key":"Weak Potion"},{"floor":35.0,"key":"Ancient Potion"},{"floor":37.0,"key":"Dexterity Potion"},{"floor":47.0,"key":"SpeedPotion"}],"is_trial":false,"path_per_floor":["M","M","M","?","M","E","M","E","T","M","?","R","M","?","R","B",null,"M","?","$","T","?","R","M","M","T","M","M","R","M","$","R","B",null,"M","?","M","?","?","R","M","R","T","$","M","M","E","$","R","B",null],"character_chosen":"DEFECT","items_purchased":["GamblersBrew","Regal Pillow","PowerPotion","Potion Belt","Defragment","Bag of Preparation","Anchor"],"campfire_rested":3,"item_purchase_floors":[20,31,31,31,31,44,44],"current_hp_per_floor":[67,66,66,52,50,50,49,44,44,40,24,24,24,24,44,39,68,59,59,59,59,59,59,55,53,53,28,6,26,26,26,61,41,68,56,56,47,47,55,55,60,60,60,60,66,66,66,66,66,66],"gold":48,"neow_bonus":"THREE_RARE_CARDS","is_prod":false,"is_daily":false,"chose_seed":false,"campfire_upgraded":5,"win_rate":0,"timestamp":1551095865,"path_taken":["M","M","M","?","M","E","M","E","T","M","?","R","M","?","R","BOSS","M","?","$","?","?","R","M","M","T","M","?","R","M","$","R","BOSS","M","?","M","?","?","R","M","R","T","?","M","M","E","$","R","BOSS"],"build_version":"2019-01-23","purchased_purges":4,"victory":true,"max_hp_per_floor":[68,68,68,68,68,68,68,68,68,68,68,68,68,68,68,68,68,68,68,68,68,68,68,68,68,68,68,68,68,68,68,68,68,68,68,68,68,68,68,68,68,68,68,68,68,68,68,68,68,68],"card_choices":[{"not_picked":["All For One","Meteor Strike"],"picked":"Buffer","floor":0.0},{"not_picked":["Rebound","Gash"],"picked":"Glacier","floor":1.0},{"not_picked":["Genetic Algorithm","Doom and Gloom"],"picked":"Consume","floor":2.0},{"not_picked":["Steam Power","Storm","White Noise"],"picked":"SKIP","floor":3.0},{"not_picked":["Chill","Cold Snap"],"picked":"Ball Lightning","floor":5.0},{"not_picked":["Glacier","Barrage","Blizzard"],"picked":"SKIP","floor":6.0},{"not_picked":["Streamline","Compile Driver"],"picked":"Leap","floor":7.0},{"not_picked":["Consume","Rebound"],"picked":"Machine Learning","floor":8.0},{"not_picked":["Rebound","Glacier","Undo"],"picked":"SKIP","floor":10.0},{"not_picked":["Lockon","Chill"],"picked":"Reinforced Body","floor":11.0},{"not_picked":["Streamline","Steam"],"picked":"Auto Shields","floor":13.0},{"not_picked":["Buffer","Hyperbeam"],"picked":"Echo Form","floor":16.0},{"not_picked":["Compile Driver","Scrape"],"picked":"Reinforced Body","floor":18.0},{"not_picked":["Tempest","Streamline+1","Turbo"],"picked":"SKIP","floor":24.0},{"not_picked":["Consume","Reinforced Body","Leap"],"picked":"SKIP","floor":25.0},{"not_picked":["Beam Cell","Cold Snap","Coolheaded+1"],"picked":"SKIP","floor":27.0},{"not_picked":["Beam Cell","Cold Snap"],"picked":"Coolheaded+1","floor":27.0},{"not_picked":["Undo","Rebound"],"picked":"Ball Lightning+1","floor":28.0},{"not_picked":["Chaos","Turbo","Blizzard"],"picked":"SKIP","floor":30.0},{"not_picked":["Hyperbeam","Multi-Cast"],"picked":"Fission","floor":33.0},{"not_picked":["Consume+1","Streamline","Gash"],"picked":"SKIP","floor":35.0},{"not_picked":["Transmutation","Mind Blast"],"picked":"Bandage Up","floor":36.0},{"not_picked":["Scrape+1","Rebound","Go for the Eyes"],"picked":"SKIP","floor":37.0},{"not_picked":["Genetic Algorithm+1","Undo"],"picked":"Conserve Battery+1","floor":39.0},{"not_picked":["Cold Snap+1","Stack+1"],"picked":"Ball Lightning+1","floor":41.0},{"not_picked":["Leap","Streamline+1"],"picked":"Defragment","floor":45.0},{"not_picked":["Cold Snap","Leap","Coolheaded+1"],"picked":"SKIP","floor":46.0},{"not_picked":["Sunder+1","Loop"],"picked":"Biased Cognition","floor":47.0}],"player_experience":886740,"relics_obtained":[{"floor":6.0,"key":"PreservedInsect"},{"floor":8.0,"key":"War Paint"},{"floor":9.0,"key":"Vajra"},{"floor":11.0,"key":"Odd Mushroom"},{"floor":21.0,"key":"Orichalcum"},{"floor":26.0,"key":"Boot"},{"floor":39.0,"key":"Girya"},{"floor":43.0,"key":"Bag of Marbles"},{"floor":47.0,"key":"Dream Catcher"}],"event_choices":[{"damage_healed":0.0,"max_hp_gain":0.0,"max_hp_loss":0.0,"gold_gain":0.0,"event_name":"Shining Light","player_choice":"Entered Light","floor":4.0,"gold_loss":0.0,"damage_taken":14.0,"cards_upgraded":["Defend_B","Consume"]},{"damage_healed":0.0,"max_hp_gain":0.0,"max_hp_loss":0.0,"gold_gain":0.0,"event_name":"Mushrooms","player_choice":"Fought Mushrooms","floor":11.0,"gold_loss":0.0,"damage_taken":0.0},{"damage_healed":0.0,"max_hp_gain":0.0,"max_hp_loss":0.0,"gold_gain":175.0,"event_name":"Liars Game","player_choice":"AGREE","floor":14.0,"gold_loss":0.0,"damage_taken":0.0,"cards_obtained":["Doubt"]},{"damage_healed":0.0,"max_hp_gain":0.0,"max_hp_loss":0.0,"gold_gain":0.0,"event_name":"Duplicator","player_choice":"Copied","floor":19.0,"gold_loss":0.0,"damage_taken":0.0,"cards_obtained":["Echo Form"]},{"damage_healed":0.0,"max_hp_gain":0.0,"max_hp_loss":0.0,"gold_gain":275.0,"event_name":"Golden Shrine","player_choice":"Desecrate","floor":22.0,"gold_loss":0.0,"damage_taken":0.0,"cards_obtained":["Regret"]},{"damage_healed":0.0,"max_hp_gain":0.0,"max_hp_loss":0.0,"gold_gain":0.0,"event_name":"SensoryStone","player_choice":"Memory 1","floor":36.0,"gold_loss":0.0,"damage_taken":0.0},{"damage_healed":0.0,"max_hp_gain":0.0,"max_hp_loss":0.0,"gold_gain":0.0,"event_name":"Mysterious Sphere","player_choice":"Ignored","floor":38.0,"gold_loss":0.0,"damage_taken":0.0},{"damage_healed":0.0,"max_hp_gain":0.0,"max_hp_loss":0.0,"gold_gain":0.0,"event_name":"MindBloom","player_choice":"Fight","floor":39.0,"gold_loss":0.0,"damage_taken":0.0}],"is_beta":false,"boss_relics":[{"not_picked":["Astrolabe","Orrery"],"picked":"Snecko Eye"},{"not_picked":["Runic Pyramid","Empty Cage"],"picked":"Nuclear Battery"}],"items_purged_floors":[20,31,44,48],"is_endless":false,"potions_floor_spawned":[6,7,8,10,11,18,25,28,33,35,37,39,47],"ascension_level":0}