{"gold_per_floor":[116,44,59,59,59,91,91,123,173,173,188,65,96,114,114,215,215,227,242,272,291,116,142,158,173,220,220,253,272,113,113,113,209,209,220,230,230,31,47,47,59,84,84,84,114,64,110,130,130,130,130,130,80,113,113],"floor_reached":56,"playtime":3284,"items_purged":["Strike_B","Strike_B","Strike_B+1","Hyperbeam","Dualcast","Defend_B"],"score":1540,"play_id":"0e6badc1-11e2-4650-b6ab-0ef92a50d29d","local_time":"20190309154423","is_ascension_mode":false,"campfire_choices":[{"data":"Creative AI","floor":7.0,"key":"SMITH"},{"data":"Creative AI","floor":10.0,"key":"SMITH"},{"data":"Defragment","floor":15.0,"key":"SMITH"},{"data":"Amplify","floor":27.0,"key":"SMITH"},{"data":"Buffer","floor":32.0,"key":"SMITH"},{"floor":40.0,"key":"RECALL"},{"data":"Heatsinks","floor":44.0,"key":"SMITH"},{"data":"Buffer","floor":49.0,"key":"SMITH"},{"data":"Defragment","floor":52.0,"key":"SMITH"}],"neow_cost":"NONE","seed_source_timestamp":0,"circlet_count":0,"master_deck":["Defend_B","Zap","Defragment+1","BootSequence","Creative AI+1","Creative AI+1","Defragment+1","Heatsinks+1","Amplify+1","Capacitor+1","Self Repair+1","Force Field","Reinforced Body","Capacitor","Buffer+1","Heatsinks","FTL","Buffer+1","Storm+1","Storm","Mayhem","Heatsinks+1","Heatsinks+1"],"special_seed":0,"relics":["Cracked Core","NeowsBlessing","Lantern","Blood Vial","Bag of Preparation","Mummified Hand","Philosopher\u0027s Stone","Red Mask","Ornamental Fan","Whetstone","Coffee Dripper","Vajra","Calipers","Smiling Mask","Mango","Shuriken"],"potions_floor_usage":[55,55,55],"damage_taken":[{"damage":0.0,"enemies":"2 Louse","floor":1.0,"turns":1.0},{"damage":0.0,"enemies":"Cultist","floor":3.0,"turns":1.0},{"damage":0.0,"enemies":"Gremlin Nob","floor":6.0,"turns":1.0},{"damage":3.0,"enemies":"Lagavulin","floor":8.0,"turns":7.0},{"damage":0.0,"enemies":"Jaw Worm","floor":11.0,"turns":3.0},{"damage":8.0,"enemies":"Gremlin Nob","floor":13.0,"turns":5.0},{"damage":0.0,"enemies":"Looter","floor":14.0,"turns":2.0},{"damage":19.0,"enemies":"Hexaghost","floor":16.0,"turns":8.0},{"damage":14.0,"enemies":"3 Byrds","floor":18.0,"turns":3.0},{"damage":0.0,"enemies":"Chosen","floor":19.0,"turns":3.0},{"damage":26.0,"enemies":"Masked Bandits","floor":20.0,"turns":5.0},{"damage":20.0,"enemies":"Sentry and Sphere","floor":21.0,"turns":4.0},{"damage":17.0,"enemies":"Slavers","floor":23.0,"turns":4.0},{"damage":11.0,"enemies":"Snake Plant","floor":24.0,"turns":4.0},{"damage":12.0,"enemies":"3 Cultists","floor":25.0,"turns":5.0},{"damage":26.0,"enemies":"Gremlin Leader","floor":28.0,"turns":4.0},{"damage":25.0,"enemies":"Snecko","floor":29.0,"turns":6.0},{"damage":0.0,"enemies":"Collector","floor":33.0,"turns":4.0},{"damage":0.0,"enemies":"3 Shapes","floor":35.0,"turns":3.0},{"damage":0.0,"enemies":"3 Darklings","floor":36.0,"turns":2.0},{"damage":3.0,"enemies":"Writhing Mass","floor":39.0,"turns":2.0},{"damage":0.0,"enemies":"Jaw Worm Horde","floor":41.0,"turns":2.0},{"damage":0.0,"enemies":"Giant Head","floor":42.0,"turns":3.0},{"damage":4.0,"enemies":"Reptomancer","floor":45.0,"turns":2.0},{"damage":0.0,"enemies":"2 Orb Walkers","floor":47.0,"turns":2.0},{"damage":0.0,"enemies":"Spire Growth","floor":48.0,"turns":2.0},{"damage":0.0,"enemies":"Time Eater","floor":50.0,"turns":3.0},{"damage":0.0,"enemies":"Shield and Spear","floor":54.0,"turns":2.0},{"damage":0,"enemies":"The Heart","floor":55,"turns":4}],"seed_played":"-4005837701628725740","potions_obtained":[{"floor":6.0,"key":"Weak Potion"},{"floor":13.0,"key":"EssenceOfSteel"},{"floor":14.0,"key":"LiquidBronze"},{"floor":16.0,"key":"SkillPotion"},{"floor":18.0,"key":"Regen Potion"},{"floor":25.0,"key":"Energy Potion"},{"floor":28.0,"key":"PowerPotion"},{"floor":42.0,"key":"Block Potion"},{"floor":47.0,"key":"Swift Potion"}],"is_trial":false,"path_per_floor":["M","$","M","?","?","E","R","E","T","R","M","$","E","M","R","B",null,"M","M","?","M","$","E","M","M","T","R","E","M","$","?","R","B",null,"M","M","?","$","M","R","M","E","T","R","E","$","?","M","R","B",null,"R","$","E","B",null],"character_chosen":"DEFECT","items_purchased":["Defragment","Block Potion","Force Field","Heatsinks","PowerPotion"],"campfire_rested":0,"item_purchase_floors":[2,12,22,30,38],"current_hp_per_floor":[75,75,75,68,68,68,68,65,65,65,67,67,61,63,63,46,75,61,63,39,31,31,48,49,59,59,59,55,52,52,52,52,64,75,75,75,65,65,74,74,75,75,75,75,75,75,89,89,89,89,89,89,89,89,89],"gold":113,"neow_bonus":"THREE_ENEMY_KILL","is_prod":false,"is_daily":false,"chose_seed":false,"campfire_upgraded":8,"win_rate":0,"timestamp":1552135463,"path_taken":["M","$","M","?","?","E","R","E","T","R","?","$","E","M","R","BOSS","M","?","?","M","$","E","M","M","T","R","E","M","$","?","R","BOSS","M","M","?","$","M","R","M","E","T","R","E","$","?","M","R","BOSS","R","$","E","BOSS"],"build_version":"2019-01-23","purchased_purges":6,"victory":true,"max_hp_per_floor":[75,75,75,75,75,75,75,75,75,75,75,75,75,75,75,75,75,75,75,75,75,75,75,75,75,75,75,75,75,75,75,75,75,75,75,75,75,75,75,75,75,75,75,75,75,75,89,89,89,89,89,89,89,89,89],"card_choices":[{"not_picked":["Compile Driver","Sweeping Beam","Stack"],"picked":"SKIP","floor":1.0},{"not_picked":["Compile Driver","Sweeping Beam","Stack"],"picked":"SKIP","floor":1.0},{"not_picked":["Beam Cell","Steam"],"picked":"BootSequence","floor":3.0},{"not_picked":["Conserve Battery","Glacier","Stack"],"picked":"SKIP","floor":6.0},{"not_picked":["Rip and Tear","Tempest"],"picked":"Creative AI","floor":8.0},{"not_picked":["Lockon","Compile Driver","Consume"],"picked":"SKIP","floor":11.0},{"not_picked":["Redo","Steam"],"picked":"Defragment","floor":13.0},{"not_picked":["Steam","Redo"],"picked":"Heatsinks","floor":14.0},{"not_picked":["Multi-Cast","Thunder Strike"],"picked":"Amplify","floor":16.0},{"not_picked":["Cold Snap","Go for the Eyes","Steam"],"picked":"SKIP","floor":18.0},{"not_picked":["Hologram","FTL"],"picked":"Capacitor+1","floor":19.0},{"not_picked":["Steam","Redo"],"picked":"Self Repair+1","floor":20.0},{"not_picked":["Lockon","Glacier","Fusion"],"picked":"SKIP","floor":21.0},{"not_picked":["Rainbow","BootSequence","Skim+1"],"picked":"SKIP","floor":23.0},{"not_picked":["Redo","Heatsinks"],"picked":"Reinforced Body","floor":24.0},{"not_picked":["Streamline","Cold Snap"],"picked":"Capacitor","floor":25.0},{"not_picked":["Steam+1","Stack+1","Leap+1"],"picked":"SKIP","floor":28.0},{"not_picked":["Cold Snap+1","Gash"],"picked":"Buffer","floor":29.0},{"not_picked":["Multi-Cast","All For One"],"picked":"Buffer","floor":33.0},{"not_picked":["Sweeping Beam+1","Compile Driver"],"picked":"Storm+1","floor":35.0},{"not_picked":["Compile Driver+1","Ball Lightning"],"picked":"Storm","floor":36.0},{"not_picked":["Deep Breath","Enlightenment"],"picked":"Mayhem","floor":37.0},{"not_picked":["Compile Driver+1","Leap+1","Cold Snap"],"picked":"SKIP","floor":39.0},{"not_picked":["Ball Lightning+1","Darkness+1","Reinforced Body"],"picked":"SKIP","floor":41.0},{"not_picked":["Hologram","Rip and Tear","Tempest"],"picked":"SKIP","floor":42.0},{"not_picked":["All For One","Steam"],"picked":"Heatsinks+1","floor":45.0},{"not_picked":["Ball Lightning+1","Rebound+1","Coolheaded+1"],"picked":"SKIP","floor":48.0},{"not_picked":["Turbo+1","Streamline"],"picked":"Heatsinks+1","floor":54.0}],"player_experience":970993,"relics_obtained":[{"floor":6.0,"key":"Lantern"},{"floor":8.0,"key":"Blood Vial"},{"floor":9.0,"key":"Bag of Preparation"},{"floor":13.0,"key":"Mummified Hand"},{"floor":20.0,"key":"Red Mask"},{"floor":23.0,"key":"Ornamental Fan"},{"floor":28.0,"key":"Whetstone"},{"floor":42.0,"key":"Vajra"},{"floor":43.0,"key":"Calipers"},{"floor":45.0,"key":"Smiling Mask"},{"floor":47.0,"key":"Mango"},{"floor":54.0,"key":"Shuriken"}],"event_choices":[{"cards_removed":["Defend_B"],"damage_healed":0.0,"max_hp_gain":0.0,"max_hp_loss":0.0,"gold_gain":0.0,"event_name":"Golden Wing","player_choice":"Card Removal","floor":4.0,"gold_loss":0.0,"damage_taken":7.0},{"damage_healed":0.0,"max_hp_gain":0.0,"max_hp_loss":0.0,"gold_gain":0.0,"event_name":"Match and Keep!","player_choice":"1 cards matched","floor":5.0,"gold_loss":0.0,"damage_taken":0.0,"cards_obtained":["Creative AI"]},{"damage_healed":0.0,"max_hp_gain":0.0,"max_hp_loss":0.0,"gold_gain":0.0,"event_name":"Masked Bandits","player_choice":"Fought Bandits","floor":20.0,"gold_loss":0.0,"damage_taken":0.0},{"damage_healed":0.0,"max_hp_gain":0.0,"max_hp_loss":0.0,"gold_gain":0.0,"cards_transformed":["Strike_B","Defend_B"],"event_name":"Drug Dealer","player_choice":"Became Test Subject","floor":31.0,"gold_loss":0.0,"damage_taken":0.0,"cards_obtained":["Hyperbeam","FTL"]},{"damage_healed":0.0,"max_hp_gain":0.0,"max_hp_loss":0.0,"gold_gain":0.0,"event_name":"SensoryStone","player_choice":"Memory 3","floor":37.0,"gold_loss":0.0,"damage_taken":10.0},{"damage_healed":0.0,"max_hp_gain":0.0,"max_hp_loss":0.0,"gold_gain":0.0,"event_name":"Mysterious Sphere","player_choice":"Fight","floor":47.0,"gold_loss":0.0,"damage_taken":0.0}],"is_beta":false,"boss_relics":[{"not_picked":["Black Star","Runic Pyramid"],"picked":"Philosopher\u0027s Stone"},{"not_picked":["Velvet Choker","Cursed Key"],"picked":"Coffee Dripper"}],"items_purged_floors":[12,22,30,38,46,53],"is_endless":false,"potions_floor_spawned":[6,13,14,16,18,25,28,39,41,42,47,54],"ascension_level":0}