{"gold_per_floor":[145,95,95,106,116,116,41,41,41,53,82,106,106,187,187,282,282,297,149,149,424,448,448,95,115,115,115,125,125,143,163,163,259,259,271,271,289,0,15,45,45,61,61,61,74,92,112,126,126,126],"floor_reached":51,"playtime":2597,"items_purged":["Defend_R","Strike_R","Regret"],"score":729,"play_id":"462bf496-5461-4e0b-b98a-6ec5825a478a","local_time":"20181101230723","is_ascension_mode":false,"campfire_choices":[{"data":"True Grit","floor":6,"key":"SMITH"},{"data":"Rage","floor":8,"key":"SMITH"},{"data":"Battle Trance","floor":13,"key":"SMITH"},{"data":"Flex","floor":15,"key":"SMITH"},{"data":"Barricade","floor":23,"key":"SMITH"},{"data":"Entrench","floor":27,"key":"SMITH"},{"data":"Body Slam","floor":29,"key":"SMITH"},{"floor":32,"key":"REST"},{"data":"Double Tap","floor":41,"key":"SMITH"},{"data":"Madness","floor":44,"key":"SMITH"},{"floor":49,"key":"REST"}],"neow_cost":"NONE","seed_source_timestamp":12302071891432,"circlet_count":0,"master_deck":["Strike_R","Strike_R","Defend_R","Bash+1","Whirlwind","Rage+1","True Grit+1","Body Slam+1","Battle Trance+1","Flex+1","Barricade+1","Wild Strike+1","Twin Strike+1","Clash+1","Shrug It Off","Rage+1","Entrench+1","Evolve+1","Body Slam+1","Double Tap+1","Madness+1","Madness"],"relics":["Burning Blood","Tiny Chest","Potion Belt","Vajra","Odd Mushroom","Pear","Astrolabe","Happy Flower","Bag of Preparation","Meat on the Bone","Busted Crown","Red Mask","Du-Vu Doll","Orichalcum"],"potions_floor_usage":[11,50,50,50,50,50],"damage_taken":[{"damage":9,"enemies":"Small Slimes","floor":1,"turns":5},{"damage":0,"enemies":"2 Louse","floor":4,"turns":1},{"damage":3,"enemies":"Cultist","floor":5,"turns":3},{"damage":1,"enemies":"Looter","floor":10,"turns":3},{"damage":18,"enemies":"Lagavulin","floor":11,"turns":5},{"damage":1,"enemies":"The Mushroom Lair","floor":12,"turns":3},{"damage":35,"enemies":"The Guardian","floor":16,"turns":14},{"damage":0,"enemies":"Chosen","floor":18,"turns":3},{"damage":10,"enemies":"2 Thieves","floor":25,"turns":4},{"damage":2,"enemies":"Snake Plant","floor":28,"turns":4},{"damage":0,"enemies":"Cultist and Chosen","floor":30,"turns":5},{"damage":44,"enemies":"Snecko","floor":31,"turns":7},{"damage":19,"enemies":"Champ","floor":33,"turns":7},{"damage":3,"enemies":"3 Shapes","floor":35,"turns":3},{"damage":14,"enemies":"3 Darklings","floor":37,"turns":5},{"damage":5,"enemies":"Maw","floor":39,"turns":7},{"damage":3,"enemies":"Giant Head","floor":40,"turns":7},{"damage":0,"enemies":"Jaw Worm Horde","floor":42,"turns":4},{"damage":0,"enemies":"4 Shapes","floor":45,"turns":3},{"damage":16,"enemies":"Writhing Mass","floor":46,"turns":3},{"damage":43,"enemies":"Jaw Worm Horde","floor":47,"turns":6},{"damage":24,"enemies":"3 Darklings","floor":48,"turns":6},{"damage":11,"enemies":"Donu and Deca","floor":50,"turns":7}],"seed_played":"-8343157215304583406","potions_obtained":[{"floor":1,"key":"Explosive Potion"},{"floor":4,"key":"SteroidPotion"},{"floor":25,"key":"Block Potion"},{"floor":30,"key":"EssenceOfSteel"},{"floor":40,"key":"Dexterity Potion"},{"floor":42,"key":"EssenceOfSteel"}],"is_trial":false,"path_per_floor":["M","?","?","M","M","R","$","R","T","M","E","?","R","T","R","B",null,"M","$","?","?","T","R","$","M","T","R","M","R","M","M","R","B",null,"M","?","M","?","M","E","R","M","T","R","M","M","M","M","R","B"],"character_chosen":"IRONCLAD","items_purchased":["Dexterity Potion","Entrench","Bag of Preparation"],"campfire_rested":2,"item_purchase_floors":[19,24,24],"current_hp_per_floor":[77,77,77,80,80,80,80,80,80,80,68,73,73,83,83,54,90,90,90,90,90,90,90,90,86,86,86,90,90,90,52,79,66,90,90,79,71,71,72,75,75,81,81,81,87,77,52,46,73,68],"gold":126,"neow_bonus":"RANDOM_COMMON_RELIC","is_prod":false,"is_daily":false,"chose_seed":false,"campfire_upgraded":9,"win_rate":0,"timestamp":1541102843,"path_taken":["M","?","?","M","?","R","?","R","T","?","E","?","R","?","R","BOSS","M","$","?","?","?","R","$","M","T","R","M","R","M","?","R","BOSS","M","?","?","?","M","E","R","M","T","R","M","M","M","M","R","BOSS"],"build_version":"2018-10-25v2","purchased_purges":3,"victory":true,"max_hp_per_floor":[80,80,80,80,80,80,80,80,80,80,80,80,80,90,90,90,90,90,90,90,90,90,90,90,90,90,90,90,90,90,90,90,90,90,90,90,90,90,90,90,90,90,90,90,90,90,90,90,90,90],"card_choices":[{"not_picked":["Feel No Pain","Iron Wave"],"picked":"Whirlwind","floor":1},{"not_picked":["Perfected Strike","Heavy Blade"],"picked":"Rage","floor":4},{"not_picked":["Combust","Havoc"],"picked":"True Grit","floor":5},{"not_picked":["Cleave","Headbutt"],"picked":"Body Slam","floor":10},{"not_picked":["Intimidate","Iron Wave"],"picked":"Battle Trance","floor":11},{"not_picked":["Intimidate","Clash"],"picked":"Flex","floor":12},{"not_picked":["Dark Embrace","Feed"],"picked":"Barricade","floor":16},{"not_picked":["Thunderclap","Warcry"],"picked":"Shrug It Off","floor":18},{"not_picked":["Wild Strike","Heavy Blade","Feel No Pain+1"],"picked":"SKIP","floor":25},{"not_picked":["Disarm+1","Intimidate"],"picked":"Evolve+1","floor":28},{"not_picked":["Anger","Sword Boomerang","Combust"],"picked":"SKIP","floor":30},{"not_picked":["Perfected Strike","Twin Strike"],"picked":"Body Slam+1","floor":31},{"not_picked":["Exhume","Feed"],"picked":"Double Tap","floor":33},{"not_picked":["Whirlwind"],"picked":"SKIP","floor":35},{"not_picked":["Disarm+1"],"picked":"SKIP","floor":37},{"not_picked":["Perfected Strike"],"picked":"SKIP","floor":39},{"not_picked":["Uppercut+1"],"picked":"SKIP","floor":40},{"not_picked":["Dual Wield+1"],"picked":"SKIP","floor":42},{"not_picked":["Iron Wave"],"picked":"SKIP","floor":45},{"not_picked":["Rupture"],"picked":"SKIP","floor":46},{"not_picked":["Wild Strike+1"],"picked":"SKIP","floor":47},{"not_picked":["Bloodletting"],"picked":"SKIP","floor":48}],"player_experience":128686,"relics_obtained":[{"floor":9,"key":"Potion Belt"},{"floor":11,"key":"Vajra"},{"floor":12,"key":"Odd Mushroom"},{"floor":14,"key":"Pear"},{"floor":22,"key":"Happy Flower"},{"floor":26,"key":"Meat on the Bone"},{"floor":40,"key":"Du-Vu Doll"},{"floor":43,"key":"Orichalcum"}],"event_choices":[{"cards_removed":["Strike_R"],"damage_healed":0,"gold_gain":0,"player_choice":"Card Removal","damage_taken":0,"max_hp_gain":0,"max_hp_loss":0,"event_name":"The Cleric","floor":2,"gold_loss":50},{"damage_healed":0,"gold_gain":0,"player_choice":"Upgraded","damage_taken":0,"max_hp_gain":0,"max_hp_loss":0,"event_name":"Upgrade Shrine","floor":3,"gold_loss":0,"cards_upgraded":["Bash"]},{"damage_healed":0,"gold_gain":0,"player_choice":"Fought Mushrooms","damage_taken":0,"max_hp_gain":0,"max_hp_loss":0,"event_name":"Mushrooms","floor":12,"gold_loss":0},{"damage_healed":0,"gold_gain":0,"player_choice":"Copied","damage_taken":0,"max_hp_gain":0,"max_hp_loss":0,"event_name":"Duplicator","floor":20,"gold_loss":0,"cards_obtained":["Rage"]},{"damage_healed":0,"gold_gain":275,"player_choice":"Desecrate","damage_taken":0,"max_hp_gain":0,"max_hp_loss":0,"event_name":"Golden Shrine","floor":21,"gold_loss":0,"cards_obtained":["Regret"]},{"damage_healed":0,"gold_gain":0,"player_choice":"Embrace Madness","damage_taken":11,"max_hp_gain":0,"max_hp_loss":0,"event_name":"Winding Halls","floor":36,"gold_loss":0,"cards_obtained":["Madness","Madness"]},{"damage_healed":0,"gold_gain":0,"player_choice":"Paid","damage_taken":0,"relics_obtained":["Red Mask"],"max_hp_gain":0,"max_hp_loss":0,"event_name":"Tomb of Lord Red Mask","floor":38,"gold_loss":289}],"is_beta":false,"boss_relics":[{"not_picked":["Tiny House","Fusion Hammer"],"picked":"Astrolabe"},{"not_picked":["Lizard Tail","Coffee Dripper"],"picked":"Busted Crown"}],"items_purged_floors":[7,19,24],"is_endless":false,"potions_floor_spawned":[1,4,25,30,40,42,45,46,48],"ascension_level":0}