{"gold_per_floor":[110,110,110,285,300,329,329,355,355,127,127,127],"floor_reached":12,"playtime":544,"items_purged":["Doubt"],"score":89,"play_id":"9e847901-81eb-4a04-a60a-9be411ca7744","local_time":"20190112191550","is_ascension_mode":true,"campfire_choices":[{"data":"Infernal Blade","floor":7,"key":"SMITH"},{"data":"Warcry","floor":11,"key":"SMITH"}],"neow_cost":"NONE","seed_source_timestamp":82994973436843,"circlet_count":0,"master_deck":["Strike_R","Strike_R","Strike_R","Strike_R","Strike_R","Defend_R","Defend_R","Defend_R","Defend_R","Bash","Forethought","Iron Wave","Regret","Infernal Blade+1","Rage","Warcry+1"],"relics":["Burning Blood","Du-Vu Doll","Question Card","FossilizedHelix","Odd Mushroom","Orichalcum"],"potions_floor_usage":[6],"damage_taken":[{"damage":4,"enemies":"2 Louse","floor":1,"turns":3},{"damage":4,"enemies":"Jaw Worm","floor":5,"turns":5},{"damage":19,"enemies":"3 Sentries","floor":6,"turns":6},{"damage":26,"enemies":"The Mushroom Lair","floor":8,"turns":6},{"damage":34,"enemies":"Lagavulin","floor":12,"turns":6}],"seed_played":"2840490821470937985","potions_obtained":[{"floor":1,"key":"AttackPotion"}],"is_trial":false,"path_per_floor":["M","?","?","?","M","E","R","?","T","$","R","E"],"character_chosen":"IRONCLAD","items_purchased":["Orichalcum"],"campfire_rested":0,"item_purchase_floors":[10],"current_hp_per_floor":[80,80,62,62,64,51,51,31,31,31,31,0],"gold":127,"neow_bonus":"RANDOM_COLORLESS","is_prod":false,"is_daily":false,"chose_seed":false,"campfire_upgraded":2,"win_rate":0,"timestamp":1547291750,"path_taken":["M","?","?","?","?","E","R","?","T","?","R","E"],"build_version":"2019-01-10","purchased_purges":1,"victory":false,"max_hp_per_floor":[80,80,80,80,80,80,80,80,80,80,80,80],"card_choices":[{"not_picked":["Perfected Strike","Flex"],"picked":"Iron Wave","floor":1},{"not_picked":["Whirlwind","Body Slam","Bloodletting"],"picked":"Infernal Blade","floor":5},{"not_picked":["Bloodletting","True Grit","Pommel Strike"],"picked":"Rage","floor":6},{"not_picked":["True Grit","Havoc","Sword Boomerang"],"picked":"Warcry","floor":8}],"player_experience":137267,"relics_obtained":[{"floor":6,"key":"FossilizedHelix"},{"floor":8,"key":"Odd Mushroom"}],"event_choices":[{"damage_healed":0,"gold_gain":0,"player_choice":"Box","damage_taken":0,"relics_obtained":["Du-Vu Doll"],"max_hp_gain":0,"max_hp_loss":0,"event_name":"Big Fish","floor":2,"gold_loss":0,"cards_obtained":["Regret"]},{"damage_healed":0,"gold_gain":0,"player_choice":"Success","damage_taken":18,"relics_obtained":["Question Card"],"max_hp_gain":0,"max_hp_loss":0,"event_name":"Scrap Ooze","floor":3,"gold_loss":0},{"damage_healed":0,"gold_gain":175,"player_choice":"AGREE","damage_taken":0,"max_hp_gain":0,"max_hp_loss":0,"event_name":"Liars Game","floor":4,"gold_loss":0,"cards_obtained":["Doubt"]},{"damage_healed":0,"gold_gain":0,"player_choice":"Fought Mushrooms","damage_taken":0,"max_hp_gain":0,"max_hp_loss":0,"event_name":"Mushrooms","floor":8,"gold_loss":0}],"is_beta":false,"boss_relics":[],"items_purged_floors":[10],"is_endless":false,"potions_floor_spawned":[1],"killed_by":"Lagavulin","ascension_level":4}