{"gold_per_floor":[112,132,143,143,161,191,191,223,235,266,290,320,351,380,392,505,517,547,559,582,604,633,645,668,696,708,19,19,33,52,52,52,149,149,169,181,198,298,316,316,316,316,316,332,343,376,388,405,405,405],"floor_reached":51,"playtime":6254,"items_purged":[],"score":780,"play_id":"607c316e-4d7f-424b-b05f-4853f0f53b60","local_time":"20190105164143","is_ascension_mode":false,"campfire_choices":[{"data":"Bouncing Flask","floor":15,"key":"SMITH"},{"floor":23,"key":"REST"},{"data":"Well Laid Plans","floor":28,"key":"SMITH"},{"floor":32,"key":"REST"},{"floor":40,"key":"REST"},{"data":"After Image","floor":42,"key":"SMITH"},{"floor":49,"key":"REST"}],"neow_cost":"NONE","seed_source_timestamp":152430130730087,"circlet_count":0,"master_deck":["Defend_G","Defend_G","Defend_G","Defend_G","Survivor","Neutralize+1","Bouncing Flask+1","Sucker Punch","Flying Knee","Dagger Throw+1","PiercingWail","Heel Hook","Well Laid Plans+1","Bouncing Flask+1","Blur+1","Cloak And Dagger+1","Poisoned Stab+1","Burst+1","All Out Attack","RitualDagger","Catalyst+1","Poisoned Stab+1","Backstab","Tactician+1","Crippling Poison+1","Discovery+1","Deadly Poison+1","Dagger Throw+1","After Image+1","After Image+1","Die Die Die+1","Quick Slash+1","Bouncing Flask+1","Cloak And Dagger+1","Acrobatics+1","Deadly Poison+1","Cloak And Dagger+1","PiercingWail+1","Well Laid Plans","Cloak And Dagger+1","Poisoned Stab+1","Tactician+1"],"relics":["Ring of the Snake","The Courier","Darkstone Periapt","MawBank","Toxic Egg 2","Empty Cage","Mummified Hand","Ginger","HandDrill","Whetstone","Bronze Scales","Astrolabe","Ice Cream","Meat on the Bone","Bag of Marbles"],"potions_floor_usage":[11,16,22,33,33,33,50,50,50],"damage_taken":[{"damage":0,"enemies":"Cultist","floor":1,"turns":4},{"damage":0,"enemies":"Jaw Worm","floor":2,"turns":4},{"damage":0,"enemies":"2 Louse","floor":3,"turns":2},{"damage":9,"enemies":"Exordium Thugs","floor":5,"turns":5},{"damage":6,"enemies":"Gremlin Nob","floor":6,"turns":4},{"damage":14,"enemies":"3 Sentries","floor":8,"turns":10},{"damage":3,"enemies":"Large Slime","floor":10,"turns":6},{"damage":17,"enemies":"Gremlin Gang","floor":11,"turns":6},{"damage":0,"enemies":"Looter","floor":12,"turns":3},{"damage":0,"enemies":"Red Slaver","floor":13,"turns":4},{"damage":3,"enemies":"2 Fungi Beasts","floor":14,"turns":4},{"damage":20,"enemies":"The Guardian","floor":16,"turns":8},{"damage":0,"enemies":"3 Byrds","floor":18,"turns":8},{"damage":3,"enemies":"Spheric Guardian","floor":20,"turns":6},{"damage":18,"enemies":"Snake Plant","floor":21,"turns":5},{"damage":15,"enemies":"Shelled Parasite and Fungi","floor":22,"turns":7},{"damage":1,"enemies":"3 Cultists","floor":24,"turns":5},{"damage":7,"enemies":"Cultist and Chosen","floor":25,"turns":6},{"damage":6,"enemies":"Snake Plant","floor":29,"turns":3},{"damage":0,"enemies":"Sentry and Sphere","floor":30,"turns":3},{"damage":54,"enemies":"Automaton","floor":33,"turns":8},{"damage":0,"enemies":"3 Shapes","floor":35,"turns":4},{"damage":8,"enemies":"3 Darklings","floor":36,"turns":3},{"damage":2,"enemies":"Writhing Mass","floor":37,"turns":3},{"damage":10,"enemies":"Mind Bloom Boss Battle","floor":38,"turns":6},{"damage":17,"enemies":"Sphere and 2 Shapes","floor":39,"turns":4},{"damage":15,"enemies":"Maw","floor":44,"turns":6},{"damage":13,"enemies":"4 Shapes","floor":45,"turns":4},{"damage":0,"enemies":"Giant Head","floor":46,"turns":6},{"damage":0,"enemies":"Spire Growth","floor":47,"turns":4},{"damage":1,"enemies":"Sphere and 2 Shapes","floor":48,"turns":1},{"damage":33,"enemies":"Donu and Deca","floor":50,"turns":9}],"seed_played":"-622822983559451793","potions_obtained":[{"floor":1,"key":"Regen Potion"},{"floor":3,"key":"PowerPotion"},{"floor":10,"key":"SteroidPotion"},{"floor":13,"key":"EssenceOfSteel"},{"floor":14,"key":"Dexterity Potion"},{"floor":20,"key":"GhostInAJar"},{"floor":21,"key":"Poison Potion"},{"floor":24,"key":"Regen Potion"},{"floor":37,"key":"PowerPotion"},{"floor":39,"key":"Strength Potion"},{"floor":44,"key":"LiquidBronze"},{"floor":48,"key":"Regen Potion"}],"is_trial":false,"path_per_floor":["M","M","M","?","M","E","T","E","T","M","M","M","M","M","R","B",null,"M","?","M","M","M","R","M","M","T","$","R","M","M","?","R","B",null,"M","M","M","?","M","R","?","R","T","M","M","E","M","M","R","B",null],"character_chosen":"THE_SILENT","items_purchased":["Ginger","HandDrill","Whetstone","Bronze Scales","Discovery+1"],"campfire_rested":4,"item_purchase_floors":[27,27,27,27,27],"current_hp_per_floor":[70,70,70,70,61,55,55,41,41,38,33,33,33,30,30,10,70,70,64,61,43,28,49,48,41,41,41,41,35,35,35,56,17,70,70,62,60,50,33,54,54,54,54,39,38,38,38,37,56,38],"gold":405,"neow_bonus":"UPGRADE_CARD","is_prod":false,"is_daily":false,"chose_seed":false,"campfire_upgraded":3,"win_rate":0.0,"timestamp":1546677703,"path_taken":["M","M","M","?","M","E","?","E","T","M","M","M","M","M","R","BOSS","M","?","M","M","M","R","M","M","T","$","R","M","M","?","R","BOSS","M","M","M","?","M","R","?","R","T","M","M","E","M","M","R","BOSS"],"build_version":"2019-01-03v4","purchased_purges":0,"victory":true,"max_hp_per_floor":[70,70,70,70,70,70,70,70,70,70,70,70,70,70,70,70,70,70,70,70,70,70,70,70,70,70,70,70,70,70,70,70,70,70,70,70,70,70,70,70,66,66,66,66,66,66,66,66,66,66],"card_choices":[{"not_picked":["Riddle With Holes","Underhanded Strike"],"picked":"Bouncing Flask","floor":1},{"not_picked":["Quick Slash","Skewer"],"picked":"Sucker Punch","floor":2},{"not_picked":["Riddle With Holes","Calculated Gamble"],"picked":"Flying Knee","floor":3},{"not_picked":["Calculated Gamble","Prepared"],"picked":"Dagger Throw","floor":5},{"not_picked":["Riddle With Holes","Phantasmal Killer"],"picked":"PiercingWail","floor":6},{"not_picked":["Dodge and Roll","Accuracy"],"picked":"Heel Hook","floor":8},{"not_picked":["Prepared+1","Infinite Blades"],"picked":"Well Laid Plans","floor":10},{"not_picked":["Outmaneuver+1","Flying Knee"],"picked":"Bouncing Flask+1","floor":11},{"not_picked":["Dagger Throw","Underhanded Strike"],"picked":"Blur+1","floor":12},{"not_picked":["Expertise+1","Blade Dance+1"],"picked":"Cloak And Dagger+1","floor":13},{"not_picked":["Quick Slash","Flying Knee"],"picked":"Poisoned Stab","floor":14},{"not_picked":["Night Terror+1","A Thousand Cuts"],"picked":"Burst+1","floor":16},{"not_picked":["Accuracy","Flying Knee"],"picked":"All Out Attack","floor":18},{"not_picked":["Dagger Throw+1","Crippling Poison+1"],"picked":"Catalyst+1","floor":20},{"not_picked":["Bane","Flying Knee+1"],"picked":"Poisoned Stab+1","floor":21},{"not_picked":["Cloak And Dagger+1","Slice"],"picked":"Backstab","floor":22},{"not_picked":["Eviscerate","Reflex+1"],"picked":"Tactician+1","floor":24},{"not_picked":["Accuracy+1","Prepared+1"],"picked":"Crippling Poison+1","floor":25},{"not_picked":["Accuracy","PiercingWail+1"],"picked":"Deadly Poison+1","floor":29},{"not_picked":["Quick Slash","Underhanded Strike"],"picked":"Dagger Throw+1","floor":30},{"not_picked":["Night Terror+1","Storm of Steel+1"],"picked":"After Image","floor":33},{"not_picked":["Calculated Gamble+1","Quick Slash+1"],"picked":"Bouncing Flask+1","floor":35},{"not_picked":["Bane","Poisoned Stab"],"picked":"Cloak And Dagger+1","floor":36},{"not_picked":["Eviscerate+1","Reflex+1"],"picked":"Acrobatics+1","floor":37},{"not_picked":["Dagger Spray","Crippling Poison+1"],"picked":"Deadly Poison+1","floor":38},{"not_picked":["Wraith Form v2","Predator+1"],"picked":"Cloak And Dagger+1","floor":39},{"not_picked":["Dagger Spray","Bane"],"picked":"PiercingWail+1","floor":44},{"not_picked":["Dash","Prepared+1"],"picked":"Well Laid Plans","floor":45},{"not_picked":["Dash+1","Deflect+1"],"picked":"Cloak And Dagger+1","floor":46},{"not_picked":["Prepared+1","Bane"],"picked":"Poisoned Stab+1","floor":47},{"not_picked":["Footwork+1","PiercingWail+1"],"picked":"Tactician+1","floor":48}],"player_experience":41114,"relics_obtained":[{"floor":6,"key":"The Courier"},{"floor":7,"key":"Darkstone Periapt"},{"floor":8,"key":"MawBank"},{"floor":9,"key":"Toxic Egg 2"},{"floor":26,"key":"Mummified Hand"},{"floor":38,"key":"Ice Cream"},{"floor":43,"key":"Meat on the Bone"},{"floor":46,"key":"Bag of Marbles"}],"event_choices":[{"cards_removed":["Strike_G"],"damage_healed":0,"gold_gain":0,"player_choice":"Forget","damage_taken":0,"max_hp_gain":0,"max_hp_loss":0,"event_name":"Living Wall","floor":4,"gold_loss":0},{"damage_healed":0,"gold_gain":0,"player_choice":"Joined the Cult","damage_taken":6,"max_hp_gain":0,"max_hp_loss":0,"event_name":"Nest","floor":19,"gold_loss":0,"cards_obtained":["RitualDagger"]},{"damage_healed":0,"gold_gain":0,"player_choice":"Got Potions","damage_taken":0,"max_hp_gain":0,"max_hp_loss":0,"event_name":"Lab","floor":31,"gold_loss":0},{"damage_healed":0,"gold_gain":0,"player_choice":"Fight","damage_taken":0,"max_hp_gain":0,"max_hp_loss":0,"event_name":"MindBloom","floor":38,"gold_loss":0},{"damage_healed":0,"gold_gain":0,"player_choice":"Max HP","damage_taken":0,"max_hp_gain":0,"max_hp_loss":4,"event_name":"Winding Halls","floor":41,"gold_loss":0}],"is_beta":false,"boss_relics":[{"not_picked":["Lizard Tail","Fusion Hammer"],"picked":"Empty Cage"},{"not_picked":["Busted Crown","Calling Bell"],"picked":"Astrolabe"}],"items_purged_floors":[],"is_endless":false,"potions_floor_spawned":[1,3,10,13,14,20,21,24,29,37,39,44,45,48],"ascension_level":0}