{"gold_per_floor":[117,87,100,25,45,45,64,79,148,183,207,227,227,127,127,222,222,241,258,258,358,458,458,470,191,217,217,231,81,81,100,100,195,195,211,14,32,52,63,94,94,94,94,106,106,133,133,246,246,246],"floor_reached":50,"playtime":3440,"items_purged":["Defend_B","Defend_B","Strike_B","Strike_B"],"score":529,"play_id":"6ab1e8fd-71e2-44ea-930d-4a7e2e0ce245","local_time":"20190309130534","is_ascension_mode":false,"campfire_choices":[{"data":"Reinforced Body","floor":6.0,"key":"SMITH"},{"data":"Zap","floor":13.0,"key":"SMITH"},{"data":"Dualcast","floor":15.0,"key":"SMITH"},{"floor":23.0,"key":"REST"},{"floor":27.0,"key":"REST"},{"data":"Creative AI","floor":30.0,"key":"SMITH"},{"floor":32.0,"key":"REST"},{"floor":41.0,"key":"REST"},{"data":"Machine Learning","floor":42.0,"key":"SMITH"},{"floor":47.0,"key":"RECALL"},{"floor":49,"key":"REST"}],"neow_cost":"NONE","seed_source_timestamp":6888811712337,"circlet_count":0,"master_deck":["Zap+1","Dualcast+1","Skim","Reinforced Body+1","BootSequence","Creative AI+1","Heatsinks","FTL+1","Heatsinks+1","Machine Learning+1","Heatsinks+1","Amplify+1","Amplify+1","Defragment+1","Capacitor+1","Parasite"],"special_seed":0,"relics":["Cracked Core","Ornamental Fan","WingedGreaves","Oddly Smooth Stone","Philosopher\u0027s Stone","StoneCalendar","Gremlin Horn","Regal Pillow","Potion Belt","Astrolabe","Ancient Tea Set","Centennial Puzzle","SsserpentHead","Dodecahedron"],"potions_floor_usage":[],"damage_taken":[{"damage":0.0,"enemies":"2 Louse","floor":1.0,"turns":3.0},{"damage":0.0,"enemies":"Cultist","floor":3.0,"turns":4.0},{"damage":0.0,"enemies":"Jaw Worm","floor":5.0,"turns":3.0},{"damage":1.0,"enemies":"Looter","floor":7.0,"turns":3.0},{"damage":0.0,"enemies":"2 Fungi Beasts","floor":8.0,"turns":5.0},{"damage":13.0,"enemies":"Gremlin Nob","floor":10.0,"turns":4.0},{"damage":7.0,"enemies":"Lots of Slimes","floor":12.0,"turns":5.0},{"damage":11.0,"enemies":"The Guardian","floor":16.0,"turns":14.0},{"damage":11.0,"enemies":"2 Thieves","floor":18.0,"turns":5.0},{"damage":4.0,"enemies":"3 Byrds","floor":19.0,"turns":3.0},{"damage":0.0,"enemies":"Colosseum Slavers","floor":21.0,"turns":6.0},{"damage":47.0,"enemies":"Colosseum Nobs","floor":21.0,"turns":6.0},{"damage":15.0,"enemies":"Snecko","floor":24.0,"turns":6.0},{"damage":15.0,"enemies":"Snake Plant","floor":28.0,"turns":5.0},{"damage":11.0,"enemies":"Centurion and Healer","floor":31.0,"turns":5.0},{"damage":24.0,"enemies":"Collector","floor":33.0,"turns":6.0},{"damage":10.0,"enemies":"3 Shapes","floor":35.0,"turns":3.0},{"damage":0.0,"enemies":"Orb Walker","floor":37.0,"turns":3.0},{"damage":28.0,"enemies":"3 Darklings","floor":38.0,"turns":5.0},{"damage":15.0,"enemies":"Transient","floor":39.0,"turns":5.0},{"damage":27.0,"enemies":"Nemesis","floor":40.0,"turns":5.0},{"damage":5.0,"enemies":"Maw","floor":44.0,"turns":5.0},{"damage":4.0,"enemies":"Giant Head","floor":46.0,"turns":5.0},{"damage":21.0,"enemies":"Writhing Mass","floor":48.0,"turns":4.0},{"damage":59,"enemies":"Awakened One","floor":50,"turns":3}],"seed_played":"-2049567443677685839","potions_obtained":[{"floor":1.0,"key":"AttackPotion"},{"floor":2.0,"key":"Fruit Juice"},{"floor":2.0,"key":"SneckoOil"},{"floor":7.0,"key":"Weak Potion"},{"floor":12.0,"key":"Energy Potion"},{"floor":16.0,"key":"Ancient Potion"},{"floor":18.0,"key":"Block Potion"},{"floor":19.0,"key":"Strength Potion"},{"floor":28.0,"key":"PowerPotion"},{"floor":33.0,"key":"Energy Potion"},{"floor":39.0,"key":"Strength Potion"},{"floor":40.0,"key":"Dexterity Potion"},{"floor":44.0,"key":"PowerPotion"},{"floor":46.0,"key":"GamblersBrew"}],"is_trial":false,"path_per_floor":["M","?","M","$","M","R","M","M","T","E","T","M","R","$","R","B",null,"M","M","?","?","?","R","M","$","T","R","M","$","R","M","R","B",null,"M","$","M","M","M","E","R","R","T","M","?","E","R","M","R","B"],"character_chosen":"DEFECT","items_purchased":["Regal Pillow","SpeedPotion","Ancient Tea Set"],"campfire_rested":5,"item_purchase_floors":[25,36,36],"current_hp_per_floor":[75,80,80,80,80,80,79,79,79,66,66,59,59,59,59,48,80,69,65,50,3,3,28,13,13,13,53,38,38,38,27,67,43,85,75,75,75,47,32,5,45,45,45,40,40,36,36,15,55,0],"gold":246,"neow_bonus":"TRANSFORM_CARD","is_prod":false,"is_daily":false,"chose_seed":false,"campfire_upgraded":5,"win_rate":0,"timestamp":1552125934,"path_taken":["M","?","M","$","M","R","?","M","T","E","?","M","R","$","R","BOSS","M","M","?","?","?","R","M","$","T","R","?","$","R","M","R","BOSS","M","$","?","M","M","E","R","R","T","M","?","E","R","?","R","BOSS"],"build_version":"2019-01-23","purchased_purges":4,"victory":false,"max_hp_per_floor":[75,80,80,80,80,80,80,80,80,80,80,80,80,80,80,80,80,80,80,85,85,85,85,85,85,85,85,85,85,85,85,85,85,85,85,85,85,85,85,85,85,85,85,85,85,85,85,85,85,85],"card_choices":[{"not_picked":["Hello World","Leap","Turbo"],"picked":"SKIP","floor":1.0},{"not_picked":["Coolheaded","Redo"],"picked":"Reinforced Body","floor":3.0},{"not_picked":["Conserve Battery","Consume","Sweeping Beam"],"picked":"SKIP","floor":5.0},{"not_picked":["Coolheaded","Fusion"],"picked":"BootSequence","floor":7.0},{"not_picked":["Go for the Eyes","Blizzard","Cold Snap"],"picked":"SKIP","floor":8.0},{"not_picked":["Conserve Battery","Steam","All For One"],"picked":"SKIP","floor":10.0},{"not_picked":["Conserve Battery","Steam","All For One"],"picked":"SKIP","floor":10.0},{"not_picked":["Conserve Battery","Steam","All For One"],"picked":"SKIP","floor":10.0},{"not_picked":["Double Energy","Coolheaded","Fusion"],"picked":"SKIP","floor":12.0},{"not_picked":["Echo Form","Core Surge"],"picked":"Creative AI","floor":16.0},{"not_picked":["Rebound","Leap","Fusion+1"],"picked":"SKIP","floor":18.0},{"not_picked":["Rebound","Leap","Fusion+1"],"picked":"SKIP","floor":18.0},{"not_picked":["Hello World","Gash","Glacier+1"],"picked":"SKIP","floor":19.0},{"not_picked":["Recycle","Reprogram"],"picked":"Heatsinks","floor":21.0},{"not_picked":["Tempest","Double Energy+1"],"picked":"FTL+1","floor":24.0},{"not_picked":["Steam Power+1","Cold Snap","Leap+1"],"picked":"SKIP","floor":28.0},{"not_picked":["Double Energy","Beam Cell+1"],"picked":"Heatsinks+1","floor":31.0},{"not_picked":["Thunder Strike","Seek"],"picked":"Machine Learning","floor":33.0},{"not_picked":["Steam+1","Barrage","Redo"],"picked":"SKIP","floor":35.0},{"not_picked":["Sweeping Beam+1","Aggregate+1","Redo"],"picked":"SKIP","floor":37.0},{"not_picked":["Hologram+1","Heatsinks+1","Go for the Eyes+1"],"picked":"SKIP","floor":38.0},{"not_picked":["Hologram+1","Heatsinks+1","Go for the Eyes+1"],"picked":"SKIP","floor":38.0},{"not_picked":["Capacitor+1","Multi-Cast"],"picked":"Defragment+1","floor":39.0},{"not_picked":["Static Discharge+1","Sweeping Beam"],"picked":"Capacitor+1","floor":40.0},{"not_picked":["Chaos","Melter+1","Aggregate"],"picked":"SKIP","floor":44.0},{"not_picked":["Turbo+1","Leap","Ball Lightning+1"],"picked":"SKIP","floor":46.0},{"not_picked":["Stack+1","Darkness","Barrage"],"picked":"SKIP","floor":48}],"player_experience":965345,"relics_obtained":[{"floor":9.0,"key":"Ornamental Fan"},{"floor":10.0,"key":"WingedGreaves"},{"floor":11.0,"key":"Oddly Smooth Stone"},{"floor":21.0,"key":"StoneCalendar"},{"floor":21.0,"key":"Gremlin Horn"},{"floor":26.0,"key":"Potion Belt"},{"floor":40.0,"key":"Centennial Puzzle"},{"floor":46.0,"key":"Dodecahedron"}],"event_choices":[{"damage_healed":0.0,"max_hp_gain":0.0,"max_hp_loss":0.0,"gold_gain":0.0,"event_name":"The Woman in Blue","player_choice":"Bought 2 Potions","floor":2.0,"gold_loss":0.0,"damage_taken":0.0},{"damage_healed":0.0,"max_hp_gain":5.0,"max_hp_loss":0.0,"gold_gain":0.0,"event_name":"Forgotten Altar","player_choice":"Shed Blood","floor":20.0,"gold_loss":0.0,"damage_taken":20.0},{"damage_healed":0.0,"max_hp_gain":0.0,"max_hp_loss":0.0,"gold_gain":0.0,"event_name":"Colosseum","player_choice":"Fight","floor":21.0,"gold_loss":0.0,"damage_taken":0.0},{"damage_healed":0.0,"max_hp_gain":0.0,"max_hp_loss":0.0,"gold_gain":0.0,"event_name":"Colosseum","player_choice":"Fought Nobs","floor":21.0,"gold_loss":0.0,"damage_taken":0.0},{"damage_healed":0.0,"max_hp_gain":0.0,"max_hp_loss":0.0,"gold_gain":100.0,"event_name":"Golden Shrine","player_choice":"Pray","floor":22.0,"gold_loss":0.0,"damage_taken":0.0},{"damage_healed":0.0,"max_hp_gain":0.0,"max_hp_loss":0.0,"gold_gain":0.0,"event_name":"FaceTrader","player_choice":"Trade","floor":45.0,"gold_loss":0.0,"damage_taken":0.0,"relics_obtained":["SsserpentHead"]}],"is_beta":false,"boss_relics":[{"not_picked":["Tiny House","Sozu"],"picked":"Philosopher\u0027s Stone"},{"not_picked":["White Beast Statue","Empty Cage"],"picked":"Astrolabe"}],"items_purged_floors":[4,14,25,29],"is_endless":false,"potions_floor_spawned":[1,7,12,16,18,19,21,28,33,39,40,44,46],"killed_by":"Awakened One","ascension_level":0}