{"gold_per_floor":[212,212,227,247,247,247,282,282,282,382,51,70,104,116,116,212,212,228,39,55,66,79,79,104,104,157,157,157,173,183,183,183,287,287,298,298,317,317,317,317,346,346,417,238,51,51,64,164,164,164],"floor_reached":51,"playtime":3533,"items_purged":["Strike_G","Strike_G+1"],"score":728,"play_id":"4fe20cf2-d0a8-4524-aeee-64ea2721cdeb","local_time":"20190119170630","is_ascension_mode":false,"campfire_choices":[{"data":"Choke","floor":6,"key":"SMITH"},{"floor":8,"key":"REST"},{"data":"Cloak And Dagger","floor":15,"key":"SMITH"},{"data":"Well Laid Plans","floor":23,"key":"SMITH"},{"data":"Cloak And Dagger","floor":25,"key":"SMITH"},{"data":"Enlightenment","floor":28,"key":"SMITH"},{"data":"Footwork","floor":32,"key":"SMITH"},{"data":"Neutralize","floor":40,"key":"SMITH"},{"data":"Leg Sweep","floor":46,"key":"SMITH"},{"floor":49,"key":"REST"}],"neow_cost":"NONE","seed_source_timestamp":22004448647485,"circlet_count":0,"master_deck":["Defend_G","Defend_G","Defend_G","Defend_G","Defend_G+1","Survivor","Neutralize+1","Choke+1","Heel Hook","Backflip","Bandage Up","Dodge and Roll","Cloak And Dagger+1","Tools of the Trade","Cloak And Dagger+1","Terror","Noxious Fumes","Leg Sweep+1","Well Laid Plans+1","Footwork+1","PiercingWail+1","Enlightenment+1","Neutralize+1","Infinite Blades","Deflect","Escape Plan","Doppelganger+1","Accuracy+1","Escape Plan+1","Flying Knee+1","Backstab","PiercingWail","Infinite Blades","Bandage Up","Deflect+1"],"relics":["Ring of the Snake","Calipers","Mercury Hourglass","Bottled Flame","Blue Candle","Sozu","Vajra","Tiny Chest","Astrolabe","Sundial","Matryoshka","Art of War","Strawberry","Ornamental Fan","War Paint"],"potions_floor_usage":[16,48],"damage_taken":[{"damage":0,"enemies":"2 Louse","floor":1,"turns":4},{"damage":0,"enemies":"Cultist","floor":3,"turns":3},{"damage":0,"enemies":"Small Slimes","floor":4,"turns":2},{"damage":17,"enemies":"Gremlin Nob","floor":7,"turns":4},{"damage":0,"enemies":"Red Slaver","floor":12,"turns":1},{"damage":4,"enemies":"3 Sentries","floor":13,"turns":6},{"damage":4,"enemies":"Gremlin Gang","floor":14,"turns":4},{"damage":22,"enemies":"Slime Boss","floor":16,"turns":10},{"damage":0,"enemies":"Shell Parasite","floor":18,"turns":6},{"damage":4,"enemies":"Chosen","floor":20,"turns":5},{"damage":5,"enemies":"Shelled Parasite and Fungi","floor":21,"turns":7},{"damage":5,"enemies":"3 Cultists","floor":22,"turns":6},{"damage":14,"enemies":"Gremlin Leader","floor":24,"turns":7},{"damage":1,"enemies":"Centurion and Healer","floor":29,"turns":6},{"damage":1,"enemies":"Chosen and Byrds","floor":30,"turns":7},{"damage":33,"enemies":"Collector","floor":33,"turns":10},{"damage":11,"enemies":"3 Darklings","floor":35,"turns":5},{"damage":2,"enemies":"Orb Walker","floor":37,"turns":5},{"damage":17,"enemies":"Nemesis","floor":41,"turns":7},{"damage":19,"enemies":"Spire Growth","floor":47,"turns":5},{"damage":3,"enemies":"Mind Bloom Boss Battle","floor":48,"turns":7},{"damage":36,"enemies":"Donu and Deca","floor":50,"turns":13}],"seed_played":"955543571648097685","potions_obtained":[{"floor":1,"key":"SkillPotion"},{"floor":3,"key":"SneckoOil"},{"floor":12,"key":"SteroidPotion"}],"is_trial":false,"path_per_floor":["M","?","M","M","?","R","E","R","T","?","$","M","E","M","R","B",null,"M","$","M","M","M","R","E","R","T","?","R","M","M","?","R","B",null,"M","?","M","T","T","R","E","?","T","$","$","R","M","?","R","B",null],"character_chosen":"THE_SILENT","items_purchased":["Bottled Flame","Bandage Up","Terror","Noxious Fumes","War Paint","Infinite Blades","Bandage Up"],"campfire_rested":2,"item_purchase_floors":[11,11,19,19,44,44,45],"current_hp_per_floor":[70,70,70,70,56,56,39,60,60,60,60,64,64,64,64,46,70,70,70,66,65,64,64,54,54,54,54,54,57,60,60,60,31,70,59,59,61,61,61,61,48,48,55,55,55,55,44,49,72,44],"gold":164,"neow_bonus":"HUNDRED_GOLD","is_prod":false,"is_daily":false,"chose_seed":false,"campfire_upgraded":8,"win_rate":0,"timestamp":1547906790,"path_taken":["M","?","M","M","?","R","E","R","T","?","$","M","E","M","R","BOSS","M","$","?","M","M","R","E","R","T","?","R","?","?","?","R","BOSS","M","?","M","?","?","R","E","?","T","?","$","R","?","?","R","BOSS"],"build_version":"2019-01-17v2","purchased_purges":2,"victory":true,"max_hp_per_floor":[70,70,70,70,70,70,70,70,70,70,70,70,70,70,70,70,70,70,70,70,70,70,70,70,70,70,70,70,70,70,70,70,70,70,70,70,70,70,70,70,70,70,77,77,77,77,77,77,77,77],"card_choices":[{"not_picked":["Flying Knee","Calculated Gamble"],"picked":"Choke","floor":1},{"not_picked":["Sucker Punch","Blade Dance"],"picked":"Heel Hook","floor":3},{"not_picked":["Acrobatics","Quick Slash"],"picked":"Backflip","floor":4},{"not_picked":["Skewer","Underhanded Strike","Calculated Gamble"],"picked":"SKIP","floor":7},{"not_picked":["Bane","Backflip"],"picked":"Dodge and Roll","floor":12},{"not_picked":["Expertise","Quick Slash"],"picked":"Setup","floor":13},{"not_picked":["Deadly Poison","Backflip","Cloak And Dagger"],"picked":"SKIP","floor":14},{"not_picked":["Deadly Poison","Backflip"],"picked":"Cloak And Dagger","floor":14},{"not_picked":["Venomology","Envenom"],"picked":"Tools of the Trade","floor":16},{"not_picked":["Backflip","Noxious Fumes"],"picked":"Cloak And Dagger","floor":18},{"not_picked":["Heel Hook+1","Predator"],"picked":"Leg Sweep","floor":20},{"not_picked":["Setup","Masterful Stab+1"],"picked":"Well Laid Plans","floor":21},{"not_picked":["Quick Slash","Well Laid Plans"],"picked":"Footwork","floor":22},{"not_picked":["Setup","Slice"],"picked":"PiercingWail+1","floor":24},{"not_picked":["Underhanded Strike+1","Riddle With Holes"],"picked":"Infinite Blades","floor":29},{"not_picked":["Die Die Die","Acrobatics"],"picked":"Deflect","floor":30},{"not_picked":["Venomology","Malaise"],"picked":"Doppelganger","floor":33},{"not_picked":["Setup","Quick Slash","Flying Knee"],"picked":"SKIP","floor":35},{"not_picked":["Terror+1","All Out Attack"],"picked":"Backstab","floor":37},{"not_picked":["Underhanded Strike","Expertise+1"],"picked":"PiercingWail","floor":41},{"not_picked":["Outmaneuver","Flechettes"],"picked":"Deflect+1","floor":47}],"player_experience":503335,"relics_obtained":[{"floor":7,"key":"Calipers"},{"floor":9,"key":"Mercury Hourglass"},{"floor":13,"key":"Blue Candle"},{"floor":24,"key":"Vajra"},{"floor":26,"key":"Tiny Chest"},{"floor":38,"key":"Sundial"},{"floor":39,"key":"Matryoshka"},{"floor":41,"key":"Art of War"},{"floor":43,"key":"Strawberry"},{"floor":43,"key":"Ornamental Fan"}],"event_choices":[{"damage_healed":0,"gold_gain":0,"player_choice":"Grow","damage_taken":0,"max_hp_gain":0,"max_hp_loss":0,"event_name":"Living Wall","floor":2,"gold_loss":0,"cards_upgraded":["Neutralize"]},{"damage_healed":0,"gold_gain":0,"player_choice":"Entered Light","damage_taken":14,"max_hp_gain":0,"max_hp_loss":0,"event_name":"Shining Light","floor":5,"gold_loss":0,"cards_upgraded":["Strike_G","Strike_G"]},{"damage_healed":0,"gold_gain":100,"player_choice":"Gold","damage_taken":0,"max_hp_gain":0,"max_hp_loss":0,"event_name":"Wheel of Change","floor":10,"gold_loss":0},{"damage_healed":0,"gold_gain":0,"player_choice":"2 cards matched","damage_taken":0,"max_hp_gain":0,"max_hp_loss":0,"event_name":"Match and Keep!","floor":27,"gold_loss":0,"cards_obtained":["Enlightenment","Neutralize"]},{"damage_healed":0,"gold_gain":0,"player_choice":"Read","damage_taken":0,"max_hp_gain":0,"max_hp_loss":0,"event_name":"The Library","floor":31,"gold_loss":0,"cards_obtained":["Escape Plan"]},{"cards_removed":["Strike_G"],"damage_healed":0,"gold_gain":0,"player_choice":"Removed Attack","damage_taken":0,"max_hp_gain":0,"max_hp_loss":0,"event_name":"Falling","floor":36,"gold_loss":0},{"damage_healed":0,"gold_gain":0,"player_choice":"Ignored","damage_taken":0,"max_hp_gain":0,"max_hp_loss":0,"event_name":"Mysterious Sphere","floor":42,"gold_loss":0},{"damage_healed":0,"gold_gain":0,"player_choice":"Fight","damage_taken":0,"max_hp_gain":0,"max_hp_loss":0,"event_name":"MindBloom","floor":48,"gold_loss":0}],"is_beta":false,"boss_relics":[{"not_picked":["Tiny House","Pandora\u0027s Box"],"picked":"Sozu"},{"not_picked":["Empty Cage","Philosopher\u0027s Stone"],"picked":"Astrolabe"}],"items_purged_floors":[19,45],"is_endless":false,"potions_floor_spawned":[1,3,12,20,22,29,33,35,37,48],"ascension_level":0}