{"gold_per_floor":[112,123,123,223,242,242,276,276,299,314,329,347,347,102,102,204,204,216,216,247,262,262,262,116,116,141,169,169,169],"floor_reached":29,"playtime":1530,"items_purged":["Strike_R","Regret"],"score":241,"play_id":"b496c551-5720-4eaa-90c3-5a76714d7ec8","local_time":"20181105000536","is_ascension_mode":false,"campfire_choices":[{"data":"Shrug It Off","floor":6,"key":"SMITH"},{"data":"Inflame","floor":8,"key":"SMITH"},{"floor":13,"key":"REST"},{"data":"Dark Shackles","floor":15,"key":"SMITH"},{"data":"Flame Barrier","floor":23,"key":"SMITH"},{"data":"True Grit","floor":25,"key":"SMITH"},{"floor":28,"key":"REST"}],"neow_cost":"PERCENT_DAMAGE","seed_source_timestamp":9460926391061,"circlet_count":0,"master_deck":["Strike_R","Strike_R","Strike_R","Strike_R","Defend_R","Defend_R","Defend_R","Defend_R","Bash","Shrug It Off+1","Burning Pact","Iron Wave","Inflame+1","Whirlwind","Dark Shackles+1","Double Tap","Flex+1","Flame Barrier+1","Rage","True Grit+1"],"relics":["Burning Blood","Thread and Needle","Orichalcum","Kunai","Strawberry","MutagenicStrength","Red Mask","Nloth\u0027s Gift","PreservedInsect","Lantern"],"potions_floor_usage":[10,16],"damage_taken":[{"damage":0,"enemies":"Small Slimes","floor":1,"turns":3},{"damage":0,"enemies":"Jaw Worm","floor":2,"turns":5},{"damage":0,"enemies":"Cultist","floor":5,"turns":4},{"damage":32,"enemies":"3 Sentries","floor":7,"turns":11},{"damage":18,"enemies":"Exordium Thugs","floor":10,"turns":6},{"damage":6,"enemies":"3 Louse","floor":11,"turns":5},{"damage":3,"enemies":"Looter","floor":12,"turns":3},{"damage":43,"enemies":"Slime Boss","floor":16,"turns":16},{"damage":4,"enemies":"Chosen","floor":18,"turns":5},{"damage":8,"enemies":"Masked Bandits","floor":20,"turns":4},{"damage":16,"enemies":"Spheric Guardian","floor":21,"turns":4},{"damage":43,"enemies":"Book of Stabbing","floor":27,"turns":7},{"damage":65,"enemies":"Gremlin Leader","floor":29,"turns":6}],"seed_played":"1790180214112854110","potions_obtained":[{"floor":1,"key":"PowerPotion"},{"floor":5,"key":"SpeedPotion"},{"floor":10,"key":"Explosive Potion"},{"floor":11,"key":"EssenceOfSteel"},{"floor":12,"key":"SmokeBomb"},{"floor":21,"key":"Swift Potion"},{"floor":27,"key":"Ancient Potion"}],"is_trial":false,"path_per_floor":["M","M","?","?","M","R","E","R","T","M","M","M","R","$","R","B",null,"M","?","?","M","?","R","$","R","T","E","R","E"],"character_chosen":"IRONCLAD","items_purchased":["Whirlwind","Dark Shackles","True Grit"],"campfire_rested":2,"item_purchase_floors":[14,14,24],"current_hp_per_floor":[62,68,68,68,74,74,48,48,55,43,43,46,72,72,72,35,87,87,87,85,75,75,75,75,75,75,38,64,0],"gold":169,"neow_bonus":"ONE_RARE_RELIC","is_prod":false,"is_daily":false,"chose_seed":false,"campfire_upgraded":5,"win_rate":0,"timestamp":1541365536,"path_taken":["M","M","?","?","M","R","E","R","T","M","?","M","R","$","R","BOSS","M","?","?","M","?","R","$","R","T","E","R","E"],"build_version":"2018-11-01","purchased_purges":2,"victory":false,"max_hp_per_floor":[80,80,80,80,80,80,80,80,87,87,87,87,87,87,87,87,87,87,87,87,87,87,87,87,87,87,87,87,87],"card_choices":[{"not_picked":["Sever Soul","Hemokinesis"],"picked":"Shrug It Off","floor":1},{"not_picked":["Clash","Rupture"],"picked":"Burning Pact","floor":2},{"not_picked":["Bloodletting","Infernal Blade"],"picked":"Iron Wave","floor":5},{"not_picked":["Armaments","Fire Breathing"],"picked":"Inflame","floor":7},{"not_picked":["Thunderclap","Reckless Charge","Armaments"],"picked":"SKIP","floor":10},{"not_picked":["Dropkick","Ghostly Armor","Wild Strike"],"picked":"SKIP","floor":11},{"not_picked":["Clothesline","Wild Strike","Intimidate"],"picked":"SKIP","floor":12},{"not_picked":["Dark Embrace","Berserk"],"picked":"Double Tap","floor":16},{"not_picked":["Armaments","Entrench"],"picked":"Flex+1","floor":18},{"not_picked":["Cleave","Shockwave+1"],"picked":"Flame Barrier","floor":20},{"not_picked":["Heavy Blade","Combust+1"],"picked":"Rage","floor":21},{"not_picked":["Dark Embrace","Berserk","Shrug It Off"],"picked":"SKIP","floor":27}],"player_experience":136946,"relics_obtained":[{"floor":7,"key":"Kunai"},{"floor":9,"key":"Strawberry"},{"floor":20,"key":"Red Mask"},{"floor":26,"key":"PreservedInsect"},{"floor":27,"key":"Lantern"}],"event_choices":[{"damage_healed":0,"gold_gain":0,"player_choice":"Box","damage_taken":0,"relics_obtained":["Orichalcum"],"max_hp_gain":0,"max_hp_loss":0,"event_name":"Big Fish","floor":3,"gold_loss":0,"cards_obtained":["Regret"]},{"damage_healed":0,"gold_gain":100,"player_choice":"Pray","damage_taken":0,"max_hp_gain":0,"max_hp_loss":0,"event_name":"Golden Shrine","floor":4,"gold_loss":0},{"damage_healed":0,"gold_gain":0,"player_choice":"Inject Mutagens","damage_taken":0,"relics_obtained":["MutagenicStrength"],"max_hp_gain":0,"max_hp_loss":0,"event_name":"Drug Dealer","floor":19,"gold_loss":0},{"damage_healed":0,"gold_gain":0,"player_choice":"Fought Bandits","damage_taken":0,"max_hp_gain":0,"max_hp_loss":0,"event_name":"Masked Bandits","floor":20,"gold_loss":0},{"damage_healed":0,"gold_gain":0,"player_choice":"Traded Relic","damage_taken":0,"relics_obtained":["Nloth\u0027s Gift"],"max_hp_gain":0,"max_hp_loss":0,"event_name":"N\u0027loth","floor":22,"relics_lost":["Philosopher\u0027s Stone"],"gold_loss":0}],"is_beta":false,"boss_relics":[{"not_picked":["Snecko Eye","Coffee Dripper"],"picked":"Philosopher\u0027s Stone"}],"items_purged_floors":[14,24],"is_endless":false,"potions_floor_spawned":[1,5,10,11,12,21,27],"killed_by":"Gremlin Leader","ascension_level":0}