{"gold_per_floor":[110,110,60,60,80,80,98,83,108,144,156,17,17,40,40,163,163,187,187,212,236,311,311,354,354,377,391,426,426],"floor_reached":29,"playtime":2766,"items_purged":[],"score":255,"play_id":"55cdf7d7-53dd-49aa-9cd5-0ffe0794313b","local_time":"20181202204327","is_ascension_mode":false,"campfire_choices":[{"floor":6,"key":"REST"},{"data":"Coolheaded","floor":11,"key":"SMITH"},{"data":"Genetic Algorithm","floor":13,"key":"SMITH"},{"data":"Go for the Eyes","floor":15,"key":"SMITH"},{"data":"Capacitor","floor":23,"key":"SMITH"},{"floor":25,"key":"REST"}],"neow_cost":"TEN_PERCENT_HP_LOSS","seed_source_timestamp":18370376045127,"circlet_count":0,"master_deck":["Strike_B+1","Defend_B","Defend_B","Defend_B","Defend_B","Zap","Dualcast+1","Cold Snap","Capacitor+1","Coolheaded+1","Leap","Go for the Eyes+1","Genetic Algorithm+1","Coolheaded","Machine Learning","Undo+1","White Noise","Streamline","Conserve Battery+1"],"relics":["Cracked Core","Golden Idol","MawBank","Oddly Smooth Stone","Sozu","DataDisk","Bag of Marbles","Bottled Lightning"],"potions_floor_usage":[16,16,19],"damage_taken":[{"damage":0,"enemies":"Jaw Worm","floor":1,"turns":4},{"damage":0,"enemies":"Small Slimes","floor":5,"turns":4},{"damage":0,"enemies":"2 Louse","floor":7,"turns":4},{"damage":7,"enemies":"Exordium Thugs","floor":8,"turns":4},{"damage":0,"enemies":"Exordium Wildlife","floor":10,"turns":5},{"damage":0,"enemies":"Blue Slaver","floor":14,"turns":5},{"damage":35,"enemies":"Slime Boss","floor":16,"turns":34},{"damage":0,"enemies":"Spheric Guardian","floor":18,"turns":8},{"damage":16,"enemies":"Colosseum Slavers","floor":19,"turns":7},{"damage":0,"enemies":"3 Byrds","floor":20,"turns":7},{"damage":0,"enemies":"Snake Plant","floor":21,"turns":6},{"damage":20,"enemies":"Gremlin Leader","floor":24,"turns":10},{"damage":1,"enemies":"Sentry and Sphere","floor":27,"turns":8},{"damage":33,"enemies":"Slavers","floor":28,"turns":10},{"damage":17,"enemies":"Cultist and Chosen","floor":29,"turns":6}],"seed_played":"-4810394450697943936","potions_obtained":[{"floor":5,"key":"GamblersBrew"},{"floor":10,"key":"GamblersBrew"},{"floor":14,"key":"Swift Potion"}],"is_trial":false,"path_per_floor":["M","?","?","?","M","R","M","M","T","M","R","$","R","M","R","B",null,"M","?","M","M","?","R","E","R","T","M","E","M"],"character_chosen":"DEFECT","items_purchased":["Oddly Smooth Stone"],"campfire_rested":2,"item_purchase_floors":[12],"current_hp_per_floor":[68,54,54,37,37,57,57,50,50,50,50,50,50,50,50,15,68,68,52,52,52,46,46,26,46,46,45,12,0],"gold":426,"neow_bonus":"TRANSFORM_TWO_CARDS","is_prod":false,"is_daily":false,"chose_seed":false,"campfire_upgraded":4,"win_rate":0,"timestamp":1543772607,"path_taken":["M","?","?","?","M","R","M","M","T","M","R","$","R","M","R","BOSS","M","?","M","M","?","R","E","R","T","?","E","M"],"build_version":"2018-11-15","purchased_purges":0,"victory":false,"max_hp_per_floor":[68,68,68,68,68,68,68,68,68,68,68,68,68,68,68,68,68,68,68,68,68,68,68,68,68,68,68,68,68],"card_choices":[{"not_picked":["Sweeping Beam","Scrape"],"picked":"Coolheaded","floor":1},{"not_picked":["Cold Snap","Melter"],"picked":"Leap","floor":5},{"not_picked":["Ball Lightning","Rip and Tear"],"picked":"Go for the Eyes","floor":7},{"not_picked":["Barrage","Compile Driver"],"picked":"Genetic Algorithm","floor":8},{"not_picked":["Ball Lightning","Lockon","Barrage"],"picked":"SKIP","floor":10},{"not_picked":["Barrage","Reprogram"],"picked":"Coolheaded","floor":14},{"not_picked":["Amplify","Biased Cognition"],"picked":"Machine Learning","floor":16},{"not_picked":["Ball Lightning","Leap"],"picked":"Undo+1","floor":18},{"not_picked":["Conserve Battery","Glacier"],"picked":"White Noise","floor":20},{"not_picked":["Scrape","Chaos"],"picked":"Streamline","floor":21},{"not_picked":["Force Field","Streamline","Steam"],"picked":"SKIP","floor":24},{"not_picked":["Double Energy","Sunder"],"picked":"Conserve Battery+1","floor":27},{"not_picked":["Amplify","Auto Shields","Fusion"],"picked":"SKIP","floor":28}],"player_experience":247964,"relics_obtained":[{"floor":9,"key":"MawBank"},{"floor":24,"key":"DataDisk"},{"floor":26,"key":"Bag of Marbles"},{"floor":28,"key":"Bottled Lightning"}],"event_choices":[{"damage_healed":0,"gold_gain":0,"player_choice":"Entered Light","damage_taken":14,"max_hp_gain":0,"max_hp_loss":0,"event_name":"Shining Light","floor":2,"gold_loss":0,"cards_upgraded":["Dualcast","Strike_B"]},{"cards_removed":["Strike_B"],"damage_healed":0,"gold_gain":0,"player_choice":"Card Removal","damage_taken":0,"max_hp_gain":0,"max_hp_loss":0,"event_name":"The Cleric","floor":3,"gold_loss":50},{"damage_healed":0,"gold_gain":0,"player_choice":"Take Damage","damage_taken":17,"relics_obtained":["Golden Idol"],"max_hp_gain":0,"max_hp_loss":0,"event_name":"Golden Idol","floor":4,"gold_loss":0},{"damage_healed":0,"gold_gain":0,"player_choice":"Fight","damage_taken":0,"max_hp_gain":0,"max_hp_loss":0,"event_name":"Colosseum","floor":19,"gold_loss":0},{"damage_healed":0,"gold_gain":0,"player_choice":"Fled From Nobs","damage_taken":0,"max_hp_gain":0,"max_hp_loss":0,"event_name":"Colosseum","floor":19,"gold_loss":0},{"damage_healed":0,"gold_gain":75,"player_choice":"Touch","damage_taken":6,"max_hp_gain":0,"max_hp_loss":0,"event_name":"FaceTrader","floor":22,"gold_loss":0}],"is_beta":false,"boss_relics":[{"not_picked":["Pandora\u0027s Box","Ectoplasm"],"picked":"Sozu"}],"items_purged_floors":[],"is_endless":false,"potions_floor_spawned":[5,10,14,21,24,27,28],"killed_by":"Cultist and Chosen","ascension_level":0}