{"gold_per_floor":[113,130,130,142,155,155,26,26,26,56,56,76,51,61,61,137,137,153,153,61,61,11,11,28,28,28,41,57,57,85,0,0,74,74,90,90,90,110,110],"floor_reached":39,"playtime":5128,"items_purged":["Defend_G"],"score":808,"play_id":"46b51055-bd2a-4cbb-9528-b87baccd742f","local_time":"20190429135603","is_ascension_mode":true,"campfire_choices":[{"data":"Tactician","floor":6.0,"key":"SMITH"},{"data":"Dagger Throw","floor":8.0,"key":"SMITH"},{"floor":11.0,"key":"REST"},{"floor":15.0,"key":"REST"},{"data":"Calculated Gamble","floor":23.0,"key":"SMITH"},{"data":"Deadly Poison","floor":25.0,"key":"SMITH"},{"floor":29.0,"key":"REST"},{"floor":32.0,"key":"REST"}],"neow_cost":"NONE","seed_source_timestamp":9020340979384,"circlet_count":0,"master_deck":["AscendersBane","Defend_G","Defend_G","Defend_G","Defend_G","Strike_G","Strike_G","Strike_G","Survivor","Neutralize","Tactician+1","Reflex","Dagger Throw+1","Backflip","Cloak And Dagger","Well Laid Plans","After Image","Calculated Gamble+1","Calculated Gamble+1","Backstab","Backflip","Acrobatics","Purity","Acrobatics","Deadly Poison+1","Escape Plan","Venomology","Prepared","Tactician+1"],"special_seed":0,"relics":["Ring of the Snake","NeowsBlessing","Torii","Kunai","Orrery","Ancient Tea Set","Dream Catcher","Potion Belt"],"potions_floor_usage":[],"damage_taken":[{"damage":0.0,"enemies":"2 Louse","floor":1.0,"turns":1.0},{"damage":0.0,"enemies":"Cultist","floor":2.0,"turns":1.0},{"damage":0.0,"enemies":"Small Slimes","floor":4.0,"turns":1.0},{"damage":11.0,"enemies":"3 Louse","floor":5.0,"turns":9.0},{"damage":37.0,"enemies":"Gremlin Nob","floor":10.0,"turns":6.0},{"damage":24.0,"enemies":"Exordium Thugs","floor":12.0,"turns":6.0},{"damage":0.0,"enemies":"Looter","floor":14.0,"turns":3.0},{"damage":13.0,"enemies":"The Guardian","floor":16.0,"turns":16.0},{"damage":0.0,"enemies":"Shell Parasite","floor":18.0,"turns":10.0},{"damage":7.0,"enemies":"3 Byrds","floor":24.0,"turns":9.0},{"damage":10.0,"enemies":"Snecko","floor":27.0,"turns":7.0},{"damage":21.0,"enemies":"Centurion and Healer","floor":28.0,"turns":7.0},{"damage":0.0,"enemies":"Book of Stabbing","floor":30.0,"turns":4.0},{"damage":21.0,"enemies":"Automaton","floor":33.0,"turns":10.0},{"damage":44.0,"enemies":"Orb Walker","floor":35.0,"turns":5.0},{"damage":20.0,"enemies":"3 Darklings","floor":38.0,"turns":7.0},{"damage":9,"enemies":"Spire Growth","floor":39,"turns":2}],"seed_played":"353026901443465507","potions_obtained":[{"floor":1.0,"key":"Swift Potion"},{"floor":12.0,"key":"Dexterity Potion"},{"floor":14.0,"key":"LiquidBronze"},{"floor":16.0,"key":"GamblersBrew"},{"floor":18.0,"key":"Energy Potion"},{"floor":38.0,"key":"FearPotion"}],"is_trial":false,"path_per_floor":["M","M","?","M","M","R","$","R","T","E","R","M","$","M","R","B",null,"M","?","$","?","$","R","M","R","T","M","M","R","E","?","R","B",null,"M","$","?","M","M"],"character_chosen":"THE_SILENT","items_purchased":["Block Potion","Cloak And Dagger","Purity","Acrobatics"],"campfire_rested":4,"item_purchase_floors":[7,13,20,22],"current_hp_per_floor":[59,59,59,59,48,48,48,48,48,11,30,6,6,6,25,12,53,53,53,53,53,53,53,46,46,46,36,15,34,34,34,53,32,58,26,26,26,6,0],"gold":110,"neow_bonus":"THREE_ENEMY_KILL","is_prod":false,"is_daily":false,"chose_seed":false,"campfire_upgraded":4,"win_rate":0,"timestamp":1556513763,"path_taken":["M","M","?","M","?","R","$","R","T","E","R","M","?","M","R","BOSS","M","?","$","?","$","R","M","R","T","?","M","R","E","?","R","BOSS","M","$","?","M","M"],"build_version":"2019-01-23","purchased_purges":1,"victory":false,"max_hp_per_floor":[66,66,66,66,66,66,66,66,66,66,66,66,66,66,66,66,66,66,66,66,66,66,66,66,66,66,66,66,66,66,66,66,66,66,66,66,66,66,66],"card_choices":[{"not_picked":["Noxious Fumes","Blade Dance"],"picked":"Tactician","floor":1.0},{"not_picked":["Dagger Spray","Bane"],"picked":"Reflex","floor":2.0},{"not_picked":["Deflect","Heel Hook","Bullet Time"],"picked":"SKIP","floor":4.0},{"not_picked":["Infinite Blades","Quick Slash"],"picked":"Dagger Throw","floor":5.0},{"not_picked":["Endless Agony","Dagger Throw","Choke"],"picked":"SKIP","floor":10.0},{"not_picked":["Blade Dance","Quick Slash"],"picked":"Backflip","floor":12.0},{"not_picked":["Deadly Poison","Underhanded Strike"],"picked":"Well Laid Plans","floor":14.0},{"not_picked":["Night Terror","Venomology"],"picked":"After Image","floor":16.0},{"not_picked":["Leg Sweep","Dagger Throw"],"picked":"Calculated Gamble","floor":17.0},{"not_picked":["Phantasmal Killer","Quick Slash"],"picked":"Calculated Gamble","floor":17.0},{"not_picked":["Distraction","Dagger Spray"],"picked":"Backstab","floor":17.0},{"not_picked":["Blade Dance","Deadly Poison"],"picked":"Backflip","floor":17.0},{"not_picked":["Prepared","Blade Dance+1"],"picked":"Acrobatics","floor":18.0},{"not_picked":["Flying Knee","Caltrops"],"picked":"Deadly Poison","floor":24.0},{"not_picked":["Outmaneuver","Accuracy"],"picked":"Escape Plan","floor":27.0},{"not_picked":["Deadly Poison+1","Crippling Poison","Blade Dance"],"picked":"SKIP","floor":28.0},{"not_picked":["Deadly Poison+1","Crippling Poison","Blade Dance"],"picked":"SKIP","floor":28.0},{"not_picked":["Acrobatics","Caltrops","Eviscerate+1"],"picked":"SKIP","floor":30.0},{"not_picked":["Sucker Punch","Slice"],"picked":"Venomology","floor":32.0},{"not_picked":["Dagger Throw","Bane"],"picked":"Prepared","floor":35.0},{"not_picked":["Dagger Spray+1","Deadly Poison","Dagger Throw"],"picked":"SKIP","floor":38.0}],"player_experience":716995,"relics_obtained":[{"floor":9.0,"key":"Torii"},{"floor":10.0,"key":"Kunai"},{"floor":26.0,"key":"Ancient Tea Set"},{"floor":30.0,"key":"Dream Catcher"}],"event_choices":[{"cards_removed":["Strike_G"],"damage_healed":0.0,"max_hp_gain":0.0,"max_hp_loss":0.0,"gold_gain":0.0,"event_name":"Bonfire Elementals","player_choice":"Offered Basic","floor":3.0,"gold_loss":0.0,"damage_taken":0.0},{"cards_removed":["Strike_G"],"damage_healed":0.0,"max_hp_gain":0.0,"max_hp_loss":0.0,"gold_gain":0.0,"event_name":"Back to Basics","player_choice":"Elegance","floor":19.0,"gold_loss":0.0,"damage_taken":0.0},{"damage_healed":0.0,"max_hp_gain":0.0,"max_hp_loss":0.0,"gold_gain":0.0,"event_name":"Accursed Blacksmith","player_choice":"Forge","floor":21.0,"gold_loss":0.0,"damage_taken":0.0,"cards_upgraded":["Calculated Gamble"]},{"damage_healed":0.0,"max_hp_gain":0.0,"max_hp_loss":0.0,"gold_gain":0.0,"event_name":"Addict","player_choice":"Obtained Relic","floor":31.0,"gold_loss":85.0,"damage_taken":0.0,"relics_obtained":["Potion Belt"]},{"damage_healed":0.0,"max_hp_gain":0.0,"max_hp_loss":0.0,"gold_gain":0.0,"event_name":"Duplicator","player_choice":"Copied","floor":37.0,"gold_loss":0.0,"damage_taken":0.0,"cards_obtained":["Tactician"]}],"is_beta":false,"boss_relics":[{"not_picked":["Philosopher\u0027s Stone","Astrolabe"],"picked":"Orrery"},{"not_picked":["Snecko Eye","HoveringKite","Runic Dome"]}],"items_purged_floors":[7],"is_endless":false,"potions_floor_spawned":[1,12,14,16,18,24,38],"killed_by":"Spire Growth","ascension_level":16}