{"gold_per_floor":[369,253,103,117,131,163,163,27,27,27,27,43,43,43,43,145,145,155,255,255,13,28,28,28,28,28,28,28,53,16,34,34,34],"floor_reached":33,"playtime":3585,"items_purged":[],"score":239,"play_id":"4aec29dc-7b9f-4d3c-9b32-7a532f26c735","local_time":"20190430232702","is_ascension_mode":false,"campfire_choices":[{"floor":7,"key":"REST"},{"data":"Poisoned Stab","floor":10,"key":"SMITH"},{"data":"Crippling Poison","floor":13,"key":"SMITH"},{"floor":15,"key":"REST"},{"floor":23,"key":"REST"},{"floor":27,"key":"REST"},{"data":"Corpse Explosion","floor":32,"key":"SMITH"}],"neow_cost":"TEN_PERCENT_HP_LOSS","seed_source_timestamp":5404204456253,"circlet_count":0,"master_deck":["Defend_G","Defend_G+1","Defend_G","Defend_G","Strike_G","Strike_G","Strike_G","Strike_G+1","Survivor+1","Neutralize","Riddle With Holes","Deadly Poison","Flash of Steel","Calculated Gamble","Poisoned Stab+1","Crippling Poison+1","Crippling Poison+1","Backflip","A Thousand Cuts","Reflex+1","Backflip+1","Dagger Throw+1","Flying Knee+1","Deadly Poison","RitualDagger","Die Die Die","Metamorphosis","Finisher+1","Writhe","Dash","Corpse Explosion+1"],"relics":["Ring of the Snake","Thread and Needle","Vajra","Gremlin Horn","Astrolabe","Pocketwatch","Letter Opener","PreservedInsect","Darkstone Periapt","War Paint"],"potions_floor_usage":[16,19,19,31,33],"damage_taken":[{"damage":0,"enemies":"Small Slimes","floor":1,"turns":3},{"damage":0,"enemies":"Cultist","floor":4,"turns":3},{"damage":0,"enemies":"2 Louse","floor":5,"turns":3},{"damage":33,"enemies":"3 Sentries","floor":6,"turns":9},{"damage":1,"enemies":"2 Fungi Beasts","floor":12,"turns":3},{"damage":19,"enemies":"Slime Boss","floor":16,"turns":11},{"damage":7,"enemies":"Spheric Guardian","floor":18,"turns":4},{"damage":9,"enemies":"Colosseum Slavers","floor":19,"turns":4},{"damage":17,"enemies":"Colosseum Nobs","floor":19,"turns":4},{"damage":13,"enemies":"3 Byrds","floor":22,"turns":4},{"damage":5,"enemies":"Centurion and Healer","floor":31,"turns":3},{"damage":54,"enemies":"Champ","floor":33,"turns":8}],"seed_played":"6595900232804139359","potions_obtained":[{"floor":5,"key":"SkillPotion"},{"floor":6,"key":"Poison Potion"},{"floor":12,"key":"Weak Potion"},{"floor":22,"key":"Explosive Potion"},{"floor":31,"key":"Strength Potion"}],"is_trial":false,"path_per_floor":["M","?","$","M","M","E","R","$","T","R","?","M","R","?","R","B",null,"M","?","?","$","M","R","?","$","T","R","?","T","$","M","R","B"],"character_chosen":"THE_SILENT","items_purchased":["Deadly Poison","Flash of Steel","Crippling Poison","Backflip","Die Die Die","Metamorphosis","Dash"],"campfire_rested":4,"item_purchase_floors":[3,3,8,8,21,21,30],"current_hp_per_floor":[63,63,63,63,63,30,48,48,48,48,48,47,47,34,52,33,63,56,30,24,24,11,29,29,29,29,47,47,47,47,42,42,0],"gold":34,"neow_bonus":"TWO_FIFTY_GOLD","is_prod":false,"is_daily":false,"chose_seed":false,"campfire_upgraded":3,"win_rate":0.0,"timestamp":1556681222,"path_taken":["M","?","$","M","?","E","R","$","T","R","?","M","R","?","R","BOSS","M","?","?","?","M","R","?","?","T","R","?","?","$","M","R","BOSS"],"build_version":"2019-01-23","purchased_purges":0,"victory":false,"max_hp_per_floor":[63,63,63,63,63,63,63,63,63,63,63,63,63,63,63,63,63,63,63,63,63,63,63,63,63,63,63,63,63,63,63,63,63],"card_choices":[{"not_picked":["Slice","Blade Dance"],"picked":"Riddle With Holes","floor":1},{"not_picked":["Dodge and Roll","Masterful Stab"],"picked":"Calculated Gamble","floor":4},{"not_picked":["Slice","Blade Dance"],"picked":"Poisoned Stab","floor":5},{"not_picked":["Deflect","Distraction"],"picked":"Crippling Poison","floor":6},{"not_picked":["Blade Dance","Footwork"],"picked":"Slice","floor":12},{"not_picked":["Phantasmal Killer","Venomology"],"picked":"A Thousand Cuts","floor":16},{"not_picked":["Backflip","Deflect"],"picked":"Flying Knee+1","floor":18},{"not_picked":["Bane","Blur+1"],"picked":"Deadly Poison","floor":19},{"not_picked":["Heel Hook+1","Dagger Throw"],"picked":"Finisher+1","floor":22},{"not_picked":["Sucker Punch","Dagger Throw"],"picked":"Corpse Explosion","floor":31}],"player_experience":18255,"relics_obtained":[{"floor":6,"key":"Vajra"},{"floor":9,"key":"Gremlin Horn"},{"floor":19,"key":"Pocketwatch"},{"floor":19,"key":"Letter Opener"},{"floor":26,"key":"Darkstone Periapt"},{"floor":29,"key":"War Paint"}],"event_choices":[{"damage_healed":0,"gold_gain":0,"player_choice":"Paid Gold","damage_taken":0,"relics_obtained":["Thread and Needle"],"max_hp_gain":0,"max_hp_loss":0,"event_name":"WeMeetAgain","floor":2,"gold_loss":116},{"damage_healed":0,"gold_gain":0,"player_choice":"Leave","damage_taken":0,"max_hp_gain":0,"max_hp_loss":0,"event_name":"The Cleric","floor":11,"gold_loss":0},{"damage_healed":0,"gold_gain":0,"player_choice":"Entered Light","damage_taken":13,"max_hp_gain":0,"max_hp_loss":0,"event_name":"Shining Light","floor":14,"gold_loss":0,"cards_upgraded":["Strike_G","Crippling Poison"]},{"damage_healed":0,"gold_gain":0,"player_choice":"Fight","damage_taken":0,"max_hp_gain":0,"max_hp_loss":0,"event_name":"Colosseum","floor":19,"gold_loss":0},{"damage_healed":0,"gold_gain":0,"player_choice":"Fought Nobs","damage_taken":0,"max_hp_gain":0,"max_hp_loss":0,"event_name":"Colosseum","floor":19,"gold_loss":0},{"damage_healed":0,"gold_gain":0,"player_choice":"Joined the Cult","damage_taken":6,"max_hp_gain":0,"max_hp_loss":0,"event_name":"Nest","floor":20,"gold_loss":0,"cards_obtained":["RitualDagger"]},{"damage_healed":0,"gold_gain":0,"player_choice":"Opened","damage_taken":0,"relics_obtained":["PreservedInsect"],"max_hp_gain":0,"max_hp_loss":0,"event_name":"The Mausoleum","floor":24,"gold_loss":0,"cards_obtained":["Writhe"]},{"damage_healed":0,"gold_gain":0,"player_choice":"Ignored","damage_taken":0,"max_hp_gain":0,"max_hp_loss":0,"event_name":"Beggar","floor":28,"gold_loss":0}],"is_beta":false,"boss_relics":[{"not_picked":["WristBlade","Fusion Hammer"],"picked":"Astrolabe"}],"items_purged_floors":[],"is_endless":false,"potions_floor_spawned":[5,6,12,22,31],"killed_by":"Champ","ascension_level":0}