{"gold_per_floor":[119,119,119,139,64,64,64,87,111,111,41,41,56,75,75,196,196,184,84,84,97,122,122,136,69,137,12,12,12,48,63,63,63],"floor_reached":33,"playtime":1720,"items_purged":["Parasite","Strike_B","Strike_B"],"score":280,"play_id":"d36bb612-a19d-404e-a5bd-d345de3c674d","local_time":"20190226144521","is_ascension_mode":false,"campfire_choices":[{"data":"Zap","floor":6.0,"key":"SMITH"},{"data":"Reinforced Body","floor":10.0,"key":"SMITH"},{"data":"Loop","floor":15.0,"key":"SMITH"},{"data":"Loop","floor":23,"key":"SMITH"},{"data":"Lockon","floor":32,"key":"SMITH"}],"neow_cost":"CURSE","seed_source_timestamp":36183172715169,"circlet_count":0,"master_deck":["Defend_B+1","Defend_B","Defend_B+1","Zap+1","Dualcast+1","Auto Shields+1","Reinforced Body+1","Loop+1","Glacier","Ball Lightning","Multi-Cast","BootSequence","Loop+1","Conserve Battery","Reinforced Body","Biased Cognition","FTL+1","Leap+1","Loop","Cold Snap","Turbo","Lockon+1"],"special_seed":0,"relics":["Cracked Core","Golden Idol","War Paint","Vajra","Orrery","Cables","Darkstone Periapt","Sundial"],"potions_floor_usage":[22,24,33],"damage_taken":[{"damage":2.0,"enemies":"Small Slimes","floor":1.0,"turns":4.0},{"damage":1.0,"enemies":"Cultist","floor":4.0,"turns":5.0},{"damage":0.0,"enemies":"Jaw Worm","floor":8.0,"turns":4.0},{"damage":0.0,"enemies":"Exordium Thugs","floor":13.0,"turns":4.0},{"damage":0.0,"enemies":"Blue Slaver","floor":14.0,"turns":3.0},{"damage":27.0,"enemies":"Hexaghost","floor":16.0,"turns":18.0},{"damage":9.0,"enemies":"2 Thieves","floor":18.0,"turns":4.0},{"damage":18,"enemies":"3 Byrds","floor":21,"turns":6},{"damage":9,"enemies":"Shelled Parasite and Fungi","floor":22,"turns":14},{"damage":17,"enemies":"Sentry and Sphere","floor":24,"turns":10},{"damage":0,"enemies":"Book of Stabbing","floor":30,"turns":8},{"damage":0,"enemies":"Snake Plant","floor":31,"turns":4},{"damage":62,"enemies":"Automaton","floor":33,"turns":12}],"seed_played":"-7261449699013788222","potions_obtained":[{"floor":4.0,"key":"SneckoOil"},{"floor":7.0,"key":"Swift Potion"},{"floor":7.0,"key":"Regen Potion"},{"floor":7.0,"key":"Swift Potion"},{"floor":22,"key":"Regen Potion"},{"floor":24,"key":"Weak Potion"},{"floor":31,"key":"Strength Potion"}],"is_trial":false,"path_per_floor":["M","?","?","M","$","R","?","M","T","R","$","?","M","M","R","B",null,"M","$","?","M","M","R","M","$","T","$","?","T","E","M","R","B"],"character_chosen":"DEFECT","items_purchased":["Loop","Loop"],"campfire_rested":0,"item_purchase_floors":[11,25],"current_hp_per_floor":[73,58,58,57,57,57,57,57,57,57,57,57,57,57,57,30,66,57,57,57,39,45,45,43,43,43,43,43,43,43,43,43,0],"gold":63,"neow_bonus":"TRANSFORM_TWO_CARDS","is_prod":false,"is_daily":false,"chose_seed":true,"campfire_upgraded":5,"win_rate":0,"timestamp":1551181521,"path_taken":["M","?","?","M","$","R","?","?","T","R","?","?","?","M","R","BOSS","M","$","?","?","M","R","M","$","T","?","?","?","E","M","R","BOSS"],"build_version":"2019-01-23","purchased_purges":3,"victory":false,"max_hp_per_floor":[75,75,69,69,66,66,66,66,66,66,66,66,66,66,66,66,66,66,66,66,66,66,66,66,66,66,66,66,66,66,66,66,66],"card_choices":[{"not_picked":["Loop","Rip and Tear"],"picked":"Auto Shields","floor":1.0},{"not_picked":["Rebound","Coolheaded"],"picked":"Reinforced Body","floor":4.0},{"not_picked":["Go for the Eyes","Hologram","Coolheaded"],"picked":"SKIP","floor":8.0},{"not_picked":["Barrage","Fusion"],"picked":"Glacier","floor":13.0},{"not_picked":["Steam","Stack"],"picked":"Ball Lightning","floor":14.0},{"not_picked":["Buffer","Echo Form"],"picked":"Multi-Cast","floor":16.0},{"not_picked":["Redo","Turbo"],"picked":"BootSequence","floor":17.0},{"not_picked":["Sweeping Beam","Undo"],"picked":"Loop","floor":17.0},{"not_picked":["Barrage","Doom and Gloom"],"picked":"Conserve Battery","floor":17.0},{"not_picked":["Darkness","Recycle","BootSequence"],"picked":"SKIP","floor":18.0},{"not_picked":["Beam Cell","Glacier"],"picked":"Biased Cognition","floor":21},{"not_picked":["Glacier","Auto Shields"],"picked":"FTL+1","floor":22},{"not_picked":["Beam Cell","Conserve Battery"],"picked":"Leap+1","floor":24},{"not_picked":["Force Field+1","Rainbow"],"picked":"Lockon","floor":30},{"not_picked":["Cold Snap","Steam","Sweeping Beam"],"picked":"SKIP","floor":31}],"player_experience":925041,"relics_obtained":[{"floor":9.0,"key":"War Paint"},{"floor":12.0,"key":"Vajra"},{"floor":26,"key":"Cables"},{"floor":29,"key":"Darkstone Periapt"},{"floor":30,"key":"Sundial"}],"event_choices":[{"damage_healed":0.0,"max_hp_gain":0.0,"max_hp_loss":0.0,"gold_gain":0.0,"event_name":"Shining Light","player_choice":"Entered Light","floor":2.0,"gold_loss":0.0,"damage_taken":15.0,"cards_upgraded":["Defend_B","Defend_B"]},{"damage_healed":0.0,"max_hp_gain":0.0,"max_hp_loss":6.0,"gold_gain":0.0,"event_name":"Golden Idol","player_choice":"Lose Max HP","floor":3.0,"gold_loss":0.0,"damage_taken":0.0,"relics_obtained":["Golden Idol"]},{"damage_healed":0.0,"max_hp_gain":0.0,"max_hp_loss":0.0,"gold_gain":0.0,"event_name":"Lab","player_choice":"Got Potions","floor":7.0,"gold_loss":0.0,"damage_taken":0.0},{"damage_healed":0.0,"max_hp_gain":0.0,"max_hp_loss":0.0,"gold_gain":0.0,"event_name":"Wheel of Change","player_choice":"Relic","floor":12.0,"gold_loss":0.0,"damage_taken":0.0},{"damage_healed":0,"gold_gain":0,"cards_transformed":["Storm"],"player_choice":"Transformed","damage_taken":0,"max_hp_gain":0,"max_hp_loss":0,"event_name":"Transmorgrifier","floor":20,"gold_loss":0,"cards_obtained":["Reinforced Body"]},{"damage_healed":0,"gold_gain":0,"cards_transformed":["Steam Power","Strike_B"],"player_choice":"Became Test Subject","damage_taken":0,"max_hp_gain":0,"max_hp_loss":0,"event_name":"Drug Dealer","floor":28,"gold_loss":0,"cards_obtained":["Cold Snap","Turbo"]}],"is_beta":false,"boss_relics":[{"not_picked":["Snecko Eye","Eternal Feather"],"picked":"Orrery"}],"items_purged_floors":[5,19,27],"is_endless":false,"potions_floor_spawned":[4,14,22,24,31],"killed_by":"Automaton","ascension_level":0}