{"gold_per_floor":[109,125,138,148,164,197,197,231,231,231,14,14,45,63,63,188,188,204,8,8,24,37,37,75,94,94,133,133,174,194,215,215,339,339,352,365,4,4,19,54,79,113,138,488,518,530,567,599,611,623],"floor_reached":50,"playtime":4109,"items_purged":["Strike_R","Strike_R"],"score":800,"play_id":"738dfc11-b37f-43fc-8005-c763281e06c1","local_time":"20190106215523","is_ascension_mode":true,"campfire_choices":[{"data":"Inflame","floor":10,"key":"SMITH"},{"data":"Bash","floor":12,"key":"SMITH"},{"data":"Rupture","floor":15,"key":"SMITH"},{"data":"Armaments","floor":23,"key":"SMITH"},{"data":"Pommel Strike","floor":28,"key":"SMITH"},{"data":"Armaments","floor":32,"key":"SMITH"},{"data":"Strike_R","floor":49,"key":"PURGE"}],"neow_cost":"NONE","seed_source_timestamp":259814055584870,"circlet_count":0,"master_deck":["Strike_R","Strike_R","Defend_R+1","Defend_R","Defend_R","Defend_R","Bash+1","Pommel Strike+1","Iron Wave","Dropkick","Clash","Dropkick","Inflame+1","Headbutt","Second Wind","Clothesline","Rupture+1","Armaments+1","Twin Strike","Intimidate","Clash+1","Hemokinesis","Cleave","Evolve","Reaper","Armaments+1","Clash","Limit Break","Rampage+1","Inflame+1","Apotheosis+1","Rampage+1","Heavy Blade","Infernal Blade+1","Offering+1","Flex+1","Heavy Blade","Flash of Steel","Clash","Heavy Blade"],"relics":["Burning Blood","Orichalcum","Charon\u0027s Ashes","Golden Idol","Self Forming Clay","Regal Pillow","Membership Card","Lantern","Runic Dome","Bird Faced Urn","Bottled Lightning","Paper Frog","FossilizedHelix","Omamori","Black Star","Peace Pipe","Ancient Tea Set","Dodecahedron","Toxic Egg 2","Ice Cream","Bottled Flame","War Paint","MawBank","Old Coin","Darkstone Periapt"],"potions_floor_usage":[8,27,29,44,47,50,50,50],"damage_taken":[{"damage":0,"enemies":"Small Slimes","floor":1,"turns":3},{"damage":0,"enemies":"2 Louse","floor":2,"turns":2},{"damage":0,"enemies":"Cultist","floor":3,"turns":3},{"damage":14,"enemies":"Exordium Wildlife","floor":4,"turns":6},{"damage":9,"enemies":"Gremlin Gang","floor":5,"turns":5},{"damage":8,"enemies":"Gremlin Nob","floor":6,"turns":3},{"damage":6,"enemies":"3 Sentries","floor":8,"turns":6},{"damage":18,"enemies":"Lagavulin","floor":13,"turns":5},{"damage":4,"enemies":"Large Slime","floor":14,"turns":3},{"damage":13,"enemies":"Hexaghost","floor":16,"turns":7},{"damage":4,"enemies":"3 Byrds","floor":18,"turns":4},{"damage":4,"enemies":"Spheric Guardian","floor":21,"turns":3},{"damage":18,"enemies":"Snake Plant","floor":22,"turns":3},{"damage":15,"enemies":"Slavers","floor":24,"turns":4},{"damage":3,"enemies":"Cultist and Chosen","floor":25,"turns":3},{"damage":19,"enemies":"Book of Stabbing","floor":27,"turns":5},{"damage":19,"enemies":"Slavers","floor":29,"turns":6},{"damage":12,"enemies":"Shelled Parasite and Fungi","floor":30,"turns":4},{"damage":14,"enemies":"3 Cultists","floor":31,"turns":5},{"damage":74,"enemies":"Collector","floor":33,"turns":7},{"damage":13,"enemies":"3 Shapes","floor":35,"turns":4},{"damage":42,"enemies":"3 Darklings","floor":36,"turns":5},{"damage":16,"enemies":"Maw","floor":39,"turns":7},{"damage":50,"enemies":"Reptomancer","floor":40,"turns":7},{"damage":21,"enemies":"Sphere and 2 Shapes","floor":41,"turns":4},{"damage":0,"enemies":"Nemesis","floor":42,"turns":3},{"damage":28,"enemies":"Reptomancer","floor":44,"turns":5},{"damage":13,"enemies":"4 Shapes","floor":45,"turns":3},{"damage":10,"enemies":"3 Darklings","floor":47,"turns":4},{"damage":5,"enemies":"Transient","floor":48,"turns":5},{"damage":83,"enemies":"Donu and Deca","floor":50,"turns":6}],"seed_played":"-2514109944645727507","potions_obtained":[{"floor":1,"key":"SpeedPotion"},{"floor":2,"key":"Ancient Potion"},{"floor":8,"key":"Regen Potion"},{"floor":13,"key":"SpeedPotion"},{"floor":14,"key":"Weak Potion"},{"floor":18,"key":"SkillPotion"},{"floor":22,"key":"Strength Potion"},{"floor":30,"key":"SpeedPotion"},{"floor":39,"key":"Explosive Potion"},{"floor":42,"key":"Fire Potion"},{"floor":45,"key":"AttackPotion"},{"floor":47,"key":"Explosive Potion"}],"is_trial":false,"path_per_floor":["M","M","M","M","M","E","?","E","T","R","$","R","E","M","R","B",null,"M","$","?","M","M","R","E","M","T","E","R","E","M","M","R","B",null,"M","M","$","?","M","E","M","E","T","E","M","?","M","M","R","B"],"character_chosen":"IRONCLAD","items_purchased":["Membership Card","Second Wind","Bird Faced Urn","Twin Strike","Peace Pipe","Ancient Tea Set","Apotheosis"],"campfire_rested":0,"item_purchase_floors":[11,11,19,19,37,37,37],"current_hp_per_floor":[80,80,80,72,69,67,47,47,47,47,47,47,35,37,37,30,80,80,80,90,90,80,80,75,78,78,69,69,62,65,73,73,30,90,85,56,56,56,52,26,29,41,41,38,31,31,47,56,56,0],"gold":623,"neow_bonus":"RANDOM_COMMON_RELIC","is_prod":false,"is_daily":false,"chose_seed":false,"campfire_upgraded":6,"win_rate":0,"timestamp":1546782923,"path_taken":["M","M","M","M","M","E","?","E","T","R","$","R","E","M","R","BOSS","M","$","?","M","M","R","E","M","T","E","R","E","M","M","R","BOSS","M","?","$","?","?","E","M","E","T","E","M","?","M","M","R","BOSS"],"build_version":"2019-01-03v4","purchased_purges":2,"victory":false,"max_hp_per_floor":[80,80,80,80,80,80,80,80,80,80,80,80,80,80,80,80,80,80,80,90,90,90,90,90,90,90,90,90,90,90,90,90,90,90,90,90,90,90,90,90,90,90,90,90,90,90,90,90,90,90],"card_choices":[{"not_picked":["Burning Pact","Flex"],"picked":"Pommel Strike","floor":1},{"not_picked":["Anger","Sword Boomerang"],"picked":"Iron Wave","floor":2},{"not_picked":["Armaments","True Grit"],"picked":"Dropkick","floor":3},{"not_picked":["Thunderclap","Headbutt"],"picked":"Clash","floor":4},{"not_picked":["Clothesline","Flex"],"picked":"Dropkick","floor":5},{"not_picked":["Thunderclap","Armaments"],"picked":"Inflame","floor":6},{"not_picked":["Barricade","Pommel Strike"],"picked":"Headbutt","floor":8},{"not_picked":["Sever Soul","Feel No Pain"],"picked":"Clothesline","floor":13},{"not_picked":["Sword Boomerang","Reckless Charge"],"picked":"Rupture","floor":14},{"not_picked":["Berserk","Fiend Fire"],"picked":"Immolate","floor":16},{"not_picked":["Anger","Clothesline"],"picked":"Armaments","floor":18},{"not_picked":["Sword Boomerang","Body Slam"],"picked":"Intimidate","floor":21},{"not_picked":["Uppercut+1","Evolve"],"picked":"Clash+1","floor":22},{"not_picked":["Clothesline","Flex"],"picked":"Hemokinesis","floor":24},{"not_picked":["Clothesline","Pommel Strike"],"picked":"Cleave","floor":25},{"not_picked":["Perfected Strike","Power Through+1"],"picked":"Evolve","floor":27},{"not_picked":["Flex","Berserk"],"picked":"Reaper","floor":29},{"not_picked":["Clothesline","Warcry"],"picked":"Armaments","floor":30},{"not_picked":["Cleave","Evolve+1"],"picked":"Clash","floor":31},{"not_picked":["Berserk","Dark Embrace"],"picked":"Limit Break","floor":33},{"not_picked":["Shrug It Off+1","Clothesline"],"picked":"Rampage+1","floor":35},{"not_picked":["Iron Wave","Cleave"],"picked":"Inflame+1","floor":36},{"not_picked":["Warcry+1","Combust"],"picked":"Rampage+1","floor":39},{"not_picked":["Metallicize+1","Brutality"],"picked":"Heavy Blade","floor":40},{"not_picked":["Body Slam","Cleave+1"],"picked":"Infernal Blade+1","floor":41},{"not_picked":["Headbutt","Spot Weakness+1"],"picked":"Offering+1","floor":42},{"not_picked":["Iron Wave","Evolve"],"picked":"Flex+1","floor":44},{"not_picked":["Metallicize","Wild Strike"],"picked":"Heavy Blade","floor":45},{"not_picked":["Good Instincts+1","Purity+1"],"picked":"Flash of Steel","floor":46},{"not_picked":["Flame Barrier+1","Whirlwind+1"],"picked":"Clash","floor":47},{"not_picked":["Body Slam","Cleave+1"],"picked":"Heavy Blade","floor":48}],"player_experience":69634,"relics_obtained":[{"floor":6,"key":"Charon\u0027s Ashes"},{"floor":8,"key":"Self Forming Clay"},{"floor":9,"key":"Regal Pillow"},{"floor":13,"key":"Lantern"},{"floor":24,"key":"Bottled Lightning"},{"floor":26,"key":"Paper Frog"},{"floor":27,"key":"FossilizedHelix"},{"floor":29,"key":"Omamori"},{"floor":40,"key":"Toxic Egg 2"},{"floor":40,"key":"Ice Cream"},{"floor":42,"key":"Bottled Flame"},{"floor":42,"key":"War Paint"},{"floor":43,"key":"MawBank"},{"floor":44,"key":"Old Coin"},{"floor":44,"key":"Darkstone Periapt"}],"event_choices":[{"damage_healed":0,"gold_gain":0,"player_choice":"Take Damage","damage_taken":20,"relics_obtained":["Golden Idol"],"max_hp_gain":0,"max_hp_loss":0,"event_name":"Golden Idol","floor":7,"gold_loss":0},{"cards_removed":["Immolate"],"damage_healed":0,"gold_gain":0,"player_choice":"Offered Rare","damage_taken":0,"max_hp_gain":10,"max_hp_loss":0,"event_name":"Bonfire Elementals","floor":20,"gold_loss":0},{"damage_healed":0,"gold_gain":0,"player_choice":"Gave Potion","damage_taken":0,"relics_obtained":["Dodecahedron"],"max_hp_gain":0,"max_hp_loss":0,"event_name":"WeMeetAgain","floor":38,"gold_loss":0},{"damage_healed":0,"gold_gain":0,"player_choice":"Memory 1","damage_taken":0,"max_hp_gain":0,"max_hp_loss":0,"event_name":"SensoryStone","floor":46,"gold_loss":0}],"is_beta":false,"boss_relics":[{"not_picked":["Runic Cube","Black Blood"],"picked":"Runic Dome"},{"not_picked":["Cursed Key","Tiny House"],"picked":"Black Star"}],"items_purged_floors":[19,37],"is_endless":false,"potions_floor_spawned":[1,2,8,13,14,18,22,30,39,42,45,47],"killed_by":"Donu and Deca","ascension_level":1}