{"gold_per_floor":[110,110,110,135,135,166,182,205,231,231,246,290,477,509,521,533],"floor_reached":16,"playtime":743,"items_purged":[],"score":118,"play_id":"5bf84b81-db48-497f-8c4b-6e0c700f2f05","local_time":"20181227195600","is_ascension_mode":true,"campfire_choices":[{"data":"Neutralize","floor":10,"key":"SMITH"},{"floor":15,"key":"REST"}],"neow_cost":"NONE","seed_source_timestamp":2516928105578,"circlet_count":0,"master_deck":["Defend_G+1","Defend_G","Defend_G","Defend_G","Defend_G","Strike_G","Strike_G+1","Strike_G","Survivor","Neutralize+1","Finisher","Cloak And Dagger","All Out Attack","Backflip","PiercingWail","Backstab","Doubt"],"relics":["Ring of the Snake","Golden Idol","Juzu Bracelet","Strawberry","MawBank"],"potions_floor_usage":[6,12,16],"damage_taken":[{"damage":2,"enemies":"Cultist","floor":1,"turns":6},{"damage":0,"enemies":"2 Louse","floor":4,"turns":3},{"damage":13,"enemies":"Lagavulin","floor":6,"turns":5},{"damage":0,"enemies":"Small Slimes","floor":7,"turns":1},{"damage":0,"enemies":"Blue Slaver","floor":8,"turns":4},{"damage":9,"enemies":"Large Slime","floor":11,"turns":7},{"damage":14,"enemies":"Gremlin Nob","floor":12,"turns":4},{"damage":0,"enemies":"Looter","floor":14,"turns":3},{"damage":31,"enemies":"Hexaghost","floor":16,"turns":15}],"seed_played":"5252106327475210904","potions_obtained":[{"floor":1,"key":"Strength Potion"},{"floor":7,"key":"Strength Potion"},{"floor":8,"key":"SpeedPotion"},{"floor":14,"key":"Weak Potion"}],"is_trial":false,"path_per_floor":["M","?","?","M","?","E","M","M","T","R","M","E","?","M","R","B"],"character_chosen":"THE_SILENT","items_purchased":[],"campfire_rested":1,"item_purchase_floors":[],"current_hp_per_floor":[68,54,37,37,37,24,24,24,31,31,22,8,8,8,31,0],"gold":533,"neow_bonus":"TRANSFORM_CARD","is_prod":false,"is_daily":false,"chose_seed":false,"campfire_upgraded":1,"win_rate":0,"timestamp":1545929760,"path_taken":["M","?","?","M","?","E","M","M","T","R","M","E","?","M","R","BOSS"],"build_version":"2018-12-20","purchased_purges":0,"victory":false,"max_hp_per_floor":[70,70,70,70,70,70,70,70,77,77,77,77,77,77,77,77],"card_choices":[{"not_picked":["Eviscerate","Quick Slash"],"picked":"Cloak And Dagger","floor":1},{"not_picked":["Acrobatics","Concentrate","Heel Hook"],"picked":"SKIP","floor":4},{"not_picked":["Dagger Spray","Finisher"],"picked":"Backflip","floor":6},{"not_picked":["Slice","Concentrate","Bane"],"picked":"SKIP","floor":7},{"not_picked":["Masterful Stab","Blade Dance"],"picked":"PiercingWail","floor":8},{"not_picked":["PiercingWail","Quick Slash","Blade Dance"],"picked":"SKIP","floor":11},{"not_picked":["Wraith Form v2","Catalyst"],"picked":"Backstab","floor":12},{"not_picked":["PiercingWail","Bane","Cloak And Dagger"],"picked":"SKIP","floor":14}],"player_experience":370591,"relics_obtained":[{"floor":6,"key":"Juzu Bracelet"},{"floor":9,"key":"Strawberry"},{"floor":12,"key":"MawBank"}],"event_choices":[{"damage_healed":0,"gold_gain":0,"player_choice":"Entered Light","damage_taken":14,"max_hp_gain":0,"max_hp_loss":0,"event_name":"Shining Light","floor":2,"gold_loss":0,"cards_upgraded":["Defend_G","Strike_G"]},{"damage_healed":0,"gold_gain":0,"player_choice":"Take Damage","damage_taken":17,"relics_obtained":["Golden Idol"],"max_hp_gain":0,"max_hp_loss":0,"event_name":"Golden Idol","floor":3,"gold_loss":0},{"damage_healed":0,"gold_gain":0,"cards_transformed":["Strike_G"],"player_choice":"Transformed","damage_taken":0,"max_hp_gain":0,"max_hp_loss":0,"event_name":"Transmorgrifier","floor":5,"gold_loss":0,"cards_obtained":["All Out Attack"]},{"damage_healed":0,"gold_gain":175,"player_choice":"AGREE","damage_taken":0,"max_hp_gain":0,"max_hp_loss":0,"event_name":"Liars Game","floor":13,"gold_loss":0,"cards_obtained":["Doubt"]}],"is_beta":false,"boss_relics":[],"items_purged_floors":[],"is_endless":false,"potions_floor_spawned":[1,7,8,14],"killed_by":"Hexaghost","ascension_level":1}