{"gold_per_floor":[211,222,237,237,237,237,255,255,255,255,286,286,173,186,186,290,290,300,300,313,44,60,60,90,104,129,129,143,143,159,169,169,273,273,288,301,301,301,301,301,301,8,8,8,35,47,62,75,75,75],"floor_reached":51,"playtime":4774,"items_purged":["Strike_G","Strike_G"],"score":674,"play_id":"18c66458-8952-42a0-80d6-66d4594404d2","local_time":"20190119132731","is_ascension_mode":false,"campfire_choices":[{"data":"Well Laid Plans","floor":6,"key":"SMITH"},{"data":"Neutralize","floor":10,"key":"SMITH"},{"floor":12,"key":"REST"},{"data":"Setup","floor":15,"key":"SMITH"},{"data":"Concentrate","floor":23,"key":"SMITH"},{"data":"Noxious Fumes","floor":27,"key":"SMITH"},{"data":"Footwork","floor":29,"key":"SMITH"},{"data":"Burst","floor":32,"key":"SMITH"},{"data":"A Thousand Cuts","floor":40,"key":"SMITH"},{"data":"Doppelganger","floor":44,"key":"SMITH"},{"data":"Skewer","floor":49,"key":"SMITH"}],"neow_cost":"NONE","seed_source_timestamp":7619528723580,"circlet_count":0,"master_deck":["Defend_G","Defend_G","Defend_G","Defend_G","Defend_G","Survivor","Neutralize+1","Setup+1","Well Laid Plans+1","Poisoned Stab","Skewer+1","PiercingWail","Noxious Fumes+1","Dash","Doppelganger+1","A Thousand Cuts+1","Backflip","Flying Knee+1","Concentrate+1","Footwork+1","Slice+1","Dodge and Roll+1","Burst+1","Backflip","Corpse Explosion","Cloak And Dagger+1","Terror+1","Blind+1","A Thousand Cuts","PiercingWail","Outmaneuver+1","Terror+1"],"relics":["Ring of the Snake","Mango","Sundial","Ancient Tea Set","Runic Pyramid","Lantern","Bronze Scales","Empty Cage","Happy Flower","War Paint","Blue Candle","Anchor"],"potions_floor_usage":[11,11,20,21,45,48,50],"damage_taken":[{"damage":1,"enemies":"Jaw Worm","floor":1,"turns":7},{"damage":5,"enemies":"2 Louse","floor":2,"turns":4},{"damage":0,"enemies":"Cultist","floor":3,"turns":4},{"damage":10,"enemies":"Blue Slaver","floor":7,"turns":4},{"damage":25,"enemies":"Lagavulin","floor":11,"turns":8},{"damage":3,"enemies":"Large Slime","floor":14,"turns":5},{"damage":15,"enemies":"Slime Boss","floor":16,"turns":11},{"damage":1,"enemies":"Spheric Guardian","floor":18,"turns":7},{"damage":0,"enemies":"3 Byrds","floor":20,"turns":5},{"damage":2,"enemies":"Snecko","floor":22,"turns":6},{"damage":25,"enemies":"Slavers","floor":24,"turns":7},{"damage":3,"enemies":"Sentry and Sphere","floor":25,"turns":8},{"damage":0,"enemies":"Chosen and Byrds","floor":28,"turns":5},{"damage":3,"enemies":"Snake Plant","floor":30,"turns":5},{"damage":0,"enemies":"3 Cultists","floor":31,"turns":5},{"damage":2,"enemies":"Champ","floor":33,"turns":14},{"damage":1,"enemies":"3 Darklings","floor":35,"turns":5},{"damage":0,"enemies":"Orb Walker","floor":36,"turns":4},{"damage":19,"enemies":"Reptomancer","floor":45,"turns":8},{"damage":2,"enemies":"Transient","floor":46,"turns":5},{"damage":0,"enemies":"Jaw Worm Horde","floor":47,"turns":3},{"damage":3,"enemies":"Writhing Mass","floor":48,"turns":6},{"damage":75,"enemies":"Time Eater","floor":50,"turns":12}],"seed_played":"3346853545678257672","potions_obtained":[{"floor":2,"key":"Weak Potion"},{"floor":3,"key":"FearPotion"},{"floor":16,"key":"GamblersBrew"},{"floor":24,"key":"Explosive Potion"},{"floor":28,"key":"SteroidPotion"},{"floor":31,"key":"FearPotion"},{"floor":35,"key":"Strength Potion"},{"floor":47,"key":"Regen Potion"},{"floor":48,"key":"Energy Potion"}],"is_trial":false,"path_per_floor":["M","M","M","?","?","R","M","?","T","R","E","R","$","M","R","B",null,"M","?","M","$","M","R","E","M","T","R","M","R","M","M","R","B",null,"M","M","?","?","?","R","?","$","T","R","E","M","M","M","R","B",null],"character_chosen":"THE_SILENT","items_purchased":["Noxious Fumes","Fruit Juice","Concentrate","Happy Flower","War Paint"],"campfire_rested":1,"item_purchase_floors":[13,21,21,42,42],"current_hp_per_floor":[69,64,64,78,78,78,68,61,61,61,36,61,61,58,58,43,84,83,83,83,88,86,86,61,58,58,58,58,58,55,55,55,53,89,88,88,88,88,85,85,85,85,85,85,66,64,64,76,76,1],"gold":75,"neow_bonus":"HUNDRED_GOLD","is_prod":false,"is_daily":false,"chose_seed":false,"campfire_upgraded":10,"win_rate":0,"timestamp":1547893651,"path_taken":["M","M","M","?","?","R","?","?","T","R","E","R","$","M","R","BOSS","M","?","M","$","M","R","E","?","T","R","M","R","M","M","R","BOSS","M","M","?","?","?","R","?","$","T","R","E","M","M","M","R","BOSS"],"build_version":"2019-01-17v2","purchased_purges":2,"victory":true,"max_hp_per_floor":[70,70,70,84,84,84,84,84,84,84,84,84,84,84,84,84,84,84,84,84,89,89,89,89,89,89,89,89,89,89,89,89,89,89,89,89,89,89,85,85,85,85,85,85,85,85,85,85,85,85],"card_choices":[{"not_picked":["Prepared","Bouncing Flask"],"picked":"Setup","floor":1},{"not_picked":["Caltrops","Deflect"],"picked":"Well Laid Plans","floor":2},{"not_picked":["Deflect","Sucker Punch"],"picked":"Poisoned Stab","floor":3},{"not_picked":["Blade Dance","Acrobatics","Finisher"],"picked":"SKIP","floor":7},{"not_picked":["Calculated Gamble","Bane"],"picked":"PiercingWail","floor":11},{"not_picked":["Underhanded Strike","Footwork"],"picked":"Dash","floor":14},{"not_picked":["Envenom","Bullet Time"],"picked":"Doppelganger","floor":16},{"not_picked":["Reflex","Dagger Spray+1","Setup"],"picked":"SKIP","floor":18},{"not_picked":["Outmaneuver","PiercingWail+1"],"picked":"Flying Knee+1","floor":20},{"not_picked":["Masterful Stab","Acrobatics"],"picked":"Footwork","floor":22},{"not_picked":["Leg Sweep","Endless Agony"],"picked":"Malaise","floor":24},{"not_picked":["Underhanded Strike","Sucker Punch"],"picked":"Slice+1","floor":25},{"not_picked":["Reflex","PiercingWail"],"picked":"Dodge and Roll+1","floor":28},{"not_picked":["Deadly Poison","Noxious Fumes"],"picked":"Burst","floor":30},{"not_picked":["Skewer","Bane"],"picked":"Backflip","floor":31},{"not_picked":["Unload","Malaise"],"picked":"Corpse Explosion","floor":33},{"not_picked":["Slice","Dodge and Roll+1"],"picked":"Cloak And Dagger+1","floor":35},{"not_picked":["Prepared","Slice"],"picked":"Terror","floor":36},{"not_picked":["Madness","Mind Blast"],"picked":"Blind","floor":41},{"not_picked":["Well Laid Plans+1","Accuracy+1"],"picked":"A Thousand Cuts","floor":45},{"not_picked":["Backstab","Dagger Throw+1"],"picked":"PiercingWail","floor":46},{"not_picked":["Acrobatics","Cloak And Dagger+1"],"picked":"Outmaneuver+1","floor":47},{"not_picked":["Dagger Throw+1","Prepared+1"],"picked":"Terror+1","floor":48}],"player_experience":492024,"relics_obtained":[{"floor":9,"key":"Sundial"},{"floor":11,"key":"Ancient Tea Set"},{"floor":24,"key":"Lantern"},{"floor":26,"key":"Bronze Scales"},{"floor":43,"key":"Blue Candle"},{"floor":45,"key":"Anchor"}],"event_choices":[{"damage_healed":0,"gold_gain":0,"player_choice":"Box","damage_taken":0,"relics_obtained":["Mango"],"max_hp_gain":0,"max_hp_loss":0,"event_name":"Big Fish","floor":4,"gold_loss":0,"cards_obtained":["Regret"]},{"damage_healed":0,"gold_gain":0,"cards_transformed":["Strike_G"],"player_choice":"Transformed","damage_taken":0,"max_hp_gain":0,"max_hp_loss":0,"event_name":"Transmorgrifier","floor":5,"gold_loss":0,"cards_obtained":["Skewer"]},{"cards_removed":["Regret"],"damage_healed":0,"gold_gain":0,"player_choice":"Card Removal","damage_taken":7,"max_hp_gain":0,"max_hp_loss":0,"event_name":"Golden Wing","floor":8,"gold_loss":0},{"damage_healed":0,"gold_gain":0,"player_choice":"2 cards matched","damage_taken":0,"max_hp_gain":0,"max_hp_loss":0,"event_name":"Match and Keep!","floor":19,"gold_loss":0,"cards_obtained":["A Thousand Cuts","Backflip"]},{"cards_removed":["Malaise"],"damage_healed":0,"gold_gain":0,"player_choice":"Removed Skill","damage_taken":0,"max_hp_gain":0,"max_hp_loss":0,"event_name":"Falling","floor":37,"gold_loss":0},{"damage_healed":0,"gold_gain":0,"player_choice":"Ignored","damage_taken":0,"max_hp_gain":0,"max_hp_loss":0,"event_name":"Tomb of Lord Red Mask","floor":38,"gold_loss":0},{"damage_healed":0,"gold_gain":0,"player_choice":"Max HP","damage_taken":0,"max_hp_gain":0,"max_hp_loss":4,"event_name":"Winding Halls","floor":39,"gold_loss":0},{"damage_healed":0,"gold_gain":0,"player_choice":"Memory 1","damage_taken":0,"max_hp_gain":0,"max_hp_loss":0,"event_name":"SensoryStone","floor":41,"gold_loss":0}],"is_beta":false,"boss_relics":[{"not_picked":["Calling Bell","WristBlade"],"picked":"Runic Pyramid"},{"not_picked":["Astrolabe","Velvet Choker"],"picked":"Empty Cage"}],"items_purged_floors":[13,21],"is_endless":false,"potions_floor_spawned":[2,3,16,24,28,31,35,47,48],"ascension_level":0}