{"gold_per_floor":[109,119,134,36,36,36,56,68,68,68,81,7,40,52,52,52],"floor_reached":16,"playtime":882,"items_purged":["Strike_R"],"score":104,"play_id":"47f7e7eb-d11c-4f8c-ba19-b14ea08a6ed5","local_time":"20181012231019","is_ascension_mode":false,"campfire_choices":[{"data":"Bash","floor":6,"key":"SMITH"},{"floor":10,"key":"REST"},{"floor":15,"key":"REST"}],"neow_cost":"PERCENT_DAMAGE","seed_source_timestamp":14999423873754,"circlet_count":0,"master_deck":["Strike_R","Strike_R","Strike_R","Strike_R","Defend_R","Defend_R","Defend_R","Defend_R","Bash+1","Warcry","Heavy Blade","Double Tap","Armaments","Combust","Evolve","Flex"],"relics":["Burning Blood","Nunchaku","Sundial","Ice Cream"],"potions_floor_usage":[13,13,14],"damage_taken":[{"damage":6,"enemies":"Cultist","floor":1,"turns":3},{"damage":12,"enemies":"Small Slimes","floor":2,"turns":3},{"damage":11,"enemies":"Jaw Worm","floor":3,"turns":3},{"damage":27,"enemies":"Exordium Thugs","floor":7,"turns":9},{"damage":18,"enemies":"Large Slime","floor":8,"turns":8},{"damage":16,"enemies":"Blue Slaver","floor":11,"turns":5},{"damage":21,"enemies":"Gremlin Nob","floor":13,"turns":4},{"damage":13,"enemies":"Exordium Wildlife","floor":14,"turns":6},{"damage":46,"enemies":"Slime Boss","floor":16,"turns":5}],"seed_played":"7975020305762772239","potions_obtained":[{"floor":1,"key":"PowerPotion"},{"floor":7,"key":"Block Potion"},{"floor":8,"key":"Fire Potion"},{"floor":11,"key":"BloodPotion"}],"is_trial":false,"path_per_floor":["M","M","M","$","?","R","M","M","T","R","M","$","E","M","R"],"character_chosen":"IRONCLAD","items_purchased":["Warcry","Combust"],"campfire_rested":2,"item_purchase_floors":[4,12],"current_hp_per_floor":[56,50,45,45,45,45,24,12,12,36,26,26,19,12,36,0],"gold":52,"neow_bonus":"ONE_RARE_RELIC","is_prod":false,"is_daily":false,"chose_seed":false,"campfire_upgraded":1,"win_rate":0,"timestamp":1539375019,"path_taken":["M","M","?","$","?","R","M","M","T","R","M","?","E","?","R","BOSS"],"build_version":"2018-10-11","purchased_purges":1,"victory":false,"max_hp_per_floor":[80,80,80,80,80,80,80,80,80,80,80,80,80,80,80,80],"card_choices":[{"not_picked":["Sentinel","Shockwave","Anger"],"picked":"SKIP","floor":1},{"not_picked":["Flex","Sentinel"],"picked":"Whirlwind","floor":2},{"not_picked":["Rupture","Sword Boomerang","Feel No Pain"],"picked":"SKIP","floor":3},{"not_picked":["Warcry","Clash"],"picked":"Heavy Blade","floor":7},{"not_picked":["True Grit","Headbutt"],"picked":"Double Tap","floor":8},{"not_picked":["Wild Strike","Sword Boomerang"],"picked":"Armaments","floor":11},{"not_picked":["Corruption","Feel No Pain"],"picked":"Evolve","floor":13},{"not_picked":["Armaments","Perfected Strike"],"picked":"Flex","floor":14}],"player_experience":72262,"relics_obtained":[{"floor":13,"key":"Ice Cream"}],"event_choices":[{"event_name":"WeMeetAgain","player_choice":"Card","floor":5,"damage_taken":0}],"is_beta":false,"boss_relics":[],"items_purged_floors":[4],"is_endless":false,"potions_floor_spawned":[1,7,8,11],"killed_by":"Slime Boss","ascension_level":0}