{"gold_per_floor":[216,109,123,140,140,170,170,196,196,196,211,30,30,80,80,159,159,112,112,122,122,122,122,148,148,148,166,166,193,193,193,193,193],"floor_reached":33,"playtime":1793,"items_purged":["Strike_G"],"score":535,"play_id":"04758542-8c5e-43ad-8402-c24e7320e2ce","local_time":"20190402010402","is_ascension_mode":true,"campfire_choices":[{"floor":7,"key":"REST"},{"floor":10,"key":"REST"},{"floor":15,"key":"REST"},{"data":"Envenom","floor":23,"key":"SMITH"},{"data":"Footwork","floor":25,"key":"SMITH"},{"floor":28,"key":"REST"},{"data":"Deadly Poison","floor":32,"key":"SMITH"}],"neow_cost":"NONE","seed_source_timestamp":334948159550100,"circlet_count":0,"master_deck":["AscendersBane","Defend_G","Defend_G","Defend_G","Defend_G","Defend_G","Strike_G","Strike_G","Strike_G","Strike_G+1","Survivor","Neutralize","Sucker Punch","Cloak And Dagger+1","PiercingWail","Footwork+1","Well Laid Plans","Dodge and Roll","Infinite Blades","PiercingWail","Deadly Poison+1","Envenom+1","Dagger Spray","Footwork","Backstab","Regret","Footwork","Quick Slash","Decay"],"relics":["Ring of the Snake","Blood Vial","Turnip","Darkstone Periapt","Cursed Key","Gambling Chip","Lantern","Boot","MutagenicStrength"],"potions_floor_usage":[6,8,24,33],"damage_taken":[{"damage":2,"enemies":"Jaw Worm","floor":1,"turns":8},{"damage":0,"enemies":"2 Louse","floor":3,"turns":2},{"damage":6,"enemies":"Cultist","floor":4,"turns":5},{"damage":12,"enemies":"3 Sentries","floor":6,"turns":14},{"damage":25,"enemies":"Gremlin Nob","floor":8,"turns":6},{"damage":22,"enemies":"Gremlin Gang","floor":11,"turns":7},{"damage":17,"enemies":"The Guardian","floor":16,"turns":15},{"damage":22,"enemies":"2 Thieves","floor":18,"turns":5},{"damage":0,"enemies":"Spheric Guardian","floor":20,"turns":9},{"damage":25,"enemies":"Slavers","floor":24,"turns":10},{"damage":3,"enemies":"Centurion and Healer","floor":27,"turns":7},{"damage":33,"enemies":"Gremlin Leader","floor":29,"turns":10},{"damage":17,"enemies":"Champ","floor":33,"turns":5}],"seed_played":"7777980999961937285","potions_obtained":[{"floor":3,"key":"Swift Potion"},{"floor":4,"key":"GhostInAJar"},{"floor":11,"key":"SmokeBomb"},{"floor":24,"key":"GamblersBrew"},{"floor":27,"key":"Block Potion"}],"is_trial":false,"path_per_floor":["M","$","M","M","?","E","R","E","T","R","M","$","?","?","R","B",null,"M","$","M","?","$","R","E","R","T","M","R","E","?","?","R","B"],"character_chosen":"THE_SILENT","items_purchased":["Cloak And Dagger","PiercingWail","Deadly Poison","GhostInAJar"],"campfire_rested":4,"item_purchase_floors":[2,2,12,12],"current_hp_per_floor":[57,57,57,51,31,19,38,15,15,34,14,14,14,14,33,18,54,34,34,36,36,36,36,13,13,19,18,39,8,14,14,14,0],"gold":193,"neow_bonus":"HUNDRED_GOLD","is_prod":false,"is_daily":false,"chose_seed":false,"campfire_upgraded":3,"win_rate":0,"timestamp":1554192242,"path_taken":["M","$","M","M","?","E","R","E","T","R","M","$","?","?","R","BOSS","M","$","M","?","$","R","E","R","T","?","R","E","?","?","R","BOSS"],"build_version":"2019-01-23","purchased_purges":1,"victory":false,"max_hp_per_floor":[66,66,66,66,66,66,66,66,66,66,66,66,66,66,66,66,66,66,66,66,66,66,66,66,66,72,72,72,72,78,78,78,78],"card_choices":[{"not_picked":["Blade Dance","Catalyst"],"picked":"Sucker Punch","floor":1},{"not_picked":["Distraction","Flechettes"],"picked":"Footwork","floor":3},{"not_picked":["Cloak And Dagger","Accuracy"],"picked":"Well Laid Plans","floor":4},{"not_picked":["Finisher","Concentrate"],"picked":"Dodge and Roll","floor":6},{"not_picked":["Sucker Punch","Dodge and Roll"],"picked":"Infinite Blades","floor":8},{"not_picked":["Eviscerate","Masterful Stab"],"picked":"PiercingWail","floor":11},{"not_picked":["Doppelganger","Venomology"],"picked":"Envenom","floor":16},{"not_picked":["Dagger Throw","Masterful Stab","Deflect"],"picked":"SKIP","floor":18},{"not_picked":["Dagger Throw+1","Setup"],"picked":"Dagger Spray","floor":20},{"not_picked":["PiercingWail","Eviscerate"],"picked":"Backstab","floor":24},{"not_picked":["Well Laid Plans","Dagger Spray"],"picked":"Footwork","floor":27},{"not_picked":["PiercingWail","Masterful Stab"],"picked":"Quick Slash","floor":29}],"player_experience":449458,"relics_obtained":[{"floor":6,"key":"Blood Vial"},{"floor":8,"key":"Turnip"},{"floor":9,"key":"Darkstone Periapt"},{"floor":24,"key":"Gambling Chip"},{"floor":26,"key":"Lantern"},{"floor":29,"key":"Boot"}],"event_choices":[{"damage_healed":0,"gold_gain":0,"player_choice":"Entered Light","damage_taken":20,"max_hp_gain":0,"max_hp_loss":0,"event_name":"Shining Light","floor":5,"gold_loss":0,"cards_upgraded":["Cloak And Dagger","Strike_G"]},{"damage_healed":0,"gold_gain":0,"player_choice":"Leave","damage_taken":0,"max_hp_gain":0,"max_hp_loss":0,"event_name":"The Cleric","floor":13,"gold_loss":0},{"damage_healed":0,"gold_gain":50,"player_choice":"Pray","damage_taken":0,"max_hp_gain":0,"max_hp_loss":0,"event_name":"Golden Shrine","floor":14,"gold_loss":0},{"damage_healed":0,"gold_gain":0,"player_choice":"Copied","damage_taken":0,"max_hp_gain":0,"max_hp_loss":0,"event_name":"Duplicator","floor":21,"gold_loss":0,"cards_obtained":["Footwork"]},{"damage_healed":0,"gold_gain":0,"player_choice":"Smashed Altar","damage_taken":0,"max_hp_gain":0,"max_hp_loss":0,"event_name":"Forgotten Altar","floor":30,"gold_loss":0,"cards_obtained":["Decay"]},{"damage_healed":0,"gold_gain":0,"player_choice":"Inject Mutagens","damage_taken":0,"relics_obtained":["MutagenicStrength"],"max_hp_gain":0,"max_hp_loss":0,"event_name":"Drug Dealer","floor":31,"gold_loss":0}],"is_beta":false,"boss_relics":[{"not_picked":["Coffee Dripper","Tiny House"],"picked":"Cursed Key"}],"items_purged_floors":[12],"is_endless":false,"potions_floor_spawned":[3,4,11,16,24,27,29],"killed_by":"Champ","ascension_level":17}