{"gold_per_floor":[112,112,128,139,154,154,184,184,211,211,241,241,12,41,41,142,142,160,160,174,74,94,128,128,148,148,148,4,37,37,52,52,153,153,173,190,190],"floor_reached":37,"playtime":3604,"items_purged":["Strike_G","Strike_G"],"score":552,"play_id":"7d77cd82-dbce-4834-a927-a93350b92de8","local_time":"20190109195934","is_ascension_mode":true,"campfire_choices":[{"data":"Envenom","floor":6,"key":"SMITH"},{"data":"After Image","floor":8,"key":"SMITH"},{"data":"Bouncing Flask","floor":12,"key":"SMITH"},{"data":"Neutralize","floor":15,"key":"SMITH"},{"data":"Bullet Time","floor":24,"key":"SMITH"},{"data":"Bouncing Flask","floor":27,"key":"SMITH"},{"data":"Deadly Poison","floor":30,"key":"SMITH"},{"data":"Sucker Punch","floor":32,"key":"SMITH"}],"neow_cost":"TEN_PERCENT_HP_LOSS","seed_source_timestamp":512584120587685,"circlet_count":0,"master_deck":["Defend_G","Defend_G+1","Defend_G","Defend_G","Defend_G","Strike_G","Strike_G","Survivor","Neutralize+1","After Image+1","Caltrops+1","Setup","Blur","Envenom+1","Sucker Punch+1","Bouncing Flask+1","Deadly Poison+1","Bullet Time+1","Slice","Catalyst+1","Cloak And Dagger","Cloak And Dagger","Deflect","Bouncing Flask+1","Escape Plan","PiercingWail","Accuracy+1","Acrobatics+1","Dodge and Roll+1","Finisher+1","Envenom","Deadly Poison+1","PiercingWail+1"],"relics":["Ring of the Snake","Vajra","Anchor","Juzu Bracelet","Lantern","Bird Faced Urn","Orrery","PreservedInsect","Question Card","Snake Skull","Ancient Tea Set","White Beast Statue"],"potions_floor_usage":[7,7,11,16,23,29,29,33,35,37,37],"damage_taken":[{"damage":0,"enemies":"Small Slimes","floor":1,"turns":5},{"damage":3,"enemies":"2 Louse","floor":3,"turns":4},{"damage":6,"enemies":"Jaw Worm","floor":4,"turns":6},{"damage":10,"enemies":"Large Slime","floor":5,"turns":10},{"damage":0,"enemies":"Lagavulin","floor":7,"turns":10},{"damage":6,"enemies":"3 Sentries","floor":11,"turns":8},{"damage":6,"enemies":"Gremlin Nob","floor":14,"turns":4},{"damage":11,"enemies":"The Guardian","floor":16,"turns":8},{"damage":17,"enemies":"3 Byrds","floor":18,"turns":5},{"damage":0,"enemies":"Shell Parasite","floor":20,"turns":3},{"damage":11,"enemies":"Snecko","floor":22,"turns":4},{"damage":0,"enemies":"Book of Stabbing","floor":23,"turns":5},{"damage":4,"enemies":"Snake Plant","floor":25,"turns":3},{"damage":15,"enemies":"Gremlin Leader","floor":29,"turns":6},{"damage":10,"enemies":"Centurion and Healer","floor":31,"turns":6},{"damage":34,"enemies":"Collector","floor":33,"turns":9},{"damage":2,"enemies":"3 Shapes","floor":35,"turns":8},{"damage":6,"enemies":"Orb Walker","floor":36,"turns":4},{"damage":76,"enemies":"2 Orb Walkers","floor":37,"turns":5}],"seed_played":"-1243089002655489682","potions_obtained":[{"floor":1,"key":"EssenceOfSteel"},{"floor":4,"key":"GhostInAJar"},{"floor":5,"key":"SkillPotion"},{"floor":11,"key":"AttackPotion"},{"floor":18,"key":"EssenceOfSteel"},{"floor":22,"key":"Fire Potion"},{"floor":25,"key":"PowerPotion"},{"floor":29,"key":"PowerPotion"},{"floor":31,"key":"GhostInAJar"},{"floor":35,"key":"Energy Potion"},{"floor":36,"key":"Poison Potion"}],"is_trial":false,"path_per_floor":["M","?","M","M","M","R","E","R","T","?","E","R","$","E","R","B",null,"M","?","M","$","M","E","R","M","T","R","$","E","R","M","R","B",null,"M","M","?"],"character_chosen":"THE_SILENT","items_purchased":["Lantern","Snake Skull"],"campfire_rested":0,"item_purchase_floors":[13,28],"current_hp_per_floor":[63,50,47,41,31,31,31,31,31,24,18,18,18,12,12,7,63,48,48,50,50,41,47,47,47,47,47,47,40,40,34,34,10,63,63,59,0],"gold":190,"neow_bonus":"THREE_RARE_CARDS","is_prod":false,"is_daily":false,"chose_seed":false,"campfire_upgraded":8,"win_rate":0,"timestamp":1547035174,"path_taken":["M","?","M","M","M","R","E","R","T","?","E","R","?","E","R","BOSS","M","?","M","?","M","E","R","M","T","R","?","E","R","M","R","BOSS","M","M","?"],"build_version":"2019-01-03v4","purchased_purges":2,"victory":false,"max_hp_per_floor":[63,63,63,63,63,63,63,63,63,63,63,63,63,63,63,63,63,63,63,63,63,63,63,63,63,63,63,63,63,63,63,63,63,63,63,63,63],"card_choices":[{"not_picked":["Storm of Steel","Tools of the Trade"],"picked":"After Image","floor":0},{"not_picked":["Choke","Underhanded Strike"],"picked":"Caltrops","floor":1},{"not_picked":["Underhanded Strike","Eviscerate"],"picked":"Setup","floor":3},{"not_picked":["Underhanded Strike","Poisoned Stab"],"picked":"Blur","floor":4},{"not_picked":["Underhanded Strike","Heel Hook"],"picked":"Envenom","floor":5},{"not_picked":["Quick Slash","Flechettes"],"picked":"Sucker Punch","floor":7},{"not_picked":["Masterful Stab","Quick Slash"],"picked":"Bouncing Flask","floor":11},{"not_picked":["Flechettes","Blade Dance"],"picked":"Deadly Poison","floor":14},{"not_picked":["Wraith Form v2","Storm of Steel"],"picked":"Bullet Time","floor":16},{"not_picked":["Blade Dance","Outmaneuver"],"picked":"Slice","floor":17},{"not_picked":["Cloak And Dagger","Finisher"],"picked":"Catalyst","floor":17},{"not_picked":["Footwork","Calculated Gamble"],"picked":"Cloak And Dagger","floor":17},{"not_picked":["Dodge and Roll","Quick Slash"],"picked":"Cloak And Dagger","floor":17},{"not_picked":["Dagger Spray","Dash"],"picked":"Deflect","floor":17},{"not_picked":["Cloak And Dagger","Backflip+1"],"picked":"Bouncing Flask","floor":18},{"not_picked":["Predator","Poisoned Stab+1"],"picked":"Escape Plan","floor":20},{"not_picked":["Outmaneuver","Phantasmal Killer"],"picked":"PiercingWail","floor":22},{"not_picked":["Calculated Gamble","Expertise"],"picked":"Accuracy+1","floor":23},{"not_picked":["Dodge and Roll","Sucker Punch"],"picked":"Acrobatics+1","floor":25},{"not_picked":["Outmaneuver","Deflect+1","Terror"],"picked":"Dodge and Roll+1","floor":29},{"not_picked":["Skewer","Wraith Form v2","Eviscerate"],"picked":"Finisher+1","floor":31},{"not_picked":["After Image","Grand Finale","Glass Knife"],"picked":"Envenom","floor":33},{"not_picked":["Predator","PiercingWail+1","Dodge and Roll"],"picked":"Deadly Poison+1","floor":35},{"not_picked":["Finisher","Expertise","Dagger Spray+1"],"picked":"PiercingWail+1","floor":36}],"player_experience":106911,"relics_obtained":[{"floor":7,"key":"Vajra"},{"floor":9,"key":"Anchor"},{"floor":11,"key":"Juzu Bracelet"},{"floor":14,"key":"Bird Faced Urn"},{"floor":23,"key":"PreservedInsect"},{"floor":26,"key":"Question Card"},{"floor":29,"key":"Ancient Tea Set"}],"event_choices":[{"damage_healed":0,"gold_gain":0,"player_choice":"Entered Light","damage_taken":13,"max_hp_gain":0,"max_hp_loss":0,"event_name":"Shining Light","floor":2,"gold_loss":0,"cards_upgraded":["Defend_G","Caltrops"]},{"cards_removed":["Strike_G"],"damage_healed":0,"gold_gain":0,"player_choice":"Card Removal","damage_taken":7,"max_hp_gain":0,"max_hp_loss":0,"event_name":"Golden Wing","floor":10,"gold_loss":0},{"damage_healed":0,"gold_gain":0,"player_choice":"Forge","damage_taken":0,"max_hp_gain":0,"max_hp_loss":0,"event_name":"Accursed Blacksmith","floor":19,"gold_loss":0,"cards_upgraded":["Catalyst"]},{"damage_healed":0,"gold_gain":0,"player_choice":"Fight","damage_taken":0,"max_hp_gain":0,"max_hp_loss":0,"event_name":"Mysterious Sphere","floor":37,"gold_loss":0}],"is_beta":false,"boss_relics":[{"not_picked":["Coffee Dripper","Ring of the Serpent"],"picked":"Orrery"},{"not_picked":["Calling Bell","Sozu"],"picked":"White Beast Statue"}],"items_purged_floors":[13,21],"is_endless":false,"potions_floor_spawned":[1,4,5,11,18,22,25,29,31,35,36],"killed_by":"2 Orb Walkers","ascension_level":2}