{"gold_per_floor":[110,126,16,26,26,26,59,74,74,93,111,111,124,134,134,237,237,177,77,77,77,95,95,28,28,28,41,41],"floor_reached":28,"playtime":1499,"items_purged":["Shame","Strike_G"],"score":245,"play_id":"14a939ee-45ba-4501-9819-024f9866ba57","local_time":"20181110181815","is_ascension_mode":false,"campfire_choices":[{"data":"Caltrops","floor":6,"key":"SMITH"},{"floor":12,"key":"REST"},{"floor":15,"key":"REST"},{"data":"Night Terror","floor":23,"key":"SMITH"}],"neow_cost":"CURSE","seed_source_timestamp":38885307664360,"circlet_count":0,"master_deck":["Defend_G","Defend_G","Defend_G","Defend_G","Strike_G","Survivor","Neutralize","Dodge and Roll","Flechettes","Caltrops+1","Acrobatics","Backflip","Poisoned Stab","Caltrops","Blur","Night Terror+1","Leg Sweep+1","Terror","Doppelganger","Well Laid Plans","Blur"],"relics":["Ring of the Snake","Pen Nib","Bag of Preparation","Empty Cage","Ninja Scroll"],"potions_floor_usage":[7,7,16,28],"damage_taken":[{"damage":8,"enemies":"Cultist","floor":1,"turns":6},{"damage":17,"enemies":"Jaw Worm","floor":2,"turns":7},{"damage":0,"enemies":"2 Louse","floor":4,"turns":3},{"damage":28,"enemies":"Gremlin Nob","floor":7,"turns":4},{"damage":12,"enemies":"Exordium Thugs","floor":8,"turns":4},{"damage":0,"enemies":"Large Slime","floor":10,"turns":5},{"damage":0,"enemies":"Blue Slaver","floor":11,"turns":4},{"damage":4,"enemies":"Exordium Wildlife","floor":13,"turns":3},{"damage":18,"enemies":"Lots of Slimes","floor":14,"turns":3},{"damage":16,"enemies":"The Guardian","floor":16,"turns":13},{"damage":18,"enemies":"2 Thieves","floor":18,"turns":4},{"damage":21,"enemies":"Chosen","floor":22,"turns":9},{"damage":15,"enemies":"Snake Plant","floor":27,"turns":4},{"damage":17,"enemies":"Sentry and Sphere","floor":28,"turns":3}],"seed_played":"-5234454706606762570","potions_obtained":[{"floor":1,"key":"PowerPotion"},{"floor":2,"key":"Block Potion"},{"floor":4,"key":"LiquidBronze"},{"floor":8,"key":"SpeedPotion"},{"floor":22,"key":"Strength Potion"}],"is_trial":false,"path_per_floor":["M","M","$","M","?","R","E","M","T","M","M","R","M","M","R","B",null,"M","$","?","?","M","R","$","?","T","M","M"],"character_chosen":"THE_SILENT","items_purchased":["Caltrops","Well Laid Plans"],"campfire_rested":2,"item_purchase_floors":[3,24],"current_hp_per_floor":[76,59,59,59,59,59,31,19,19,19,19,44,40,22,47,31,84,66,66,50,50,29,29,29,29,29,14,0],"gold":41,"neow_bonus":"TWENTY_PERCENT_HP_BONUS","is_prod":false,"is_daily":false,"chose_seed":false,"campfire_upgraded":2,"win_rate":0,"timestamp":1541863095,"path_taken":["M","M","$","M","?","R","E","M","T","M","M","R","?","M","R","BOSS","M","$","?","?","?","R","$","?","T","M","M"],"build_version":"2018-11-08","purchased_purges":2,"victory":false,"max_hp_per_floor":[84,84,84,84,84,84,84,84,84,84,84,84,84,84,84,84,84,84,84,89,89,89,89,89,89,89,89,89],"card_choices":[{"not_picked":["PiercingWail","Bouncing Flask"],"picked":"Dodge and Roll","floor":1},{"not_picked":["Skewer","Flying Knee"],"picked":"Flechettes","floor":2},{"not_picked":["Outmaneuver","Accuracy"],"picked":"Acrobatics","floor":4},{"not_picked":["Cloak And Dagger","Backstab"],"picked":"Backflip","floor":7},{"not_picked":["Deadly Poison","Dodge and Roll"],"picked":"Poisoned Stab","floor":8},{"not_picked":["PiercingWail","Terror"],"picked":"Caltrops","floor":10},{"not_picked":["Prepared","Dagger Throw","Expertise"],"picked":"SKIP","floor":11},{"not_picked":["Envenom","Poisoned Stab"],"picked":"Blur","floor":13},{"not_picked":["Flying Knee","Dagger Spray","Dodge and Roll"],"picked":"SKIP","floor":14},{"not_picked":["Die Die Die","Venomology"],"picked":"Night Terror","floor":16},{"not_picked":["Deadly Poison+1","Quick Slash"],"picked":"Leg Sweep+1","floor":18},{"not_picked":["Terror","Caltrops+1","PiercingWail"],"picked":"SKIP","floor":22},{"not_picked":["Bouncing Flask+1","Expertise"],"picked":"Blur","floor":27}],"player_experience":166029,"relics_obtained":[{"floor":7,"key":"Pen Nib"},{"floor":9,"key":"Bag of Preparation"},{"floor":26,"key":"Ninja Scroll"}],"event_choices":[{"damage_healed":0,"gold_gain":0,"player_choice":"0 cards matched","damage_taken":0,"max_hp_gain":0,"max_hp_loss":0,"event_name":"Match and Keep!","floor":5,"gold_loss":0,"cards_obtained":[]},{"damage_healed":0,"gold_gain":0,"player_choice":"Shed Blood","damage_taken":21,"max_hp_gain":5,"max_hp_loss":0,"event_name":"Forgotten Altar","floor":20,"gold_loss":0},{"damage_healed":0,"gold_gain":0,"cards_transformed":["Strike_G","Strike_G"],"player_choice":"Became Test Subject","damage_taken":0,"max_hp_gain":0,"max_hp_loss":0,"event_name":"Drug Dealer","floor":21,"gold_loss":0,"cards_obtained":["Terror","Doppelganger"]},{"damage_healed":0,"gold_gain":0,"player_choice":"Ignored","damage_taken":0,"max_hp_gain":0,"max_hp_loss":0,"event_name":"The Mausoleum","floor":25,"gold_loss":0}],"is_beta":false,"boss_relics":[{"not_picked":["Tiny House","Snecko Eye"],"picked":"Empty Cage"}],"items_purged_floors":[3,19],"is_endless":false,"potions_floor_spawned":[1,2,4,8,22],"killed_by":"Sentry and Sphere","ascension_level":0}