{"gold_per_floor":[118,131,56,66,82,82,108,108,108,139,154,154,166,185,185,289,289,301,42,42,60,71,71,100,116,168,185,220,220,232,232,232,232],"floor_reached":33,"playtime":1616,"items_purged":["Strike_B"],"score":457,"play_id":"63a9caad-631c-4129-9fb2-79798cbbc0be","local_time":"20190124172506","is_ascension_mode":true,"campfire_choices":[{"data":"Zap","floor":6,"key":"SMITH"},{"data":"Dualcast","floor":8,"key":"SMITH"},{"data":"Coolheaded","floor":12,"key":"SMITH"},{"data":"Sweeping Beam","floor":15,"key":"SMITH"},{"data":"Rainbow","floor":23,"key":"SMITH"},{"floor":29,"key":"DIG"},{"floor":32,"key":"REST"}],"neow_cost":"NONE","seed_source_timestamp":884609897291421,"circlet_count":0,"master_deck":["Strike_B","Strike_B","Defend_B","Defend_B","Defend_B","Defend_B","Zap+1","Dualcast+1","Ball Lightning","Self Repair","Cold Snap","Ball Lightning","Sweeping Beam+1","Ball Lightning","Coolheaded+1","Cold Snap","Thunder Strike","Rainbow+1","Rebound","RitualDagger+1","Ball Lightning+1","Double Energy","Stack","Loop+1","Aggregate+1","Conserve Battery+1","Steam+1"],"relics":["Cracked Core","NeowsBlessing","Incense Burner","Frozen Egg 2","Mercury Hourglass","Eternal Feather","Molten Egg 2","Question Card","Shovel","Art of War"],"potions_floor_usage":[7,10,28,28,28],"damage_taken":[{"damage":0,"enemies":"Cultist","floor":1,"turns":1},{"damage":0,"enemies":"2 Louse","floor":2,"turns":1},{"damage":0,"enemies":"Small Slimes","floor":4,"turns":1},{"damage":32,"enemies":"Exordium Thugs","floor":5,"turns":4},{"damage":25,"enemies":"3 Sentries","floor":7,"turns":5},{"damage":8,"enemies":"Lagavulin","floor":10,"turns":5},{"damage":0,"enemies":"Red Slaver","floor":11,"turns":2},{"damage":4,"enemies":"Looter","floor":13,"turns":2},{"damage":0,"enemies":"2 Fungi Beasts","floor":14,"turns":3},{"damage":0,"enemies":"Slime Boss","floor":16,"turns":5},{"damage":19,"enemies":"3 Byrds","floor":18,"turns":4},{"damage":5,"enemies":"Chosen","floor":21,"turns":3},{"damage":10,"enemies":"3 Cultists","floor":22,"turns":3},{"damage":0,"enemies":"Gremlin Leader","floor":24,"turns":5},{"damage":41,"enemies":"Snake Plant","floor":25,"turns":4},{"damage":25,"enemies":"Centurion and Healer","floor":27,"turns":6},{"damage":27,"enemies":"Slavers","floor":28,"turns":4},{"damage":15,"enemies":"Cultist and Chosen","floor":30,"turns":5},{"damage":57,"enemies":"Collector","floor":33,"turns":7}],"seed_played":"-8117621161477543917","potions_obtained":[{"floor":2,"key":"EssenceOfSteel"},{"floor":4,"key":"GamblersBrew"},{"floor":5,"key":"EssenceOfSteel"},{"floor":18,"key":"Block Potion"},{"floor":21,"key":"Swift Potion"},{"floor":25,"key":"Fire Potion"},{"floor":27,"key":"Regen Potion"}],"is_trial":false,"path_per_floor":["M","M","$","M","M","R","E","R","T","E","M","R","M","M","R","B",null,"M","$","?","M","M","R","E","M","T","M","E","R","M","?","R","B"],"character_chosen":"DEFECT","items_purchased":["Molten Egg 2"],"campfire_rested":1,"item_purchase_floors":[19],"current_hp_per_floor":[75,75,75,75,43,43,25,25,25,24,24,24,27,34,34,41,75,63,63,57,59,56,68,75,34,34,16,8,23,8,8,45,0],"gold":232,"neow_bonus":"THREE_ENEMY_KILL","is_prod":false,"is_daily":false,"chose_seed":false,"campfire_upgraded":5,"win_rate":0,"timestamp":1548321906,"path_taken":["M","M","?","M","M","R","E","R","T","E","M","R","M","?","R","BOSS","M","$","?","M","M","R","E","M","T","M","E","R","M","?","R","BOSS"],"build_version":"2019-01-23","purchased_purges":1,"victory":false,"max_hp_per_floor":[75,75,75,75,75,75,75,75,75,75,75,75,75,75,75,75,75,75,75,75,75,75,75,75,75,75,75,75,75,75,75,75,75],"card_choices":[{"not_picked":["Compile Driver","Leap"],"picked":"Ball Lightning","floor":1},{"not_picked":["Skim","Steam"],"picked":"Self Repair","floor":2},{"not_picked":["Steam Power","Redo"],"picked":"Cold Snap","floor":4},{"not_picked":["Hologram","Auto Shields"],"picked":"Ball Lightning","floor":5},{"not_picked":["Tempest","Conserve Battery"],"picked":"Sweeping Beam","floor":7},{"not_picked":["Darkness","Double Energy"],"picked":"Ball Lightning","floor":10},{"not_picked":["FTL","Melter"],"picked":"Coolheaded","floor":11},{"not_picked":["Gash","Compile Driver"],"picked":"Cold Snap","floor":13},{"not_picked":["Turbo","Beam Cell"],"picked":"Thunder Strike","floor":14},{"not_picked":["Multi-Cast","Meteor Strike"],"picked":"Rainbow","floor":16},{"not_picked":["Conserve Battery","Hologram"],"picked":"Rebound","floor":18},{"not_picked":["Storm+1","Go for the Eyes+1"],"picked":"Ball Lightning+1","floor":21},{"not_picked":["Gash+1","Streamline+1"],"picked":"Double Energy","floor":22},{"not_picked":["Tempest","Rip and Tear+1"],"picked":"Stack","floor":24},{"not_picked":["Genetic Algorithm+1","Fission","Ball Lightning+1"],"picked":"Loop+1","floor":25},{"not_picked":["Consume+1","Steam","Coolheaded"],"picked":"Aggregate+1","floor":27},{"not_picked":["Gash+1","Tempest+1","Consume"],"picked":"Conserve Battery+1","floor":28},{"not_picked":["Go for the Eyes+1","Gash+1","Turbo"],"picked":"Steam+1","floor":30}],"player_experience":186653,"relics_obtained":[{"floor":7,"key":"Incense Burner"},{"floor":9,"key":"Frozen Egg 2"},{"floor":10,"key":"Mercury Hourglass"},{"floor":24,"key":"Question Card"},{"floor":28,"key":"Shovel"},{"floor":29,"key":"Art of War"}],"event_choices":[{"damage_healed":0,"gold_gain":0,"player_choice":"Joined the Cult","damage_taken":6,"max_hp_gain":0,"max_hp_loss":0,"event_name":"Nest","floor":20,"gold_loss":0,"cards_obtained":["RitualDagger"]},{"cards_removed":["Strike_B"],"damage_healed":0,"gold_gain":0,"player_choice":"Offered Basic","damage_taken":0,"max_hp_gain":0,"max_hp_loss":0,"event_name":"Bonfire Elementals","floor":31,"gold_loss":0}],"is_beta":false,"boss_relics":[{"not_picked":["Coffee Dripper","Tiny House"],"picked":"Eternal Feather"}],"items_purged_floors":[3],"is_endless":false,"potions_floor_spawned":[2,4,5,18,21,25,27],"killed_by":"Collector","ascension_level":3}