{"gold_per_floor":[113,123,133,133,53,53,82,96,96,96,109,34,34,46,46,141,141,121,121,121,21,36,36,36,36,104,104,118,149,149,162,162,263,263,280,280,291,305,305,305,305,305,305,337,354,371,381,392,392,392,392,392,32,63,63],"floor_reached":56,"playtime":2783,"items_purged":["Defend_B","Defend_B"],"score":1229,"play_id":"36c3876d-73bb-49af-9267-3b636d41b90f","local_time":"20181210225444","is_ascension_mode":false,"campfire_choices":[{"data":"Defragment","floor":6,"key":"SMITH"},{"data":"Loop","floor":10,"key":"SMITH"},{"data":"Beam Cell","floor":15,"key":"SMITH"},{"data":"Defragment","floor":23,"key":"SMITH"},{"data":"Loop","floor":25,"key":"SMITH"},{"data":"Glacier","floor":27,"key":"SMITH"},{"data":"Steam","floor":30,"key":"SMITH"},{"data":"Force Field","floor":32,"key":"SMITH"},{"floor":40,"key":"RECALL"},{"data":"Force Field","floor":42,"key":"SMITH"},{"data":"Biased Cognition","floor":49,"key":"SMITH"},{"data":"Skim","floor":52,"key":"SMITH"}],"neow_cost":"NONE","seed_source_timestamp":12006656141302,"circlet_count":0,"master_deck":["Defend_B","Zap+1","Dualcast","Loop+1","Defragment+1","Leap+1","Glacier+1","Loop+1","Beam Cell+1","Biased Cognition+1","Bite","Bite","Bite","Bite","Defragment+1","Defragment+1","Steam+1","Skim+1","Core Surge","Leap+1","Force Field+1","Loop+1","Barrage+1","Storm+1","Conserve Battery+1","Undo+1"],"relics":["Nuclear Battery","Emotion Chip","FossilizedHelix","Sozu","Meat on the Bone","Inserter","Bird Faced Urn","The Courier","Darkstone Periapt","Runic Capacitor","Pear","Art of War"],"potions_floor_usage":[7,29,55],"damage_taken":[{"damage":4,"enemies":"2 Louse","floor":1,"turns":3},{"damage":10,"enemies":"Jaw Worm","floor":2,"turns":4},{"damage":5,"enemies":"Small Slimes","floor":3,"turns":4},{"damage":4,"enemies":"3 Sentries","floor":7,"turns":14},{"damage":0,"enemies":"2 Fungi Beasts","floor":8,"turns":3},{"damage":0,"enemies":"Blue Slaver","floor":11,"turns":6},{"damage":0,"enemies":"Large Slime","floor":14,"turns":4},{"damage":13,"enemies":"Hexaghost","floor":16,"turns":8},{"damage":13,"enemies":"2 Thieves","floor":18,"turns":4},{"damage":6,"enemies":"Shell Parasite","floor":22,"turns":5},{"damage":30,"enemies":"Shelled Parasite and Fungi","floor":28,"turns":5},{"damage":19,"enemies":"Book of Stabbing","floor":29,"turns":9},{"damage":0,"enemies":"Sentry and Sphere","floor":31,"turns":5},{"damage":3,"enemies":"Collector","floor":33,"turns":8},{"damage":5,"enemies":"Orb Walker","floor":35,"turns":5},{"damage":16,"enemies":"3 Darklings","floor":37,"turns":7},{"damage":0,"enemies":"Maw","floor":38,"turns":9},{"damage":0,"enemies":"Nemesis","floor":44,"turns":11},{"damage":2,"enemies":"Sphere and 2 Shapes","floor":45,"turns":10},{"damage":24,"enemies":"3 Darklings","floor":46,"turns":6},{"damage":0,"enemies":"Spire Growth","floor":47,"turns":3},{"damage":29,"enemies":"Jaw Worm Horde","floor":48,"turns":4},{"damage":41,"enemies":"Donu and Deca","floor":50,"turns":5},{"damage":13,"enemies":"Shield and Spear","floor":54,"turns":5},{"damage":24,"enemies":"The Heart","floor":55,"turns":8}],"seed_played":"6365139525913499293","potions_obtained":[{"floor":1,"key":"FocusPotion"},{"floor":7,"key":"Ancient Potion"},{"floor":14,"key":"SteroidPotion"},{"floor":16,"key":"SteroidPotion"}],"is_trial":false,"path_per_floor":["M","M","M","?","$","R","E","M","T","R","M","$","?","M","R","B",null,"M","?","?","$","M","R","?","R","T","R","M","E","R","M","R","B",null,"M","?","M","M","?","R","?","R","T","E","M","M","M","M","R","B",null,"R","$","E","B",null],"character_chosen":"DEFECT","items_purchased":["Glacier","Runic Capacitor","Pear"],"campfire_rested":0,"item_purchase_floors":[5,53,53],"current_hp_per_floor":[71,61,56,49,49,49,45,45,45,45,45,45,30,30,30,17,75,62,52,52,52,52,52,52,52,52,52,36,45,45,52,52,52,52,51,51,50,52,49,49,49,49,49,49,49,39,49,36,36,31,49,49,59,59,50],"gold":63,"neow_bonus":"BOSS_RELIC","is_prod":false,"is_daily":false,"chose_seed":false,"campfire_upgraded":11,"win_rate":0,"timestamp":1544471684,"path_taken":["M","M","M","?","$","R","E","M","T","R","M","$","?","M","R","BOSS","M","?","?","$","M","R","?","R","T","R","M","E","R","M","R","BOSS","M","?","M","M","?","R","?","R","T","E","M","M","M","?","R","BOSS","R","$","E","BOSS"],"build_version":"2018-12-06","purchased_purges":2,"victory":true,"max_hp_per_floor":[75,75,75,75,75,75,75,75,75,75,75,75,75,75,75,75,75,75,52,52,52,52,52,52,52,52,52,52,52,52,52,52,52,52,52,52,52,52,49,49,49,49,49,49,49,49,49,49,49,49,49,49,59,59,59],"card_choices":[{"not_picked":["Doom and Gloom","Turbo"],"picked":"Loop","floor":1},{"not_picked":["Ball Lightning","Force Field"],"picked":"Defragment","floor":2},{"not_picked":["Steam","Beam Cell"],"picked":"Leap","floor":3},{"not_picked":["Turbo","Coolheaded"],"picked":"Loop","floor":7},{"not_picked":["Sweeping Beam","Fission","Streamline"],"picked":"SKIP","floor":8},{"not_picked":["Turbo","Leap","Sweeping Beam"],"picked":"SKIP","floor":11},{"not_picked":["Consume","Lockon"],"picked":"Beam Cell","floor":14},{"not_picked":["Thunder Strike","Electrodynamics"],"picked":"Biased Cognition","floor":16},{"not_picked":["Sweeping Beam","Fusion+1","Redo"],"picked":"SKIP","floor":18},{"not_picked":["Consume","Skim+1"],"picked":"Defragment+1","floor":22},{"not_picked":["Sweeping Beam","Go for the Eyes"],"picked":"Force Field","floor":28},{"not_picked":["Turbo","Stack"],"picked":"Steam","floor":29},{"not_picked":["Biased Cognition","Stack+1"],"picked":"Skim","floor":31},{"not_picked":["Reboot","Fission"],"picked":"Core Surge","floor":33},{"not_picked":["Barrage+1","Rebound","Fusion"],"picked":"SKIP","floor":35},{"not_picked":["Steam Power","Redo"],"picked":"Leap+1","floor":37},{"not_picked":["Cold Snap+1","Ball Lightning"],"picked":"Force Field","floor":38},{"not_picked":["Turbo+1","Double Energy"],"picked":"Loop+1","floor":44},{"not_picked":["Static Discharge+1","Lockon+1"],"picked":"Barrage+1","floor":45},{"not_picked":["Fusion","Steam+1"],"picked":"Storm+1","floor":46},{"not_picked":["Gash+1","Barrage+1"],"picked":"Conserve Battery+1","floor":47},{"not_picked":["Compile Driver+1","Redo"],"picked":"Undo+1","floor":48},{"not_picked":["Sweeping Beam+1","Consume","Compile Driver"],"picked":"SKIP","floor":54}],"player_experience":292897,"relics_obtained":[{"floor":7,"key":"Emotion Chip"},{"floor":9,"key":"FossilizedHelix"},{"floor":29,"key":"Meat on the Bone"},{"floor":43,"key":"The Courier"},{"floor":44,"key":"Darkstone Periapt"},{"floor":54,"key":"Art of War"}],"event_choices":[{"cards_removed":["Defend_B"],"damage_healed":0,"gold_gain":0,"player_choice":"Card Removal","damage_taken":7,"max_hp_gain":0,"max_hp_loss":0,"event_name":"Golden Wing","floor":4,"gold_loss":0},{"damage_healed":0,"gold_gain":0,"player_choice":"Entered Light","damage_taken":15,"max_hp_gain":0,"max_hp_loss":0,"event_name":"Shining Light","floor":13,"gold_loss":0,"cards_upgraded":["Zap","Leap"]},{"damage_healed":0,"gold_gain":0,"player_choice":"Became a vampire","damage_taken":0,"max_hp_gain":0,"max_hp_loss":23,"event_name":"Vampires","floor":19,"gold_loss":0,"cards_obtained":["Bite","Bite","Bite","Bite","Bite"]},{"damage_healed":0,"gold_gain":0,"player_choice":"Read","damage_taken":0,"max_hp_gain":0,"max_hp_loss":0,"event_name":"The Library","floor":20,"gold_loss":0,"cards_obtained":["Defragment"]},{"damage_healed":0,"gold_gain":0,"player_choice":"Ignored","damage_taken":0,"max_hp_gain":0,"max_hp_loss":0,"event_name":"Ghosts","floor":24,"gold_loss":0},{"cards_removed":["Force Field"],"damage_healed":0,"gold_gain":0,"player_choice":"Removed Skill","damage_taken":0,"max_hp_gain":0,"max_hp_loss":0,"event_name":"Falling","floor":36,"gold_loss":0},{"damage_healed":0,"gold_gain":0,"player_choice":"Max HP","damage_taken":0,"max_hp_gain":0,"max_hp_loss":3,"event_name":"Winding Halls","floor":39,"gold_loss":0},{"cards_removed":["Bite"],"damage_healed":0,"gold_gain":0,"player_choice":"Gave Card","damage_taken":0,"relics_obtained":["Bird Faced Urn"],"max_hp_gain":0,"max_hp_loss":0,"event_name":"WeMeetAgain","floor":41,"gold_loss":0}],"is_beta":false,"boss_relics":[{"not_picked":["Philosopher\u0027s Stone","Runic Dome"],"picked":"Sozu"},{"not_picked":["Eternal Feather","Cursed Key"],"picked":"Inserter"}],"items_purged_floors":[12,21],"is_endless":false,"potions_floor_spawned":[1,7,14,16,22,33,35,38,45,47,54],"ascension_level":0}