{"gold_per_floor":[111,186,198,198,43,43,76,76,101,118,118,118,182,182,182,283,283,283,283,183,183,183,183,183,183,183,183,183,183,183,183,183,183,183,183,24,24,24,24,24,24,24,24,24,24,24,24,24,24,24],"floor_reached":51,"playtime":4339,"items_purged":["Injury","Strike_B","Defend_B"],"score":672,"play_id":"3dd3f5ef-a0ac-4354-b0af-6b94f184c62f","local_time":"20181214204257","is_ascension_mode":false,"campfire_choices":[{"floor":6.0,"key":"REST"},{"data":"Zap","floor":8.0,"key":"SMITH"},{"data":"Consume","floor":12.0,"key":"SMITH"},{"floor":15.0,"key":"REST"},{"floor":23.0,"key":"REST"},{"data":"Double Energy","floor":30.0,"key":"SMITH"},{"data":"Defragment","floor":32.0,"key":"SMITH"},{"data":"Echo Form","floor":40.0,"key":"SMITH"},{"data":"Seek","floor":49.0,"key":"SMITH"}],"neow_cost":"CURSE","seed_source_timestamp":4772185972847,"circlet_count":0,"master_deck":["Defend_B","Defend_B","Defend_B","Zap+1","Dualcast","Consume+1","Defragment+1","Redo","Echo Form+1","Machine Learning","Coolheaded","Leap+1","Bite","Bite","Bite","Bite","Bite","Glacier","Double Energy+1","Tempest","Multi-Cast","Seek+1","Coolheaded","Glacier","Steam","Conserve Battery+1","FTL+1","Ball Lightning","Conserve Battery+1","Echo Form"],"special_seed":0,"relics":["Cracked Core","Ice Cream","Dodecahedron","Happy Flower","Potion Belt","Unceasing Top","Ectoplasm","Red Mask","Juzu Bracelet","Nunchaku","Runic Pyramid","Gambling Chip","Strawberry","Mango","Orichalcum"],"potions_floor_usage":[50,50,50,50],"damage_taken":[{"damage":0.0,"enemies":"2 Louse","floor":1.0,"turns":2.0},{"damage":0.0,"enemies":"Small Slimes","floor":3.0,"turns":2.0},{"damage":16.0,"enemies":"Lagavulin","floor":7.0,"turns":6.0},{"damage":1.0,"enemies":"Jaw Worm","floor":10.0,"turns":3.0},{"damage":26.0,"enemies":"Lagavulin Event","floor":13.0,"turns":6.0},{"damage":29.0,"enemies":"The Guardian","floor":16.0,"turns":12.0},{"damage":14.0,"enemies":"Shell Parasite","floor":18.0,"turns":6.0},{"damage":13.0,"enemies":"3 Byrds","floor":19.0,"turns":3.0},{"damage":35.0,"enemies":"Masked Bandits","floor":21.0,"turns":6.0},{"damage":20.0,"enemies":"Sentry and Sphere","floor":24.0,"turns":8.0},{"damage":0.0,"enemies":"Centurion and Healer","floor":27.0,"turns":7.0},{"damage":4.0,"enemies":"Snake Plant","floor":28.0,"turns":5.0},{"damage":34.0,"enemies":"Slavers","floor":29.0,"turns":8.0},{"damage":1.0,"enemies":"Sentry and Sphere","floor":31.0,"turns":7.0},{"damage":57.0,"enemies":"Collector","floor":33.0,"turns":11.0},{"damage":8.0,"enemies":"Orb Walker","floor":35.0,"turns":3.0},{"damage":0.0,"enemies":"Mind Bloom Boss Battle","floor":37.0,"turns":4.0},{"damage":0.0,"enemies":"3 Shapes","floor":38.0,"turns":3.0},{"damage":6.0,"enemies":"Transient","floor":39.0,"turns":5.0},{"damage":0.0,"enemies":"Maw","floor":41.0,"turns":4.0},{"damage":8.0,"enemies":"Jaw Worm Horde","floor":42.0,"turns":4.0},{"damage":11.0,"enemies":"2 Orb Walkers","floor":44.0,"turns":4.0},{"damage":4.0,"enemies":"Sphere and 2 Shapes","floor":45.0,"turns":9.0},{"damage":24.0,"enemies":"Nemesis","floor":46.0,"turns":7.0},{"damage":0.0,"enemies":"Transient","floor":47.0,"turns":5.0},{"damage":8,"enemies":"Awakened One","floor":50,"turns":18}],"seed_played":"4286548108467314997","potions_obtained":[{"floor":3.0,"key":"Explosive Potion"},{"floor":7.0,"key":"SpeedPotion"},{"floor":13.0,"key":"Swift Potion"},{"floor":16.0,"key":"Strength Potion"},{"floor":19.0,"key":"Energy Potion"},{"floor":24.0,"key":"FocusPotion"},{"floor":33.0,"key":"Poison Potion"},{"floor":35.0,"key":"Energy Potion"},{"floor":42.0,"key":"Swift Potion"},{"floor":47.0,"key":"EssenceOfSteel"}],"is_trial":false,"path_per_floor":["M","?","M","?","$","R","E","R","T","M","?","R","?","?","R","B",null,"M","M","$","?","?","R","M","?","T","M","M","E","R","M","R","B",null,"M","$","?","M","M","R","M","M","T","?","M","E","M","?","R","B",null],"character_chosen":"DEFECT","items_purchased":["Defragment","Glacier"],"campfire_rested":3,"item_purchase_floors":[5,36],"current_hp_per_floor":[75,64,64,46,46,68,52,52,52,51,51,51,25,18,40,11,75,61,48,48,13,13,28,36,36,36,52,52,36,36,52,52,17,52,52,52,52,52,52,52,52,44,51,60,68,60,72,69,69,61],"gold":24,"neow_bonus":"ONE_RARE_RELIC","is_prod":false,"is_daily":false,"chose_seed":false,"campfire_upgraded":6,"win_rate":0,"timestamp":1544809377,"path_taken":["M","?","M","?","$","R","E","R","T","M","?","R","?","?","R","BOSS","M","M","$","?","?","R","M","?","T","M","M","E","R","M","R","BOSS","M","$","?","M","M","R","M","M","T","?","M","E","M","?","R","BOSS"],"build_version":"2018-12-13","purchased_purges":3,"victory":true,"max_hp_per_floor":[75,75,75,75,75,75,75,75,75,75,75,75,75,75,75,75,75,75,75,75,75,52,52,52,52,52,52,52,52,52,52,52,52,52,52,52,52,52,52,52,52,52,59,73,73,73,73,69,69,69],"card_choices":[{"not_picked":["Rip and Tear","Darkness","Sweeping Beam"],"picked":"SKIP","floor":1.0},{"not_picked":["Double Energy","Hologram"],"picked":"Consume","floor":3.0},{"not_picked":["Force Field","Turbo"],"picked":"Redo","floor":7.0},{"not_picked":["Turbo","Streamline","Gash"],"picked":"SKIP","floor":10.0},{"not_picked":["Scrape","Doom and Gloom"],"picked":"Echo Form","floor":13.0},{"not_picked":["All For One","Amplify"],"picked":"Machine Learning","floor":16.0},{"not_picked":["Hologram+1","Leap"],"picked":"Coolheaded","floor":18.0},{"not_picked":["Blizzard","Sweeping Beam","Gash"],"picked":"SKIP","floor":19.0},{"not_picked":["Melter","Genetic Algorithm"],"picked":"Leap+1","floor":21.0},{"not_picked":["Go for the Eyes","Compile Driver+1","Recycle"],"picked":"SKIP","floor":24.0},{"not_picked":["Ball Lightning","Chill"],"picked":"Double Energy","floor":27.0},{"not_picked":["Turbo","Consume","Rip and Tear+1"],"picked":"SKIP","floor":28.0},{"not_picked":["Rebound","Chill"],"picked":"Tempest","floor":29.0},{"not_picked":["Rebound","Fusion"],"picked":"Multi-Cast","floor":31.0},{"not_picked":["Rainbow","Thunder Strike"],"picked":"Seek","floor":33.0},{"not_picked":["Consume","Barrage+1"],"picked":"Coolheaded","floor":35.0},{"not_picked":["Static Discharge","Melter+1"],"picked":"Steam","floor":37.0},{"not_picked":["Sweeping Beam+1","Stack+1"],"picked":"Conserve Battery+1","floor":38.0},{"not_picked":["Go for the Eyes+1","Conserve Battery+1"],"picked":"FTL+1","floor":39.0},{"not_picked":["Cold Snap","Steam+1"],"picked":"Ball Lightning","floor":41.0},{"not_picked":["Doom and Gloom","Rip and Tear"],"picked":"Conserve Battery+1","floor":42.0},{"not_picked":["Barrage+1","Beam Cell+1"],"picked":"Echo Form","floor":45.0},{"not_picked":["Blizzard","Cold Snap","Amplify"],"picked":"SKIP","floor":46.0},{"not_picked":["Beam Cell","Stack+1","Turbo+1"],"picked":"SKIP","floor":47.0}],"player_experience":302976,"relics_obtained":[{"floor":7.0,"key":"Happy Flower"},{"floor":9.0,"key":"Potion Belt"},{"floor":13.0,"key":"Unceasing Top"},{"floor":21.0,"key":"Red Mask"},{"floor":26.0,"key":"Juzu Bracelet"},{"floor":29.0,"key":"Nunchaku"},{"floor":37.0,"key":"Gambling Chip"},{"floor":43.0,"key":"Strawberry"},{"floor":44.0,"key":"Mango"},{"floor":46.0,"key":"Orichalcum"}],"event_choices":[{"damage_healed":0.0,"max_hp_gain":0.0,"max_hp_loss":0.0,"gold_gain":75.0,"event_name":"World of Goop","player_choice":"Gather Gold","floor":2.0,"gold_loss":0.0,"damage_taken":11.0},{"damage_healed":0.0,"max_hp_gain":0.0,"max_hp_loss":0.0,"gold_gain":0.0,"event_name":"Scrap Ooze","player_choice":"Success","floor":4.0,"gold_loss":0.0,"damage_taken":18.0,"relics_obtained":["Dodecahedron"]},{"damage_healed":0.0,"max_hp_gain":0.0,"max_hp_loss":0.0,"gold_gain":0.0,"event_name":"Liars Game","player_choice":"Ignored","floor":11.0,"gold_loss":0.0,"damage_taken":0.0},{"damage_healed":0.0,"max_hp_gain":0.0,"max_hp_loss":0.0,"gold_gain":30.0,"event_name":"Dead Adventurer","player_choice":"Searched \u00272\u0027 times","floor":13.0,"gold_loss":0.0,"damage_taken":0.0},{"cards_removed":["Strike_B"],"damage_healed":0.0,"max_hp_gain":0.0,"max_hp_loss":0.0,"gold_gain":0.0,"event_name":"Golden Wing","player_choice":"Card Removal","floor":14.0,"gold_loss":0.0,"damage_taken":7.0},{"damage_healed":0.0,"max_hp_gain":0.0,"max_hp_loss":0.0,"gold_gain":0.0,"event_name":"Masked Bandits","player_choice":"Fought Bandits","floor":21.0,"gold_loss":0.0,"damage_taken":0.0},{"damage_healed":0.0,"max_hp_gain":0.0,"max_hp_loss":23.0,"gold_gain":0.0,"event_name":"Vampires","player_choice":"Became a vampire","floor":22.0,"gold_loss":0.0,"damage_taken":0.0,"cards_obtained":["Bite","Bite","Bite","Bite","Bite"]},{"damage_healed":0.0,"max_hp_gain":0.0,"max_hp_loss":0.0,"gold_gain":0.0,"event_name":"The Library","player_choice":"Read","floor":25.0,"gold_loss":0.0,"damage_taken":0.0,"cards_obtained":["Glacier"]},{"damage_healed":0.0,"max_hp_gain":0.0,"max_hp_loss":0.0,"gold_gain":0.0,"event_name":"MindBloom","player_choice":"Fight","floor":37.0,"gold_loss":0.0,"damage_taken":0.0},{"damage_healed":0.0,"max_hp_gain":0.0,"max_hp_loss":0.0,"gold_gain":0.0,"event_name":"Mysterious Sphere","player_choice":"Fight","floor":44.0,"gold_loss":0.0,"damage_taken":0.0},{"damage_healed":0.0,"max_hp_gain":0.0,"max_hp_loss":4.0,"gold_gain":0.0,"event_name":"Winding Halls","player_choice":"Max HP","floor":48.0,"gold_loss":0.0,"damage_taken":0.0}],"is_beta":false,"boss_relics":[{"not_picked":["Runic Dome","Lizard Tail"],"picked":"Ectoplasm"},{"not_picked":["Empty Cage","Velvet Choker"],"picked":"Runic Pyramid"}],"items_purged_floors":[5,20,36],"is_endless":false,"potions_floor_spawned":[3,7,13,16,19,24,33,35,42,45,47],"ascension_level":0}