{"gold_per_floor":[19,19,19,39,39,39,4,4,4,4,16,26,44,72,72,172,172,190,203,203,5,5,5,24,24,24,24,44,144,68,85,85,183,183,200,212,228,241,252,285,285,107,107,107,122,122,122,122,122,122],"floor_reached":51,"playtime":3817,"items_purged":["Strike_G","Strike_G"],"score":677,"play_id":"2996ab64-1d0e-4403-b5fd-8cc1e4601fdf","local_time":"20181216163014","is_ascension_mode":false,"campfire_choices":[{"data":"Neutralize","floor":6.0,"key":"SMITH"},{"data":"Dash","floor":8.0,"key":"SMITH"},{"data":"Defend_G","floor":10.0,"key":"SMITH"},{"data":"Footwork","floor":15.0,"key":"SMITH"},{"data":"Night Terror","floor":23.0,"key":"SMITH"},{"data":"Footwork","floor":25.0,"key":"SMITH"},{"data":"Deadly Poison","floor":27.0,"key":"SMITH"},{"data":"Footwork","floor":32.0,"key":"SMITH"},{"floor":41.0,"key":"REST"},{"data":"Footwork","floor":44,"key":"SMITH"},{"data":"Tools of the Trade","floor":47,"key":"SMITH"},{"floor":49,"key":"REST"}],"neow_cost":"NO_GOLD","seed_source_timestamp":14994300759123,"circlet_count":0,"master_deck":["Defend_G","Defend_G","Defend_G","Defend_G+1","Defend_G+1","Strike_G","Strike_G","Survivor+1","Neutralize+1","Dash+1","Masterful Stab","Footwork+1","Deadly Poison+1","Night Terror+1","Dodge and Roll+1","Well Laid Plans+1","Footwork+1","Poisoned Stab","Deadly Poison","Terror","Footwork+1","Backflip","Tools of the Trade+1","Backflip+1","Deflect+1","Footwork+1"],"special_seed":0,"relics":["Ring of the Snake","Pocketwatch","Bottled Flame","Question Card","Sozu","Ginger","Torii","Sundial","Cursed Key","Regal Pillow"],"potions_floor_usage":[],"damage_taken":[{"damage":1.0,"enemies":"Jaw Worm","floor":1.0,"turns":5.0},{"damage":0.0,"enemies":"Small Slimes","floor":4.0,"turns":5.0},{"damage":0.0,"enemies":"2 Louse","floor":11.0,"turns":2.0},{"damage":0.0,"enemies":"Looter","floor":12.0,"turns":3.0},{"damage":0.0,"enemies":"3 Louse","floor":13.0,"turns":4.0},{"damage":0.0,"enemies":"Lagavulin","floor":14.0,"turns":5.0},{"damage":13.0,"enemies":"The Guardian","floor":16.0,"turns":11.0},{"damage":0.0,"enemies":"Chosen","floor":18.0,"turns":6.0},{"damage":0.0,"enemies":"3 Byrds","floor":19.0,"turns":6.0},{"damage":0.0,"enemies":"Snake Plant","floor":24.0,"turns":5.0},{"damage":0.0,"enemies":"Centurion and Healer","floor":28.0,"turns":7.0},{"damage":1.0,"enemies":"Colosseum Slavers","floor":29.0,"turns":5.0},{"damage":9.0,"enemies":"Colosseum Nobs","floor":29.0,"turns":8.0},{"damage":0.0,"enemies":"3 Cultists","floor":31.0,"turns":8.0},{"damage":14.0,"enemies":"Champ","floor":33.0,"turns":13.0},{"damage":0.0,"enemies":"3 Shapes","floor":35.0,"turns":6.0},{"damage":0.0,"enemies":"Orb Walker","floor":36.0,"turns":4.0},{"damage":2.0,"enemies":"3 Darklings","floor":37.0,"turns":7.0},{"damage":0.0,"enemies":"Writhing Mass","floor":38.0,"turns":6.0},{"damage":12.0,"enemies":"Spire Growth","floor":39.0,"turns":6.0},{"damage":50.0,"enemies":"Reptomancer","floor":40.0,"turns":9.0},{"damage":0,"enemies":"Transient","floor":45,"turns":5},{"damage":8,"enemies":"Donu and Deca","floor":50,"turns":17}],"seed_played":"8566806867014505946","potions_obtained":[{"floor":13.0,"key":"Fire Potion"},{"floor":14.0,"key":"Ancient Potion"},{"floor":16.0,"key":"GamblersBrew"}],"is_trial":false,"path_per_floor":["M","?","?","M","?","R","?","R","T","R","M","M","M","E","R","B",null,"M","M","?","$","?","R","M","R","T","R","M","?","$","M","R","B",null,"M","M","M","M","M","E","R","$","T","R","M","$","R","?","R","B",null],"character_chosen":"THE_SILENT","items_purchased":["Footwork","Poisoned Stab","Footwork","Footwork"],"campfire_rested":2,"item_purchase_floors":[21,21,30,42],"current_hp_per_floor":[69,62,48,48,53,53,71,71,71,71,71,71,71,71,71,58,75,75,75,75,75,61,61,61,61,61,61,61,51,51,51,51,37,80,80,80,78,78,66,16,55,55,55,55,55,55,55,55,80,72],"gold":122,"neow_bonus":"ONE_RARE_RELIC","is_prod":false,"is_daily":false,"chose_seed":false,"campfire_upgraded":10,"win_rate":0,"timestamp":1544967014,"path_taken":["M","?","?","?","?","R","?","R","T","R","M","M","M","E","R","BOSS","M","M","?","$","?","R","M","R","T","R","M","?","?","M","R","BOSS","M","?","M","M","M","E","R","$","T","R","?","?","R","?","R","BOSS"],"build_version":"2018-12-13","purchased_purges":2,"victory":true,"max_hp_per_floor":[70,70,70,70,75,75,75,75,75,75,75,75,75,75,75,75,75,75,75,75,75,80,80,80,80,80,80,80,80,80,80,80,80,80,80,80,80,80,80,80,80,80,80,80,80,80,80,80,80,80],"card_choices":[{"not_picked":["Slice","Underhanded Strike"],"picked":"Dash","floor":1.0},{"not_picked":["Prepared","Blade Dance","Flying Knee"],"picked":"SKIP","floor":4.0},{"not_picked":["Blade Dance","PiercingWail"],"picked":"Masterful Stab","floor":11.0},{"not_picked":["Dodge and Roll","Outmaneuver"],"picked":"Footwork","floor":12.0},{"not_picked":["Accuracy","Distraction","Riddle With Holes"],"picked":"SKIP","floor":13.0},{"not_picked":["Leg Sweep","Outmaneuver"],"picked":"Deadly Poison","floor":14.0},{"not_picked":["Glass Knife","A Thousand Cuts","Malaise"],"picked":"Night Terror","floor":16.0},{"not_picked":["Flechettes","Quick Slash","Poisoned Stab"],"picked":"Dodge and Roll+1","floor":18.0},{"not_picked":["Caltrops","Footwork","Predator+1"],"picked":"Well Laid Plans+1","floor":19.0},{"not_picked":["Reflex","Well Laid Plans+1","Dodge and Roll","Acrobatics"],"picked":"SKIP","floor":24.0},{"not_picked":["Underhanded Strike","Tactician+1","Sucker Punch+1"],"picked":"Deadly Poison","floor":28.0},{"not_picked":["Bouncing Flask+1","Dagger Spray+1","Expertise+1"],"picked":"Terror","floor":29.0},{"not_picked":["Deadly Poison","Backstab","Quick Slash"],"picked":"Backflip","floor":31.0},{"not_picked":["Bullet Time","Die Die Die","Venomology"],"picked":"Tools of the Trade","floor":33.0},{"not_picked":["Quick Slash+1","Terror","Poisoned Stab","PiercingWail"],"picked":"SKIP","floor":35.0},{"not_picked":["Quick Slash+1","Cloak And Dagger","Eviscerate"],"picked":"Backflip+1","floor":36.0},{"not_picked":["Underhanded Strike","Dagger Throw+1","Escape Plan","Infinite Blades+1"],"picked":"SKIP","floor":37.0},{"not_picked":["Calculated Gamble","Deflect","Slice","Bane"],"picked":"SKIP","floor":38.0},{"not_picked":["Quick Slash+1","Escape Plan","Underhanded Strike+1","Deadly Poison"],"picked":"SKIP","floor":39.0},{"not_picked":["Flechettes+1","Corpse Explosion","Well Laid Plans+1"],"picked":"Deflect+1","floor":40.0},{"not_picked":["Dodge and Roll","PiercingWail","Expertise","Predator"],"picked":"SKIP","floor":45}],"player_experience":337505,"relics_obtained":[{"floor":9.0,"key":"Bottled Flame"},{"floor":14.0,"key":"Question Card"},{"floor":26.0,"key":"Ginger"},{"floor":29.0,"key":"Torii"},{"floor":29.0,"key":"Sundial"},{"floor":40.0,"key":"Regal Pillow"}],"event_choices":[{"cards_removed":["Strike_G"],"damage_healed":0.0,"max_hp_gain":0.0,"max_hp_loss":0.0,"gold_gain":0.0,"event_name":"Golden Wing","player_choice":"Card Removal","floor":2.0,"gold_loss":0.0,"damage_taken":7.0},{"damage_healed":0.0,"max_hp_gain":0.0,"max_hp_loss":0.0,"gold_gain":0.0,"event_name":"Shining Light","player_choice":"Entered Light","floor":3.0,"gold_loss":0.0,"damage_taken":14.0,"cards_upgraded":["Survivor","Defend_G"]},{"damage_healed":0.0,"max_hp_gain":5.0,"max_hp_loss":0.0,"gold_gain":0.0,"event_name":"Big Fish","player_choice":"Donut","floor":5.0,"gold_loss":0.0,"damage_taken":0.0},{"damage_healed":18.0,"max_hp_gain":0.0,"max_hp_loss":0.0,"gold_gain":0.0,"event_name":"The Cleric","player_choice":"Healed","floor":7.0,"gold_loss":35.0,"damage_taken":0.0},{"damage_healed":0.0,"max_hp_gain":0.0,"max_hp_loss":0.0,"gold_gain":0.0,"event_name":"Ghosts","player_choice":"Ignored","floor":20.0,"gold_loss":0.0,"damage_taken":0.0},{"damage_healed":0.0,"max_hp_gain":5.0,"max_hp_loss":0.0,"gold_gain":0.0,"event_name":"Forgotten Altar","player_choice":"Shed Blood","floor":22.0,"gold_loss":0.0,"damage_taken":19.0},{"damage_healed":0.0,"max_hp_gain":0.0,"max_hp_loss":0.0,"gold_gain":0.0,"event_name":"Colosseum","player_choice":"Fight","floor":29.0,"gold_loss":0.0,"damage_taken":0.0},{"damage_healed":0.0,"max_hp_gain":0.0,"max_hp_loss":0.0,"gold_gain":0.0,"event_name":"Colosseum","player_choice":"Fought Nobs","floor":29.0,"gold_loss":0.0,"damage_taken":0.0},{"damage_healed":0,"gold_gain":0,"player_choice":"Got Potions","damage_taken":0,"max_hp_gain":0,"max_hp_loss":0,"event_name":"Lab","floor":48,"gold_loss":0}],"is_beta":false,"boss_relics":[{"not_picked":["Calling Bell","WristBlade"],"picked":"Sozu"},{"not_picked":["Velvet Choker","Coffee Dripper"],"picked":"Cursed Key"}],"items_purged_floors":[21,42],"is_endless":false,"potions_floor_spawned":[13,14,16,28,29,31,33,35,37,39,40],"ascension_level":0}