{"gold_per_floor":[110,285,305,305,305,330,349,349],"floor_reached":8,"playtime":282,"items_purged":[],"score":70,"play_id":"7508d859-ce20-4ba1-a329-212b91549234","local_time":"20190217225111","is_ascension_mode":true,"campfire_choices":[],"neow_cost":"NONE","seed_source_timestamp":252860781078663,"circlet_count":0,"master_deck":["Strike_B","Strike_B","Strike_B","Defend_B","Defend_B","Defend_B","Defend_B","Zap","Dualcast","Thunder Strike","Coolheaded","Doubt","Leap","Coolheaded","White Noise","Self Repair"],"relics":["Cracked Core","NlothsMask","Anchor"],"potions_floor_usage":[8],"damage_taken":[{"damage":10,"enemies":"Small Slimes","floor":1,"turns":3},{"damage":0,"enemies":"2 Louse","floor":3,"turns":2},{"damage":27,"enemies":"3 Sentries","floor":6,"turns":9},{"damage":0,"enemies":"Cultist","floor":7,"turns":5},{"damage":39,"enemies":"Gremlin Nob","floor":8,"turns":4}],"seed_played":"393562447643403916","potions_obtained":[{"floor":1,"key":"SteroidPotion"},{"floor":7,"key":"AttackPotion"}],"is_trial":false,"path_per_floor":["M","?","M","?","?","E","M","E"],"character_chosen":"DEFECT","items_purchased":[],"campfire_rested":0,"item_purchase_floors":[],"current_hp_per_floor":[65,65,65,65,65,38,38,0],"gold":349,"neow_bonus":"ONE_RANDOM_RARE_CARD","is_prod":false,"is_daily":false,"chose_seed":false,"campfire_upgraded":0,"win_rate":0,"timestamp":1550415071,"path_taken":["M","?","M","?","?","E","M","E"],"build_version":"2019-01-23","purchased_purges":0,"victory":false,"max_hp_per_floor":[75,75,75,75,75,75,75,75],"card_choices":[{"not_picked":["Consume","Go for the Eyes"],"picked":"Coolheaded","floor":1},{"not_picked":["Fusion","BootSequence"],"picked":"Leap","floor":3},{"not_picked":["Reinforced Body","Turbo"],"picked":"White Noise","floor":6},{"not_picked":["Steam","Rebound"],"picked":"Self Repair","floor":7}],"player_experience":218834,"relics_obtained":[{"floor":6,"key":"Anchor"}],"event_choices":[{"damage_healed":0,"gold_gain":175,"player_choice":"AGREE","damage_taken":0,"max_hp_gain":0,"max_hp_loss":0,"event_name":"Liars Game","floor":2,"gold_loss":0,"cards_obtained":["Doubt"]},{"damage_healed":0,"gold_gain":0,"cards_transformed":["Strike_B"],"player_choice":"Change","damage_taken":0,"max_hp_gain":0,"max_hp_loss":0,"event_name":"Living Wall","floor":4,"gold_loss":0,"cards_obtained":["Coolheaded"]},{"damage_healed":0,"gold_gain":0,"player_choice":"Trade","damage_taken":0,"relics_obtained":["NlothsMask"],"max_hp_gain":0,"max_hp_loss":0,"event_name":"FaceTrader","floor":5,"gold_loss":0}],"is_beta":false,"boss_relics":[],"items_purged_floors":[],"is_endless":false,"potions_floor_spawned":[1,7],"killed_by":"Gremlin Nob","ascension_level":5}