{"gold_per_floor":[217,16,33,33,50,50,70,87,141,151,6,36,36,66,78,185,197,224,236,248,278,308,320,342,354,366,378,115,115,132,164,164,164],"floor_reached":33,"playtime":1830,"items_purged":[],"score":282,"play_id":"849c0edc-c72d-4b27-b052-d951f9e02c67","local_time":"20181022222318","is_ascension_mode":false,"campfire_choices":[{"data":"Body Slam","floor":6,"key":"SMITH"},{"data":"Metallicize","floor":15,"key":"SMITH"},{"data":"Metallicize","floor":23,"key":"SMITH"},{"data":"Armaments","floor":27,"key":"SMITH"},{"data":"Searing Blow","floor":29,"key":"SMITH"},{"data":"Searing Blow+1","floor":32,"key":"SMITH"}],"neow_cost":"NONE","seed_source_timestamp":11667476533067,"circlet_count":0,"master_deck":["Strike_R+1","Strike_R+1","Strike_R+1","Strike_R+1","Defend_R+1","Defend_R+1","Defend_R+1","Defend_R+1","Bash","Pommel Strike","Ghostly Armor","Body Slam+1","Disarm","Power Through","Metallicize+1","Whirlwind","Limit Break","Bloodletting","Metallicize+1","Armaments+1","Searing Blow+2","Shrug It Off+1"],"relics":["Burning Blood","HandDrill","Potion Belt","Happy Flower","Shuriken","MawBank","Velvet Choker","Boot","Kunai","Red Mask"],"potions_floor_usage":[12,14,16,33,33,33],"damage_taken":[{"damage":0,"enemies":"Small Slimes","floor":1,"turns":3},{"damage":1,"enemies":"Cultist","floor":3,"turns":4},{"damage":2,"enemies":"2 Louse","floor":5,"turns":3},{"damage":6,"enemies":"Exordium Thugs","floor":7,"turns":7},{"damage":6,"enemies":"Looter","floor":8,"turns":4},{"damage":0,"enemies":"Blue Slaver","floor":10,"turns":5},{"damage":0,"enemies":"Gremlin Nob","floor":12,"turns":2},{"damage":18,"enemies":"3 Sentries","floor":14,"turns":4},{"damage":28,"enemies":"The Guardian","floor":16,"turns":15},{"damage":20,"enemies":"Chosen","floor":18,"turns":8},{"damage":7,"enemies":"Colosseum Slavers","floor":20,"turns":5},{"damage":0,"enemies":"3 Byrds","floor":21,"turns":6},{"damage":12,"enemies":"Shelled Parasite and Fungi","floor":22,"turns":5},{"damage":5,"enemies":"Snake Plant","floor":24,"turns":5},{"damage":7,"enemies":"Cultist and Chosen","floor":30,"turns":7},{"damage":32,"enemies":"Masked Bandits","floor":31,"turns":7},{"damage":55,"enemies":"Collector","floor":33,"turns":12}],"seed_played":"1090485709625855118","potions_obtained":[{"floor":5,"key":"AttackPotion"},{"floor":8,"key":"Fire Potion"},{"floor":10,"key":"Explosive Potion"},{"floor":16,"key":"Poison Potion"},{"floor":18,"key":"SteroidPotion"},{"floor":31,"key":"LiquidBronze"}],"is_trial":false,"path_per_floor":["M","$","M","?","M","R","M","M","T","M","$","E","$","E","R","B",null,"M","?","?","M","M","R","M","?","T","R","$","R","M","?","R"],"character_chosen":"IRONCLAD","items_purchased":["HandDrill","Happy Flower","Kunai","Searing Blow"],"campfire_rested":0,"item_purchase_floors":[2,11,28,28],"current_hp_per_floor":[80,80,80,80,80,80,80,80,80,80,80,80,80,68,68,46,80,66,66,65,71,65,65,66,80,80,80,80,80,79,53,53,0],"gold":164,"neow_bonus":"HUNDRED_GOLD","is_prod":false,"is_daily":false,"chose_seed":false,"campfire_upgraded":6,"win_rate":0,"timestamp":1540236198,"path_taken":["M","$","M","?","M","R","M","M","T","?","$","E","?","E","R","BOSS","M","?","?","M","M","R","M","?","T","R","?","R","M","?","R","BOSS"],"build_version":"2018-10-18","purchased_purges":0,"victory":false,"max_hp_per_floor":[80,80,80,80,80,80,80,80,80,80,80,80,80,80,80,80,80,80,80,80,80,80,80,80,80,80,80,80,80,80,80,80,80],"card_choices":[{"not_picked":["Sword Boomerang","Headbutt"],"picked":"Pommel Strike","floor":1},{"not_picked":["Infernal Blade","Power Through"],"picked":"Ghostly Armor","floor":3},{"not_picked":["Shockwave","Dual Wield"],"picked":"Body Slam","floor":5},{"not_picked":["Bloodletting","Flex"],"picked":"Disarm","floor":7},{"not_picked":["Flex","Wild Strike"],"picked":"Power Through","floor":8},{"not_picked":["True Grit","Iron Wave"],"picked":"Metallicize","floor":10},{"not_picked":["Body Slam","Twin Strike"],"picked":"Whirlwind","floor":12},{"not_picked":["Rage","Clothesline","Heavy Blade"],"picked":"SKIP","floor":14},{"not_picked":["Offering","Reaper"],"picked":"Limit Break","floor":16},{"not_picked":["Rupture","Hemokinesis"],"picked":"Bloodletting","floor":18},{"not_picked":["Wild Strike","Heavy Blade+1","Clothesline+1"],"picked":"SKIP","floor":21},{"not_picked":["Disarm+1","Twin Strike"],"picked":"Metallicize","floor":22},{"not_picked":["Flex+1","Clash"],"picked":"Armaments","floor":24},{"not_picked":["Body Slam","Rampage+1"],"picked":"Shrug It Off+1","floor":30}],"player_experience":93483,"relics_obtained":[{"floor":9,"key":"Potion Belt"},{"floor":12,"key":"Shuriken"},{"floor":14,"key":"MawBank"},{"floor":26,"key":"Boot"},{"floor":31,"key":"Red Mask"}],"event_choices":[{"cards_removed":["Strike_R"],"damage_healed":0,"gold_gain":0,"player_choice":"Offered Basic","damage_taken":0,"max_hp_gain":0,"max_hp_loss":0,"event_name":"Bonfire Elementals","floor":4,"gold_loss":0},{"damage_healed":0,"gold_gain":0,"player_choice":"Simplicity","damage_taken":0,"max_hp_gain":0,"max_hp_loss":0,"event_name":"Back to Basics","floor":19,"gold_loss":0,"cards_upgraded":["Strike_R","Strike_R","Strike_R","Strike_R","Defend_R","Defend_R","Defend_R","Defend_R"]},{"damage_healed":0,"gold_gain":0,"player_choice":"Fight","damage_taken":0,"max_hp_gain":0,"max_hp_loss":0,"event_name":"Colosseum","floor":20,"gold_loss":0},{"damage_healed":0,"gold_gain":0,"player_choice":"Fled From Nobs","damage_taken":0,"max_hp_gain":0,"max_hp_loss":0,"event_name":"Colosseum","floor":20,"gold_loss":0},{"damage_healed":26,"gold_gain":0,"player_choice":"Heal","damage_taken":0,"max_hp_gain":0,"max_hp_loss":0,"event_name":"The Library","floor":25,"gold_loss":0},{"damage_healed":0,"gold_gain":0,"player_choice":"Fought Bandits","damage_taken":0,"max_hp_gain":0,"max_hp_loss":0,"event_name":"Masked Bandits","floor":31,"gold_loss":0}],"is_beta":false,"boss_relics":[{"not_picked":["Mark of Pain","Snecko Eye"],"picked":"Velvet Choker"}],"items_purged_floors":[],"is_endless":false,"potions_floor_spawned":[5,8,10,16,18,31],"killed_by":"Collector","ascension_level":0}