{"gold_per_floor":[110,121,136,136,154,189,206,206,263,263,277,295,295,101,101,101],"floor_reached":16,"playtime":864,"items_purged":["Strike_B"],"score":104,"play_id":"df746991-965b-41e1-a4a5-d995b1eff980","local_time":"20181202221512","is_ascension_mode":false,"campfire_choices":[{"floor":8,"key":"REST"},{"floor":10,"key":"REST"},{"data":"Dualcast","floor":13,"key":"SMITH"},{"floor":15,"key":"REST"}],"neow_cost":"PERCENT_DAMAGE","seed_source_timestamp":25776122628283,"circlet_count":0,"master_deck":["Strike_B","Strike_B","Strike_B","Defend_B","Defend_B","Defend_B","Defend_B","Zap","Dualcast+1","All For One","Conserve Battery","Reinforced Body","Redo","Reinforced Body"],"relics":["Cracked Core","Bronze Scales","Smiling Mask","Tiny Chest","DataDisk"],"potions_floor_usage":[7,16],"damage_taken":[{"damage":6,"enemies":"Jaw Worm","floor":1,"turns":4},{"damage":5,"enemies":"Cultist","floor":2,"turns":4},{"damage":0,"enemies":"Small Slimes","floor":3,"turns":3},{"damage":24,"enemies":"Exordium Thugs","floor":5,"turns":4},{"damage":18,"enemies":"3 Sentries","floor":6,"turns":8},{"damage":0,"enemies":"Exordium Wildlife","floor":7,"turns":4},{"damage":5,"enemies":"Large Slime","floor":11,"turns":6},{"damage":12,"enemies":"Exordium Thugs","floor":12,"turns":4},{"damage":51,"enemies":"Slime Boss","floor":16,"turns":10}],"seed_played":"6715198618253935072","potions_obtained":[{"floor":3,"key":"EntropicBrew"},{"floor":6,"key":"FocusPotion"},{"floor":12,"key":"PowerPotion"}],"is_trial":false,"path_per_floor":["M","M","M","?","M","E","M","R","T","R","M","M","R","$","R","B"],"character_chosen":"DEFECT","items_purchased":["DataDisk"],"campfire_rested":3,"item_purchase_floors":[14],"current_hp_per_floor":[48,43,43,43,19,1,1,23,23,45,40,28,28,28,50,0],"gold":101,"neow_bonus":"THREE_RARE_CARDS","is_prod":false,"is_daily":false,"chose_seed":false,"campfire_upgraded":1,"win_rate":0,"timestamp":1543778112,"path_taken":["M","M","M","?","M","E","M","R","T","R","M","M","R","$","R","BOSS"],"build_version":"2018-11-15","purchased_purges":1,"victory":false,"max_hp_per_floor":[75,75,75,75,75,75,75,75,75,75,75,75,75,75,75,75],"card_choices":[{"not_picked":["Buffer","Thunder Strike"],"picked":"All For One","floor":0},{"not_picked":["Stack","Force Field","Turbo"],"picked":"SKIP","floor":1},{"not_picked":["Chill","Darkness","Rebound"],"picked":"SKIP","floor":2},{"not_picked":["Rebound","FTL"],"picked":"Conserve Battery","floor":3},{"not_picked":["Compile Driver","Steam Power"],"picked":"Reinforced Body","floor":5},{"not_picked":["Heatsinks","Sweeping Beam","Double Energy"],"picked":"SKIP","floor":6},{"not_picked":["Streamline","Fission"],"picked":"Redo","floor":7},{"not_picked":["Cold Snap","Redo","Static Discharge"],"picked":"SKIP","floor":11},{"not_picked":["Cold Snap","Redo","Static Discharge"],"picked":"SKIP","floor":11},{"not_picked":["Cold Snap","Steam"],"picked":"Reinforced Body","floor":12}],"player_experience":254346,"relics_obtained":[{"floor":6,"key":"Smiling Mask"},{"floor":9,"key":"Tiny Chest"}],"event_choices":[{"damage_healed":0,"gold_gain":0,"player_choice":"Gave Potion","damage_taken":0,"relics_obtained":["Bronze Scales"],"max_hp_gain":0,"max_hp_loss":0,"event_name":"WeMeetAgain","floor":4,"gold_loss":0}],"is_beta":false,"boss_relics":[],"items_purged_floors":[14],"is_endless":false,"potions_floor_spawned":[3,6,12],"killed_by":"Slime Boss","ascension_level":0}