{"gold_per_floor":[112,132,132,132,142,142,177,177,177,177,188,188,204,220,220,220],"floor_reached":16,"playtime":518,"items_purged":[],"score":122,"play_id":"ccd8fef8-4f01-49c5-a79e-5d1f154737b3","local_time":"20190112192451","is_ascension_mode":true,"campfire_choices":[{"data":"Rage","floor":6,"key":"SMITH"},{"floor":8,"key":"DIG"},{"floor":10,"key":"DIG"},{"floor":15,"key":"DIG"}],"neow_cost":"NONE","seed_source_timestamp":83561399614739,"circlet_count":0,"master_deck":["Strike_R","Strike_R","Strike_R","Strike_R","Defend_R","Defend_R","Defend_R","Defend_R+1","Bash+1","Cleave","Thunderclap","Rage+1","Cleave","Heavy Blade","Shrug It Off","Thunderclap"],"relics":["Burning Blood","NeowsBlessing","Mummified Hand","Shovel","Strawberry","Smiling Mask","Du-Vu Doll","Dead Branch"],"potions_floor_usage":[7,16],"damage_taken":[{"damage":0,"enemies":"Jaw Worm","floor":1,"turns":1},{"damage":0,"enemies":"Small Slimes","floor":2,"turns":1},{"damage":0,"enemies":"Cultist","floor":5,"turns":1},{"damage":19,"enemies":"Gremlin Nob","floor":7,"turns":4},{"damage":4,"enemies":"2 Fungi Beasts","floor":11,"turns":2},{"damage":5,"enemies":"Gremlin Gang","floor":13,"turns":2},{"damage":0,"enemies":"Blue Slaver","floor":14,"turns":3},{"damage":75,"enemies":"The Guardian","floor":16,"turns":14}],"seed_played":"-6512318544471207665","potions_obtained":[{"floor":2,"key":"Poison Potion"},{"floor":5,"key":"Poison Potion"},{"floor":14,"key":"Weak Potion"}],"is_trial":false,"path_per_floor":["M","M","?","?","M","R","E","R","T","R","M","?","M","M","R","B"],"character_chosen":"IRONCLAD","items_purchased":[],"campfire_rested":0,"item_purchase_floors":[],"current_hp_per_floor":[80,80,64,64,70,70,57,64,64,64,66,66,67,73,73,0],"gold":220,"neow_bonus":"THREE_ENEMY_KILL","is_prod":false,"is_daily":false,"chose_seed":false,"campfire_upgraded":1,"win_rate":0,"timestamp":1547292291,"path_taken":["M","M","?","?","M","R","E","R","T","R","?","?","?","M","R","BOSS"],"build_version":"2019-01-10","purchased_purges":0,"victory":false,"max_hp_per_floor":[80,80,80,80,80,80,80,87,87,87,87,87,87,87,87,87],"card_choices":[{"not_picked":["Pommel Strike","Flame Barrier"],"picked":"Cleave","floor":1},{"not_picked":["Body Slam","Clothesline"],"picked":"Thunderclap","floor":2},{"not_picked":["Headbutt","Havoc"],"picked":"Rage","floor":5},{"not_picked":["Clothesline","Sword Boomerang"],"picked":"Cleave","floor":7},{"not_picked":["Sever Soul","Reckless Charge"],"picked":"Heavy Blade","floor":11},{"not_picked":["Havoc","Dark Embrace"],"picked":"Shrug It Off","floor":13},{"not_picked":["Entrench","Shrug It Off"],"picked":"Thunderclap","floor":14}],"player_experience":137811,"relics_obtained":[{"floor":7,"key":"Shovel"},{"floor":8,"key":"Strawberry"},{"floor":9,"key":"Smiling Mask"},{"floor":10,"key":"Du-Vu Doll"},{"floor":15,"key":"Dead Branch"}],"event_choices":[{"damage_healed":0,"gold_gain":0,"player_choice":"Entered Light","damage_taken":16,"max_hp_gain":0,"max_hp_loss":0,"event_name":"Shining Light","floor":3,"gold_loss":0,"cards_upgraded":["Bash","Defend_R"]},{"damage_healed":0,"gold_gain":0,"player_choice":"Gave Potion","damage_taken":0,"relics_obtained":["Mummified Hand"],"max_hp_gain":0,"max_hp_loss":0,"event_name":"WeMeetAgain","floor":4,"gold_loss":0},{"cards_removed":["Strike_R"],"damage_healed":0,"gold_gain":0,"player_choice":"Purged","damage_taken":0,"max_hp_gain":0,"max_hp_loss":0,"event_name":"Purifier","floor":12,"gold_loss":0}],"is_beta":false,"boss_relics":[],"items_purged_floors":[],"is_endless":false,"potions_floor_spawned":[2,5,14],"killed_by":"The Guardian","ascension_level":4}