{"gold_per_floor":[112,123,134,145,145,145,171,171,171,171,188,218,232,58,58,129,129,146,161,161,161,177,177,187,200,223,236,236,269,184,49,49,126,126,144,70,80,93,105,105,139,139,139,149,0,0,11,11,11,11],"floor_reached":51,"playtime":2705,"items_purged":["Strike_G"],"score":1182,"play_id":"eb9b6b53-8fc9-4e68-9272-6927269574fd","local_time":"20190203183932","is_ascension_mode":true,"campfire_choices":[{"data":"Wraith Form v2","floor":6,"key":"SMITH"},{"floor":8,"key":"REST"},{"data":"Noxious Fumes","floor":10,"key":"SMITH"},{"data":"Cloak And Dagger","floor":15,"key":"SMITH"},{"floor":23,"key":"REST"},{"floor":28,"key":"REST"},{"data":"Cloak And Dagger","floor":32,"key":"SMITH"},{"data":"Cloak And Dagger","floor":40,"key":"SMITH"},{"data":"Malaise","floor":42,"key":"SMITH"},{"data":"Neutralize","floor":49,"key":"SMITH"}],"neow_cost":"NONE","seed_source_timestamp":6029512361200,"circlet_count":0,"master_deck":["AscendersBane","Defend_G","Defend_G","Defend_G","Defend_G","Defend_G","Strike_G","Strike_G","Strike_G","Survivor","Neutralize+1","Wraith Form v2+1","Backstab","Noxious Fumes+1","Dagger Spray","PiercingWail","Dodge and Roll","Cloak And Dagger+1","Cloak And Dagger+1","Caltrops","Malaise+1","RitualDagger","Cloak And Dagger+1","Infinite Blades","Infinite Blades","Acrobatics","Infinite Blades","Backstab","Die Die Die","Well Laid Plans","Well Laid Plans","Skewer+1","Acrobatics","Dark Shackles"],"relics":["Ring of the Serpent","Bag of Marbles","Kunai","Letter Opener","Lantern","Sozu","Bird Faced Urn","Regal Pillow","Ornamental Fan","Mummified Hand","Dodecahedron","Pocketwatch","Red Mask"],"potions_floor_usage":[4,12,12,16],"damage_taken":[{"damage":6,"enemies":"Cultist","floor":1,"turns":6},{"damage":1,"enemies":"2 Louse","floor":2,"turns":3},{"damage":1,"enemies":"Jaw Worm","floor":3,"turns":5},{"damage":10,"enemies":"Lots of Slimes","floor":4,"turns":2},{"damage":29,"enemies":"Gremlin Nob","floor":7,"turns":4},{"damage":0,"enemies":"2 Fungi Beasts","floor":11,"turns":2},{"damage":17,"enemies":"Lagavulin","floor":12,"turns":7},{"damage":0,"enemies":"3 Louse","floor":13,"turns":3},{"damage":9,"enemies":"The Guardian","floor":16,"turns":11},{"damage":1,"enemies":"Shell Parasite","floor":18,"turns":8},{"damage":15,"enemies":"Chosen","floor":19,"turns":6},{"damage":15,"enemies":"Snecko","floor":22,"turns":8},{"damage":3,"enemies":"3 Cultists","floor":24,"turns":6},{"damage":9,"enemies":"Centurion and Healer","floor":25,"turns":9},{"damage":9,"enemies":"Shelled Parasite and Fungi","floor":27,"turns":6},{"damage":26,"enemies":"Gremlin Leader","floor":29,"turns":8},{"damage":48,"enemies":"Automaton","floor":33,"turns":14},{"damage":0,"enemies":"Orb Walker","floor":35,"turns":3},{"damage":12,"enemies":"3 Darklings","floor":37,"turns":4},{"damage":0,"enemies":"4 Shapes","floor":38,"turns":4},{"damage":0,"enemies":"Transient","floor":39,"turns":5},{"damage":26,"enemies":"Giant Head","floor":41,"turns":10},{"damage":16,"enemies":"Writhing Mass","floor":44,"turns":8},{"damage":4,"enemies":"Spire Growth","floor":47,"turns":6},{"damage":43,"enemies":"Donu and Deca","floor":50,"turns":13}],"seed_played":"5975475922659025874","potions_obtained":[{"floor":1,"key":"Strength Potion"},{"floor":2,"key":"SteroidPotion"},{"floor":11,"key":"Regen Potion"},{"floor":13,"key":"SteroidPotion"}],"is_trial":false,"path_per_floor":["M","M","M","M","T","R","E","R","T","R","M","E","M","$","R","B",null,"M","M","?","T","M","R","M","M","T","M","R","E","?","$","R","B",null,"M","$","M","M","M","R","E","R","T","M","?","?","M","?","R","B",null],"character_chosen":"THE_SILENT","items_purchased":["Cloak And Dagger","Caltrops","Infinite Blades","Backstab","Well Laid Plans"],"campfire_rested":3,"item_purchase_floors":[14,14,31,31,36],"current_hp_per_floor":[53,52,51,41,41,41,12,31,31,31,31,29,29,29,29,20,55,54,39,33,33,22,41,42,37,37,36,66,42,42,42,42,6,51,57,57,55,65,66,66,44,44,44,44,44,44,56,56,56,29],"gold":11,"neow_bonus":"ONE_RANDOM_RARE_CARD","is_prod":false,"is_daily":false,"chose_seed":false,"campfire_upgraded":7,"win_rate":0,"timestamp":1549247972,"path_taken":["M","?","M","M","?","R","E","R","T","R","?","E","M","$","R","BOSS","M","?","?","?","M","R","M","?","T","M","R","E","?","$","R","BOSS","M","$","M","M","M","R","E","R","T","M","?","?","M","?","R","BOSS"],"build_version":"2019-01-23","purchased_purges":1,"victory":true,"max_hp_per_floor":[66,66,66,66,66,66,66,66,66,66,66,66,66,66,66,66,66,66,66,66,66,66,66,66,66,66,66,66,66,66,66,66,66,66,66,66,66,66,66,66,66,66,66,66,66,66,66,66,66,66],"card_choices":[{"not_picked":["Flying Knee","Acrobatics"],"picked":"Backstab","floor":1},{"not_picked":["Bane","Setup"],"picked":"Noxious Fumes","floor":2},{"not_picked":["Expertise","Backflip"],"picked":"Dagger Spray","floor":3},{"not_picked":["Prepared","Deflect","Dagger Throw"],"picked":"SKIP","floor":4},{"not_picked":["Underhanded Strike","Blade Dance"],"picked":"PiercingWail","floor":7},{"not_picked":["Eviscerate","Tools of the Trade","Quick Slash"],"picked":"SKIP","floor":11},{"not_picked":["Endless Agony","Sucker Punch"],"picked":"Dodge and Roll","floor":12},{"not_picked":["Dodge and Roll","Deflect"],"picked":"Cloak And Dagger","floor":13},{"not_picked":["Glass Knife","Grand Finale"],"picked":"Malaise","floor":16},{"not_picked":["Quick Slash","Setup+1","Bane"],"picked":"SKIP","floor":18},{"not_picked":["Expertise","Flying Knee","Slice"],"picked":"SKIP","floor":19},{"not_picked":["Flechettes","Blade Dance","Bane"],"picked":"SKIP","floor":22},{"not_picked":["Bane","Dagger Throw"],"picked":"Cloak And Dagger","floor":24},{"not_picked":["Dagger Throw","Masterful Stab"],"picked":"Infinite Blades","floor":25},{"not_picked":["Prepared+1","Wraith Form v2"],"picked":"Infinite Blades","floor":27},{"not_picked":["Distraction","Flying Knee"],"picked":"Acrobatics","floor":29},{"not_picked":["Corpse Explosion","Glass Knife"],"picked":"Die Die Die","floor":33},{"not_picked":["Prepared","Dagger Spray+1","Acrobatics"],"picked":"SKIP","floor":35},{"not_picked":["Outmaneuver","Flying Knee"],"picked":"Well Laid Plans","floor":37},{"not_picked":["Quick Slash","Riddle With Holes+1"],"picked":"Skewer+1","floor":38},{"not_picked":["Dagger Spray","Sucker Punch"],"picked":"Acrobatics","floor":39},{"not_picked":["All Out Attack","Phantasmal Killer","Eviscerate+1"],"picked":"SKIP","floor":41},{"not_picked":["Blade Dance","Outmaneuver","Tactician"],"picked":"SKIP","floor":44},{"not_picked":["Skewer+1","Quick Slash","Bane"],"picked":"SKIP","floor":47},{"not_picked":["PanicButton","Forethought"],"picked":"Dark Shackles","floor":48}],"player_experience":417744,"relics_obtained":[{"floor":5,"key":"Bag of Marbles"},{"floor":7,"key":"Kunai"},{"floor":9,"key":"Letter Opener"},{"floor":12,"key":"Lantern"},{"floor":21,"key":"Bird Faced Urn"},{"floor":26,"key":"Regal Pillow"},{"floor":29,"key":"Ornamental Fan"},{"floor":41,"key":"Dodecahedron"},{"floor":43,"key":"Pocketwatch"}],"event_choices":[{"damage_healed":0,"gold_gain":0,"player_choice":"Joined the Cult","damage_taken":6,"max_hp_gain":0,"max_hp_loss":0,"event_name":"Nest","floor":20,"gold_loss":0,"cards_obtained":["RitualDagger"]},{"damage_healed":0,"gold_gain":0,"player_choice":"Obtained Relic","damage_taken":0,"relics_obtained":["Mummified Hand"],"max_hp_gain":0,"max_hp_loss":0,"event_name":"Addict","floor":30,"gold_loss":85},{"damage_healed":0,"gold_gain":0,"player_choice":"Paid","damage_taken":0,"relics_obtained":["Red Mask"],"max_hp_gain":0,"max_hp_loss":0,"event_name":"Tomb of Lord Red Mask","floor":45,"gold_loss":149},{"cards_removed":["Strike_G"],"damage_healed":0,"gold_gain":0,"player_choice":"Removed Attack","damage_taken":0,"max_hp_gain":0,"max_hp_loss":0,"event_name":"Falling","floor":46,"gold_loss":0},{"damage_healed":0,"gold_gain":0,"player_choice":"Memory 1","damage_taken":0,"max_hp_gain":0,"max_hp_loss":0,"event_name":"SensoryStone","floor":48,"gold_loss":0}],"is_beta":false,"boss_relics":[{"not_picked":["Calling Bell","Runic Pyramid"],"picked":"Sozu"},{"not_picked":["Busted Crown","Snecko Eye"],"picked":"Ring of the Serpent"}],"items_purged_floors":[14],"is_endless":false,"potions_floor_spawned":[1,2,11,13,24,27,29,39,41,44],"ascension_level":15}