{"gold_per_floor":[119,44,64,80,93,127,137,152,221,233,313,326,326,200,200,200],"floor_reached":16,"playtime":684,"items_purged":["Strike_G","Strike_G"],"score":156,"play_id":"d6aefcfb-ef21-492a-8546-76ff626568e5","local_time":"20190303151847","daily_mods":["Red Cards","Heirloom"],"is_ascension_mode":false,"campfire_choices":[{"data":"Shrug It Off","floor":13,"key":"SMITH"},{"floor":15,"key":"REST"}],"neow_cost":"","seed_source_timestamp":0,"circlet_count":0,"master_deck":["Defend_G","Defend_G","Defend_G","Defend_G","Defend_G","Strike_G","Strike_G","Strike_G","Survivor","Neutralize","Finisher","Shrug It Off+1","Accuracy","True Grit"],"relics":["Ring of the Snake","The Specimen","Strawberry","Matryoshka","Potion Belt","Dodecahedron"],"potions_floor_usage":[6,10,10,16],"damage_taken":[{"damage":1,"enemies":"Cultist","floor":1,"turns":6},{"damage":0,"enemies":"2 Louse","floor":3,"turns":2},{"damage":1,"enemies":"Jaw Worm","floor":4,"turns":6},{"damage":18,"enemies":"Exordium Thugs","floor":5,"turns":5},{"damage":36,"enemies":"Gremlin Nob","floor":6,"turns":6},{"damage":6,"enemies":"Large Slime","floor":7,"turns":7},{"damage":0,"enemies":"Looter","floor":8,"turns":3},{"damage":5,"enemies":"Lots of Slimes","floor":10,"turns":8},{"damage":5,"enemies":"3 Louse","floor":12,"turns":3},{"damage":35,"enemies":"Slime Boss","floor":16,"turns":6}],"seed_played":"-3964280959151110857","potions_obtained":[{"floor":3,"key":"SkillPotion"},{"floor":6,"key":"Block Potion"},{"floor":7,"key":"GhostInAJar"},{"floor":8,"key":"Block Potion"},{"floor":10,"key":"GamblersBrew"}],"is_trial":true,"path_per_floor":["M","$","M","M","M","E","M","M","T","M","T","M","R","$","R","B"],"character_chosen":"THE_SILENT","items_purchased":["True Grit"],"campfire_rested":1,"item_purchase_floors":[14],"current_hp_per_floor":[69,69,69,68,50,21,15,15,15,10,10,5,5,5,28,0],"gold":200,"neow_bonus":"","is_prod":false,"is_daily":false,"chose_seed":false,"campfire_upgraded":1,"win_rate":0,"timestamp":1551615527,"path_taken":["M","?","?","M","M","E","M","?","T","M","?","M","R","$","R","BOSS"],"build_version":"2019-01-23","purchased_purges":2,"victory":false,"max_hp_per_floor":[70,70,70,70,70,77,77,77,77,77,77,77,77,77,77,77],"card_choices":[{"not_picked":["Slice","Havoc","Clothesline"],"picked":"SKIP","floor":1},{"not_picked":["Wild Strike","Distraction"],"picked":"Finisher","floor":3},{"not_picked":["Infinite Blades","Flechettes"],"picked":"Shrug It Off","floor":4},{"not_picked":["Choke","Sucker Punch","Ghostly Armor"],"picked":"SKIP","floor":5},{"not_picked":["Headbutt","Unload"],"picked":"Accuracy","floor":6},{"not_picked":["PiercingWail","Heavy Blade","Poisoned Stab"],"picked":"SKIP","floor":7},{"not_picked":["Deflect","Power Through","Heavy Blade"],"picked":"SKIP","floor":8},{"not_picked":["Dodge and Roll","Anger","Iron Wave"],"picked":"SKIP","floor":10},{"not_picked":["Body Slam","Flechettes","Shockwave"],"picked":"SKIP","floor":12}],"player_experience":955825,"relics_obtained":[{"floor":6,"key":"Strawberry"},{"floor":9,"key":"Matryoshka"},{"floor":11,"key":"Potion Belt"},{"floor":11,"key":"Dodecahedron"}],"event_choices":[],"is_beta":false,"boss_relics":[],"items_purged_floors":[2,14],"is_endless":true,"potions_floor_spawned":[3,6,7,8,10],"killed_by":"Slime Boss","ascension_level":0}