{"gold_per_floor":[112,287,39,63,63,96,96,132,132,132,163,163,202,217,217,341,341,365,365,115,126,126,126],"floor_reached":23,"playtime":2638,"items_purged":["Doubt","Defend_G"],"score":213,"play_id":"6cc20311-7c48-424f-88ef-e64f356ed503","local_time":"20180919223015","is_ascension_mode":false,"campfire_choices":[{"floor":7,"key":"REST"},{"floor":10,"key":"REST"},{"floor":15,"key":"REST"}],"neow_cost":"","seed_source_timestamp":9449155250547,"circlet_count":0,"master_deck":["Defend_G","Defend_G","Defend_G","Defend_G","Strike_G","Strike_G","Strike_G","Strike_G","Strike_G","Survivor","Neutralize","Heel Hook","Slice","Skewer","Flying Knee","Backflip","Choke+1","Outmaneuver","Adrenaline","Tactician","Doubt"],"relics":["Ring of the Serpent","Vajra","Snake Skull","Bloody Idol","Ancient Tea Set","Orichalcum","Centennial Puzzle","Molten Egg 2","Bag of Marbles","Blood Vial"],"potions_floor_usage":[23],"damage_taken":[{"damage":1,"enemies":"Small Slimes","floor":1,"turns":3},{"damage":31,"enemies":"Lagavulin","floor":6,"turns":9},{"damage":11,"enemies":"Gremlin Nob","floor":8,"turns":4},{"damage":19,"enemies":"Lagavulin","floor":11,"turns":6},{"damage":8,"enemies":"Gremlin Nob","floor":13,"turns":4},{"damage":0,"enemies":"Cultist","floor":14,"turns":2},{"damage":1,"enemies":"Hexaghost","floor":16,"turns":9},{"damage":2,"enemies":"Shell Parasite","floor":18,"turns":2},{"damage":14,"enemies":"Spheric Guardian","floor":21,"turns":4},{"damage":67,"enemies":"Book of Stabbing","floor":23,"turns":6}],"seed_played":"2771028039020643830","potions_obtained":[{"floor":1,"key":"Strength Potion"},{"floor":6,"key":"Swift Potion"},{"floor":8,"key":"LiquidBronze"},{"floor":11,"key":"FearPotion"},{"floor":18,"key":"AttackPotion"}],"is_trial":false,"path_per_floor":["M","?","$","T","?","E","R","E","T","R","E","?","E","M","R","B",null,"M","?","$","M","?"],"character_chosen":"THE_SILENT","items_purchased":["Slice","Vajra","Blood Vial"],"campfire_rested":3,"item_purchase_floors":[3,3,20],"current_hp_per_floor":[69,69,69,69,52,21,42,31,31,52,33,33,25,25,46,45,70,68,68,68,61,61,0],"gold":126,"neow_bonus":"","is_prod":false,"is_daily":false,"chose_seed":false,"campfire_upgraded":0,"win_rate":0.0,"timestamp":1537385415,"path_taken":["M","?","$","?","?","E","R","E","T","R","E","?","E","M","R","BOSS","M","?","$","M","?","E"],"build_version":"2018-09-06","purchased_purges":2,"victory":false,"max_hp_per_floor":[70,70,70,70,70,70,70,70,70,70,70,70,70,70,70,70,70,70,70,70,70,70,70],"card_choices":[{"not_picked":["Well Laid Plans","Crippling Poison"],"picked":"Heel Hook","floor":1},{"not_picked":["Tactician","Underhanded Strike"],"picked":"Skewer","floor":6},{"not_picked":["Caltrops","Escape Plan"],"picked":"Flying Knee","floor":8},{"not_picked":["Dagger Throw","Acrobatics"],"picked":"Backflip","floor":11},{"not_picked":["Reflex","Well Laid Plans"],"picked":"Choke+1","floor":13},{"not_picked":["Dagger Spray+1","Masterful Stab+1"],"picked":"Outmaneuver","floor":14},{"not_picked":["Venomology","Tools of the Trade"],"picked":"Adrenaline","floor":16},{"not_picked":["Dagger Throw+1","Backflip"],"picked":"Tactician","floor":18},{"not_picked":["Leg Sweep","PiercingWail","Backflip"],"picked":"SKIP","floor":21}],"player_experience":19486,"relics_obtained":[{"floor":4,"key":"Snake Skull"},{"floor":6,"key":"Ancient Tea Set"},{"floor":8,"key":"Orichalcum"},{"floor":9,"key":"Centennial Puzzle"},{"floor":11,"key":"Molten Egg 2"},{"floor":13,"key":"Bag of Marbles"}],"event_choices":[{"event_name":"Liars Game","player_choice":"agreed","floor":2,"damage_taken":0},{"event_name":"Golden Idol","player_choice":"Take Damage","floor":5,"damage_taken":0},{"event_name":"Shining Light","player_choice":"Ignored","floor":12,"damage_taken":0},{"event_name":"Forgotten Altar","player_choice":"Gave Idol","floor":19,"damage_taken":0},{"event_name":"Match and Keep!","player_choice":"1 cards matched","floor":22,"damage_taken":0},{"event_name":"Match and Keep!","player_choice":"1 cards matched","floor":22,"damage_taken":0}],"is_beta":false,"boss_relics":[{"not_picked":["Black Star","Philosopher\u0027s Stone"],"picked":"Ring of the Serpent"}],"items_purged_floors":[3,20],"is_endless":false,"potions_floor_spawned":[1,6,8,11,18],"killed_by":"Book of Stabbing","ascension_level":0}