{"gold_per_floor":[117,47,47,59,59,59,73,86,86,113,132,132,158,5,5,106,106,125,50,70,86,86,115,134,134,134,148,180,180,192,223,223,319,319,336,336,164,0,17,44,54,54,54,89,111,123,150,176,188,200],"floor_reached":51,"playtime":3858,"items_purged":["Strike_G","Strike_G"],"score":869,"play_id":"afc6160a-8528-4574-9544-2689fb4e885e","local_time":"20181227221133","is_ascension_mode":true,"campfire_choices":[{"data":"Noxious Fumes","floor":6.0,"key":"SMITH"},{"data":"Footwork","floor":12.0,"key":"SMITH"},{"data":"Footwork","floor":15.0,"key":"SMITH"},{"floor":25,"key":"REST"},{"data":"Night Terror","floor":32,"key":"SMITH"},{"floor":42,"key":"DIG"},{"floor":46,"key":"DIG"},{"floor":49,"key":"DIG"}],"neow_cost":"NONE","seed_source_timestamp":7441587102264,"circlet_count":0,"master_deck":["Defend_G","Defend_G","Defend_G","Defend_G","Defend_G","Strike_G","Survivor","Neutralize","Doppelganger","Catalyst","Noxious Fumes+1","Backflip","Neutralize","Escape Plan","Footwork+1","Footwork+1","Corpse Explosion","Venomology","Deadly Poison+1","Dodge and Roll","Escape Plan+1","Night Terror+1","Tools of the Trade","After Image","Setup+1","Deadly Poison+1","Sucker Punch+1","Footwork+1","Parasite"],"special_seed":0,"relics":["Ring of the Snake","Pear","Tough Bandages","Art of War","Black Star","Lantern","Vajra","Ginger","Shovel","PreservedInsect","Unceasing Top","Ice Cream","Dodecahedron","Fusion Hammer","Red Mask","Kunai","Mango","Pen Nib","Nunchaku","Bottled Tornado","MawBank","Boot","Bottled Lightning"],"potions_floor_usage":[23,23,24,27,28,28,30,31,31,31,33,35,41,44,44,45,50,50],"damage_taken":[{"damage":0.0,"enemies":"Cultist","floor":1.0,"turns":5.0},{"damage":3.0,"enemies":"Jaw Worm","floor":4.0,"turns":7.0},{"damage":0.0,"enemies":"Small Slimes","floor":7.0,"turns":4.0},{"damage":3.0,"enemies":"Red Slaver","floor":8.0,"turns":4.0},{"damage":2.0,"enemies":"Lagavulin","floor":10.0,"turns":9.0},{"damage":3.0,"enemies":"Exordium Thugs","floor":11.0,"turns":5.0},{"damage":20.0,"enemies":"3 Sentries","floor":13.0,"turns":8.0},{"damage":1.0,"enemies":"Slime Boss","floor":16.0,"turns":12.0},{"damage":6.0,"enemies":"Spheric Guardian","floor":18.0,"turns":5.0},{"damage":12.0,"enemies":"2 Thieves","floor":20.0,"turns":4.0},{"damage":1.0,"enemies":"Snake Plant","floor":21.0,"turns":5.0},{"damage":20,"enemies":"Gremlin Leader","floor":23,"turns":7},{"damage":16,"enemies":"3 Cultists","floor":24,"turns":3},{"damage":0,"enemies":"Centurion and Healer","floor":27,"turns":8},{"damage":1,"enemies":"Book of Stabbing","floor":28,"turns":8},{"damage":8,"enemies":"Sentry and Sphere","floor":30,"turns":6},{"damage":0,"enemies":"Slavers","floor":31,"turns":6},{"damage":6,"enemies":"Champ","floor":33,"turns":16},{"damage":0,"enemies":"3 Shapes","floor":35,"turns":4},{"damage":0,"enemies":"3 Darklings","floor":39,"turns":6},{"damage":0,"enemies":"Giant Head","floor":40,"turns":8},{"damage":2,"enemies":"Jaw Worm Horde","floor":41,"turns":4},{"damage":8,"enemies":"Reptomancer","floor":44,"turns":7},{"damage":2,"enemies":"Transient","floor":45,"turns":5},{"damage":0,"enemies":"4 Shapes","floor":47,"turns":3},{"damage":0,"enemies":"Writhing Mass","floor":48,"turns":5},{"damage":26,"enemies":"Donu and Deca","floor":50,"turns":6}],"seed_played":"8331180007239869749","potions_obtained":[{"floor":1.0,"key":"Weak Potion"},{"floor":10.0,"key":"EssenceOfSteel"},{"floor":11.0,"key":"GamblersBrew"},{"floor":24,"key":"Explosive Potion"},{"floor":27,"key":"EssenceOfSteel"},{"floor":28,"key":"Explosive Potion"},{"floor":33,"key":"FearPotion"},{"floor":44,"key":"Block Potion"},{"floor":48,"key":"SkillPotion"}],"is_trial":false,"path_per_floor":["M","$","?","M","?","R","M","M","T","E","M","R","E","$","R","B",null,"M","?","M","M","?","E","M","R","T","M","E","?","M","E","R","B",null,"M","?","$","?","M","E","M","R","T","E","M","R","M","M","R","B",null],"character_chosen":"THE_SILENT","items_purchased":["Noxious Fumes","Corpse Explosion","GhostInAJar"],"campfire_rested":1,"item_purchase_floors":[2,14,37],"current_hp_per_floor":[70,70,70,67,67,67,67,64,74,72,69,69,49,49,49,48,80,74,74,62,61,61,41,25,49,49,49,63,63,55,55,55,49,80,80,80,80,80,80,94,92,92,92,84,82,82,82,82,82,56],"gold":212,"neow_bonus":"ONE_RANDOM_RARE_CARD","is_prod":false,"is_daily":false,"chose_seed":false,"campfire_upgraded":4,"win_rate":0,"timestamp":1545937893,"path_taken":["M","?","?","M","?","R","M","M","T","E","?","R","E","?","R","BOSS","M","?","M","M","?","E","M","R","T","M","E","?","?","E","R","BOSS","M","?","$","?","M","E","M","R","T","E","M","R","M","M","R","BOSS"],"build_version":"2018-12-20","purchased_purges":2,"victory":true,"max_hp_per_floor":[70,70,70,70,70,70,70,70,80,80,80,80,80,80,80,80,80,80,80,80,80,80,80,80,80,80,80,80,80,80,80,80,80,80,80,80,80,80,80,94,94,94,94,94,94,94,94,94,94,94],"card_choices":[{"not_picked":["Dagger Spray","Slice"],"picked":"Catalyst","floor":1.0},{"not_picked":["Quick Slash","Calculated Gamble"],"picked":"Backflip","floor":4.0},{"not_picked":["Concentrate","Escape Plan","A Thousand Cuts"],"picked":"SKIP","floor":7.0},{"not_picked":["Tactician","Backflip"],"picked":"Footwork","floor":8.0},{"not_picked":["Prepared","Cloak And Dagger","Tactician"],"picked":"SKIP","floor":10.0},{"not_picked":["Underhanded Strike","Acrobatics","Tactician"],"picked":"SKIP","floor":11.0},{"not_picked":["Dagger Spray","Outmaneuver"],"picked":"Footwork","floor":13.0},{"not_picked":["Doppelganger","Die Die Die"],"picked":"Venomology","floor":16.0},{"not_picked":["Eviscerate","PiercingWail"],"picked":"Deadly Poison+1","floor":18.0},{"not_picked":["Heel Hook","Underhanded Strike","Predator"],"picked":"SKIP","floor":20.0},{"not_picked":["Skewer","Bane","Caltrops+1"],"picked":"SKIP","floor":21.0},{"not_picked":["Bouncing Flask+1","Sucker Punch"],"picked":"Dash","floor":23},{"not_picked":["Venomology","Reflex"],"picked":"Dodge and Roll","floor":24},{"not_picked":["Dagger Throw","Outmaneuver","Masterful Stab"],"picked":"SKIP","floor":27},{"not_picked":["Noxious Fumes+1","Bane+1"],"picked":"Escape Plan+1","floor":28},{"not_picked":["Riddle With Holes","Bane+1","Dagger Spray"],"picked":"SKIP","floor":30},{"not_picked":["Skewer","Terror"],"picked":"Tools of the Trade","floor":31},{"not_picked":["Wraith Form v2","Malaise"],"picked":"After Image","floor":33},{"not_picked":["Cloak And Dagger","Calculated Gamble+1"],"picked":"Setup+1","floor":35},{"not_picked":["Deflect","Backflip"],"picked":"Deadly Poison+1","floor":39},{"not_picked":["Flechettes+1","Corpse Explosion","PiercingWail"],"picked":"SKIP","floor":40},{"not_picked":["Slice","Poisoned Stab+1","Prepared+1"],"picked":"SKIP","floor":41},{"not_picked":["Expertise","Prepared+1","Outmaneuver+1"],"picked":"SKIP","floor":44},{"not_picked":["Prepared","Acrobatics+1"],"picked":"Sucker Punch+1","floor":45},{"not_picked":["Phantasmal Killer","Underhanded Strike"],"picked":"Footwork+1","floor":47},{"not_picked":["Prepared","Flying Knee+1","Sucker Punch"],"picked":"SKIP","floor":48}],"player_experience":375019,"relics_obtained":[{"floor":9.0,"key":"Pear"},{"floor":10.0,"key":"Tough Bandages"},{"floor":13.0,"key":"Art of War"},{"floor":23,"key":"Vajra"},{"floor":23,"key":"Ginger"},{"floor":26,"key":"Shovel"},{"floor":28,"key":"PreservedInsect"},{"floor":28,"key":"Unceasing Top"},{"floor":31,"key":"Ice Cream"},{"floor":31,"key":"Dodecahedron"},{"floor":40,"key":"Kunai"},{"floor":40,"key":"Mango"},{"floor":42,"key":"Pen Nib"},{"floor":43,"key":"Nunchaku"},{"floor":44,"key":"Bottled Tornado"},{"floor":44,"key":"MawBank"},{"floor":46,"key":"Boot"},{"floor":49,"key":"Bottled Lightning"}],"event_choices":[{"cards_removed":["Strike_G"],"damage_healed":0.0,"max_hp_gain":0.0,"max_hp_loss":0.0,"gold_gain":0.0,"event_name":"Living Wall","player_choice":"Forget","floor":3.0,"gold_loss":0.0,"damage_taken":0.0},{"damage_healed":0.0,"max_hp_gain":0.0,"max_hp_loss":0.0,"gold_gain":0.0,"event_name":"Match and Keep!","player_choice":"2 cards matched","floor":5.0,"gold_loss":0.0,"damage_taken":0.0,"cards_obtained":["Neutralize","Escape Plan"]},{"cards_removed":["Strike_G"],"damage_healed":0.0,"max_hp_gain":0.0,"max_hp_loss":0.0,"gold_gain":0.0,"event_name":"Beggar","player_choice":"Gave Gold","floor":19.0,"gold_loss":75.0,"damage_taken":0.0},{"damage_healed":0.0,"max_hp_gain":0.0,"max_hp_loss":0.0,"gold_gain":0.0,"event_name":"The Mausoleum","player_choice":"Opened","floor":22.0,"gold_loss":0.0,"damage_taken":0.0,"relics_obtained":["Lantern"]},{"damage_healed":0,"gold_gain":0,"player_choice":"Read","damage_taken":0,"max_hp_gain":0,"max_hp_loss":0,"event_name":"The Library","floor":29,"gold_loss":0,"cards_obtained":["Night Terror"]},{"cards_removed":["Dash"],"damage_healed":0,"gold_gain":0,"player_choice":"Removed Attack","damage_taken":0,"max_hp_gain":0,"max_hp_loss":0,"event_name":"Falling","floor":36,"gold_loss":0},{"damage_healed":0,"gold_gain":0,"player_choice":"Paid","damage_taken":0,"relics_obtained":["Red Mask"],"max_hp_gain":0,"max_hp_loss":0,"event_name":"Tomb of Lord Red Mask","floor":38,"gold_loss":164}],"is_beta":false,"boss_relics":[{"not_picked":["Eternal Feather","Lizard Tail"],"picked":"Black Star"},{"not_picked":["Orrery","Coffee Dripper"],"picked":"Fusion Hammer"}],"items_purged_floors":[14,37],"is_endless":false,"potions_floor_spawned":[1,10,11,16,24,27,28,33,44,47,48],"ascension_level":1}