{"gold_per_floor":[111,130,148,166,181,210,210,233,233,408,408,483,501,521,521,521],"floor_reached":16,"playtime":1326,"items_purged":[],"score":104,"play_id":"69dcb280-ec0f-4aee-b6b6-ace5dc06a12f","local_time":"20190106010335","is_ascension_mode":false,"campfire_choices":[{"data":"Dualcast","floor":7,"key":"SMITH"},{"data":"Scrape","floor":11,"key":"SMITH"},{"floor":15,"key":"REST"}],"neow_cost":"NONE","seed_source_timestamp":187488984825506,"circlet_count":0,"master_deck":["Strike_B","Strike_B","Strike_B","Strike_B","Defend_B","Defend_B","Defend_B","Defend_B","Zap","Dualcast+1","Finesse","Conserve Battery","Gash","Scrape+1","Sweeping Beam","Glacier","Reprogram","Cold Snap","Doubt","Double Energy","Compile Driver"],"relics":["Cracked Core","Potion Belt","Odd Mushroom","Sundial"],"potions_floor_usage":[6,16,16],"damage_taken":[{"damage":0,"enemies":"2 Louse","floor":1,"turns":2},{"damage":0,"enemies":"Small Slimes","floor":2,"turns":3},{"damage":0,"enemies":"Cultist","floor":3,"turns":3},{"damage":1,"enemies":"Gremlin Gang","floor":4,"turns":5},{"damage":13,"enemies":"Red Slaver","floor":5,"turns":3},{"damage":10,"enemies":"Gremlin Nob","floor":6,"turns":5},{"damage":10,"enemies":"The Mushroom Lair","floor":8,"turns":5},{"damage":3,"enemies":"2 Fungi Beasts","floor":13,"turns":3},{"damage":6,"enemies":"3 Louse","floor":14,"turns":2},{"damage":45,"enemies":"Hexaghost","floor":16,"turns":16}],"seed_played":"6732241867998038311","potions_obtained":[{"floor":5,"key":"SkillPotion"},{"floor":8,"key":"Weak Potion"},{"floor":14,"key":"SkillPotion"}],"is_trial":false,"path_per_floor":["M","M","M","M","M","E","R","?","T","?","R","?","M","M","R","B"],"character_chosen":"DEFECT","items_purchased":[],"campfire_rested":1,"item_purchase_floors":[],"current_hp_per_floor":[75,75,75,74,61,51,51,41,41,41,41,30,27,21,43,0],"gold":521,"neow_bonus":"RANDOM_COLORLESS","is_prod":false,"is_daily":false,"chose_seed":false,"campfire_upgraded":2,"win_rate":0.0,"timestamp":1546707815,"path_taken":["M","M","M","M","M","E","R","?","T","?","R","?","M","M","R","BOSS"],"build_version":"2019-01-03v4","purchased_purges":0,"victory":false,"max_hp_per_floor":[75,75,75,75,75,75,75,75,75,75,75,75,75,75,75,75],"card_choices":[{"not_picked":["Streamline","Capacitor"],"picked":"Conserve Battery","floor":1},{"not_picked":["Rainbow","Tempest"],"picked":"Gash","floor":2},{"not_picked":["Cold Snap","Skim"],"picked":"Scrape","floor":3},{"not_picked":["Tempest","Leap"],"picked":"Sweeping Beam","floor":4},{"not_picked":["White Noise","Stack"],"picked":"Glacier","floor":5},{"not_picked":["Compile Driver","Doom and Gloom"],"picked":"Reprogram","floor":6},{"not_picked":["Lockon","Sweeping Beam"],"picked":"Cold Snap","floor":8},{"not_picked":["Lockon","Reinforced Body"],"picked":"Double Energy","floor":13},{"not_picked":["Reprogram","Redo"],"picked":"Compile Driver","floor":14}],"player_experience":56045,"relics_obtained":[{"floor":6,"key":"Potion Belt"},{"floor":8,"key":"Odd Mushroom"},{"floor":9,"key":"Sundial"}],"event_choices":[{"damage_healed":0,"gold_gain":0,"player_choice":"Fought Mushrooms","damage_taken":0,"max_hp_gain":0,"max_hp_loss":0,"event_name":"Mushrooms","floor":8,"gold_loss":0},{"damage_healed":0,"gold_gain":175,"player_choice":"AGREE","damage_taken":0,"max_hp_gain":0,"max_hp_loss":0,"event_name":"Liars Game","floor":10,"gold_loss":0,"cards_obtained":["Doubt"]},{"damage_healed":0,"gold_gain":75,"player_choice":"Gather Gold","damage_taken":11,"max_hp_gain":0,"max_hp_loss":0,"event_name":"World of Goop","floor":12,"gold_loss":0}],"is_beta":false,"boss_relics":[],"items_purged_floors":[],"is_endless":false,"potions_floor_spawned":[5,8,14],"killed_by":"Hexaghost","ascension_level":0}