{"gold_per_floor":[110,120,132,152,167,167,179,179,179,179,10,85,85,95,95,199,199,215,225,235,11,29,29,64,64,87,121,131,131,131,144,144,248,248,262,274,285,298,298,298,310,310,333,352,362,212,212,230,230,230],"floor_reached":51,"playtime":3648,"items_purged":["Strike_R","Defend_R"],"score":637,"play_id":"c0acafde-10c8-468b-a70c-7eaeb65f8e24","local_time":"20190125223002","is_ascension_mode":false,"campfire_choices":[{"data":"Armaments","floor":6.0,"key":"SMITH"},{"data":"Metallicize","floor":10.0,"key":"SMITH"},{"data":"Metallicize","floor":13.0,"key":"SMITH"},{"data":"Demon Form","floor":15.0,"key":"SMITH"},{"floor":23.0,"key":"REST"},{"floor":25.0,"key":"REST"},{"floor":29.0,"key":"REST"},{"floor":32.0,"key":"REST"},{"floor":40.0,"key":"REST"},{"floor":42.0,"key":"REST"},{"floor":47.0,"key":"REST"},{"floor":49.0,"key":"REST"}],"neow_cost":"","seed_source_timestamp":43056409891998,"circlet_count":0,"master_deck":["Strike_R+1","Strike_R","Strike_R+1","Strike_R","Defend_R","Defend_R","Bash","Headbutt","Armaments+1","Demon Form+1","Metallicize+1","Shrug It Off","Combust","Metallicize+1","Twin Strike","Warcry","Bloodletting+1","Cleave+1","Rupture","Shrug It Off","Metallicize","Shrug It Off+1","Power Through+1","Offering+1","Disarm+1","Shockwave+1","Offering+1","Intimidate+1","Rage+1","Dual Wield+1"],"special_seed":0,"relics":["Burning Blood","Oddly Smooth Stone","Blood Vial","Black Star","Whetstone","Toxic Egg 2","Red Skull","Bag of Preparation","Question Card","Philosopher\u0027s Stone","Boot","Bronze Scales"],"potions_floor_usage":[50,50,50],"damage_taken":[{"damage":4.0,"enemies":"2 Louse","floor":1.0,"turns":4.0},{"damage":0.0,"enemies":"Small Slimes","floor":2.0,"turns":4.0},{"damage":0.0,"enemies":"Jaw Worm","floor":3.0,"turns":3.0},{"damage":2.0,"enemies":"Large Slime","floor":4.0,"turns":7.0},{"damage":1.0,"enemies":"2 Fungi Beasts","floor":5.0,"turns":4.0},{"damage":0.0,"enemies":"Red Slaver","floor":7.0,"turns":7.0},{"damage":3.0,"enemies":"Large Slime","floor":14.0,"turns":8.0},{"damage":33.0,"enemies":"The Guardian","floor":16.0,"turns":17.0},{"damage":22.0,"enemies":"Spheric Guardian","floor":18.0,"turns":10.0},{"damage":6.0,"enemies":"Shell Parasite","floor":19.0,"turns":11.0},{"damage":25.0,"enemies":"Sentry and Sphere","floor":20.0,"turns":8.0},{"damage":30.0,"enemies":"3 Cultists","floor":22.0,"turns":5.0},{"damage":33.0,"enemies":"Book of Stabbing","floor":24.0,"turns":8.0},{"damage":40.0,"enemies":"Slavers","floor":27.0,"turns":7.0},{"damage":20.0,"enemies":"Snake Plant","floor":28.0,"turns":6.0},{"damage":8.0,"enemies":"Sentry and Sphere","floor":31.0,"turns":7.0},{"damage":23.0,"enemies":"Champ","floor":33.0,"turns":11.0},{"damage":14.0,"enemies":"3 Shapes","floor":35.0,"turns":6.0},{"damage":17.0,"enemies":"Orb Walker","floor":36.0,"turns":3.0},{"damage":21.0,"enemies":"Transient","floor":37.0,"turns":5.0},{"damage":18.0,"enemies":"Jaw Worm Horde","floor":38.0,"turns":4.0},{"damage":15.0,"enemies":"4 Shapes","floor":41.0,"turns":7.0},{"damage":13.0,"enemies":"Transient","floor":44.0,"turns":5.0},{"damage":40.0,"enemies":"Jaw Worm Horde","floor":45.0,"turns":5.0},{"damage":25.0,"enemies":"Sphere and 2 Shapes","floor":48.0,"turns":6.0},{"damage":38,"enemies":"Awakened One","floor":50,"turns":14}],"seed_played":"-5226011998954621900","potions_obtained":[{"floor":3.0,"key":"BloodPotion"},{"floor":4.0,"key":"Energy Potion"},{"floor":5.0,"key":"Fire Potion"},{"floor":7.0,"key":"AttackPotion"},{"floor":18.0,"key":"Energy Potion"},{"floor":22.0,"key":"Strength Potion"},{"floor":28.0,"key":"Block Potion"},{"floor":35.0,"key":"EntropicBrew"},{"floor":36.0,"key":"LiquidBronze"},{"floor":38.0,"key":"Fire Potion"},{"floor":41.0,"key":"LiquidBronze"}],"is_trial":false,"path_per_floor":["M","M","M","M","M","R","M","?","T","R","$","?","R","M","R","B",null,"M","M","M","$","M","R","E","R","T","E","M","R","?","M","R","B",null,"M","M","M","M","?","R","M","R","T","M","M","?","R","M","R","B",null],"character_chosen":"IRONCLAD","items_purchased":["Metallicize","Twin Strike","Rupture","Shrug It Off"],"campfire_rested":8,"item_purchase_floors":[11,11,21,21],"current_hp_per_floor":[80,80,80,80,80,80,80,80,80,80,80,69,69,74,74,49,80,64,66,49,49,27,51,34,58,58,26,14,38,38,38,62,47,80,72,63,50,40,40,64,57,80,80,73,41,41,65,48,72,42],"gold":230,"neow_bonus":"","is_prod":false,"is_daily":false,"chose_seed":false,"campfire_upgraded":4,"win_rate":0.0,"timestamp":1548444602,"path_taken":["M","M","M","M","M","R","M","?","T","R","$","?","R","M","R","BOSS","M","M","M","$","M","R","E","R","T","E","M","R","?","M","R","BOSS","M","M","M","M","?","R","M","R","T","M","M","?","R","?","R","BOSS"],"build_version":"2019-01-23","purchased_purges":2,"victory":true,"max_hp_per_floor":[80,80,80,80,80,80,80,80,80,80,80,80,80,80,80,80,80,80,80,80,80,80,80,80,80,80,80,80,80,80,80,80,80,80,80,80,80,80,80,80,80,80,80,80,80,80,80,80,80,80],"card_choices":[{"not_picked":["Burning Pact","Sword Boomerang"],"picked":"Headbutt","floor":1.0},{"not_picked":["Fire Breathing","Anger"],"picked":"Armaments","floor":2.0},{"not_picked":["Dual Wield","Second Wind"],"picked":"Demon Form","floor":3.0},{"not_picked":["Clothesline","Armaments"],"picked":"Metallicize","floor":4.0},{"not_picked":["Twin Strike","Pommel Strike"],"picked":"Shrug It Off","floor":5.0},{"not_picked":["Rupture","Sword Boomerang"],"picked":"Combust","floor":7.0},{"not_picked":["Flex","Twin Strike"],"picked":"Warcry","floor":14.0},{"not_picked":["Infernal Blade","Twin Strike","Perfected Strike"],"picked":"SKIP","floor":18.0},{"not_picked":["Sever Soul+1","Warcry"],"picked":"Bloodletting+1","floor":19.0},{"not_picked":["Sword Boomerang+1","True Grit"],"picked":"Cleave+1","floor":20.0},{"not_picked":["Perfected Strike","Corruption"],"picked":"Metallicize","floor":22.0},{"not_picked":["Anger","Fire Breathing","Armaments"],"picked":"SKIP","floor":24.0},{"not_picked":["Reaper","Headbutt","Reckless Charge+1"],"picked":"SKIP","floor":27.0},{"not_picked":["Iron Wave","Armaments+1","Bludgeon"],"picked":"Shrug It Off+1","floor":28.0},{"not_picked":["Combust+1","Perfected Strike+1","Reckless Charge"],"picked":"Power Through+1","floor":31.0},{"not_picked":["Demon Form","Juggernaut","Bludgeon"],"picked":"Offering+1","floor":33.0},{"not_picked":["Infernal Blade+1","Flex+1","Sword Boomerang+1"],"picked":"Disarm+1","floor":35.0},{"not_picked":["Sword Boomerang+1","Rupture+1","Fire Breathing+1"],"picked":"Shockwave+1","floor":36.0},{"not_picked":["Iron Wave+1","Burning Pact+1","Power Through+1"],"picked":"Offering+1","floor":37.0},{"not_picked":["Clash","Fire Breathing","Thunderclap+1","Shockwave+1"],"picked":"SKIP","floor":38.0},{"not_picked":["Shrug It Off+1","Thunderclap+1","Pommel Strike+1"],"picked":"Intimidate+1","floor":41.0},{"not_picked":["Headbutt+1","Feed","Warcry+1"],"picked":"Rage+1","floor":44.0},{"not_picked":["Thunderclap+1","Dual Wield+1","Body Slam+1","Headbutt"],"picked":"SKIP","floor":45.0},{"not_picked":["Thunderclap+1","Body Slam+1","Headbutt"],"picked":"Dual Wield+1","floor":45.0},{"not_picked":["Shockwave+1","Sever Soul+1","Anger+1","Flex+1"],"picked":"SKIP","floor":48.0}],"player_experience":0,"relics_obtained":[{"floor":9.0,"key":"Blood Vial"},{"floor":24.0,"key":"Whetstone"},{"floor":24.0,"key":"Toxic Egg 2"},{"floor":26.0,"key":"Red Skull"},{"floor":27.0,"key":"Bag of Preparation"},{"floor":27.0,"key":"Question Card"},{"floor":43.0,"key":"Boot"}],"event_choices":[{"damage_healed":0.0,"max_hp_gain":0.0,"max_hp_loss":0.0,"gold_gain":0.0,"event_name":"Dead Adventurer","player_choice":"Searched \u00271\u0027 times","floor":8.0,"gold_loss":0.0,"damage_taken":0.0,"relics_obtained":["Oddly Smooth Stone"]},{"damage_healed":0.0,"max_hp_gain":0.0,"max_hp_loss":0.0,"gold_gain":75.0,"event_name":"World of Goop","player_choice":"Gather Gold","floor":12.0,"gold_loss":0.0,"damage_taken":11.0},{"damage_healed":0.0,"max_hp_gain":0.0,"max_hp_loss":0.0,"gold_gain":0.0,"event_name":"Ghosts","player_choice":"Ignored","floor":30.0,"gold_loss":0.0,"damage_taken":0.0},{"cards_removed":["Defend_R"],"damage_healed":0.0,"max_hp_gain":0.0,"max_hp_loss":0.0,"gold_gain":0.0,"event_name":"Falling","player_choice":"Removed Skill","floor":39.0,"gold_loss":0.0,"damage_taken":0.0},{"damage_healed":0.0,"max_hp_gain":0.0,"max_hp_loss":0.0,"gold_gain":0.0,"event_name":"WeMeetAgain","player_choice":"Paid Gold","floor":46.0,"gold_loss":150.0,"damage_taken":0.0,"relics_obtained":["Bronze Scales"]}],"is_beta":false,"boss_relics":[{"not_picked":["Runic Cube","Tiny House"],"picked":"Black Star"},{"not_picked":["Eternal Feather","Astrolabe"],"picked":"Philosopher\u0027s Stone"}],"items_purged_floors":[11,21],"is_endless":false,"potions_floor_spawned":[3,4,5,7,18,22,28,35,36,38,41],"ascension_level":0}