{"gold_per_floor":[114,27,27,41,54,54,81,81,81,81,101,101,111,123,123,222,222,241,253,263,145,145],"floor_reached":22,"playtime":854,"items_purged":[],"score":216,"play_id":"0c5078b3-9de2-4638-b356-6e9ba874b5ac","local_time":"20190124175231","is_ascension_mode":true,"campfire_choices":[{"data":"Zap","floor":6,"key":"SMITH"},{"data":"Loop","floor":8,"key":"SMITH"},{"data":"White Noise","floor":10,"key":"SMITH"},{"data":"Dualcast","floor":12,"key":"SMITH"},{"data":"Redo","floor":15,"key":"SMITH"}],"neow_cost":"NONE","seed_source_timestamp":887017325130900,"circlet_count":0,"master_deck":["Strike_B","Strike_B","Strike_B","Defend_B","Defend_B","Defend_B","Defend_B","Zap+1","Dualcast+1","Barrage","Ball Lightning","Loop+1","Melter","White Noise+1","Cold Snap","Hologram","Redo+1","Conserve Battery","Thunder Strike","Sweeping Beam+1","Leap","Ball Lightning"],"relics":["Cracked Core","NeowsBlessing","Gremlin Horn","PreservedInsect","Black Star","Singing Bowl"],"potions_floor_usage":[7,16],"damage_taken":[{"damage":0,"enemies":"2 Louse","floor":1,"turns":1},{"damage":0,"enemies":"Cultist","floor":4,"turns":1},{"damage":0,"enemies":"Jaw Worm","floor":5,"turns":1},{"damage":31,"enemies":"3 Sentries","floor":7,"turns":4},{"damage":12,"enemies":"Large Slime","floor":11,"turns":3},{"damage":0,"enemies":"Gremlin Gang","floor":13,"turns":3},{"damage":0,"enemies":"2 Fungi Beasts","floor":14,"turns":3},{"damage":12,"enemies":"Hexaghost","floor":16,"turns":8},{"damage":31,"enemies":"Shell Parasite","floor":18,"turns":4},{"damage":0,"enemies":"Spheric Guardian","floor":19,"turns":1},{"damage":34,"enemies":"Snake Plant","floor":20,"turns":3},{"damage":13,"enemies":"3 Cultists","floor":22,"turns":3}],"seed_played":"-7199020508428795231","potions_obtained":[{"floor":1,"key":"AttackPotion"},{"floor":5,"key":"Poison Potion"},{"floor":18,"key":"EssenceOfSteel"}],"is_trial":false,"path_per_floor":["M","$","?","M","M","R","E","R","T","R","M","R","M","M","R","B",null,"M","M","M","?","M"],"character_chosen":"DEFECT","items_purchased":["Ball Lightning","Loop"],"campfire_rested":0,"item_purchase_floors":[2,2],"current_hp_per_floor":[75,75,75,75,75,75,44,44,44,44,32,32,32,32,32,20,75,44,44,10,10,0],"gold":145,"neow_bonus":"THREE_ENEMY_KILL","is_prod":false,"is_daily":false,"chose_seed":false,"campfire_upgraded":5,"win_rate":0,"timestamp":1548323551,"path_taken":["M","$","?","M","M","R","E","R","T","R","M","R","M","M","R","BOSS","M","?","M","?","?"],"build_version":"2019-01-23","purchased_purges":0,"victory":false,"max_hp_per_floor":[75,75,75,75,75,75,75,75,75,75,75,75,75,75,75,75,75,75,75,75,75,75],"card_choices":[{"not_picked":["Consume","Go for the Eyes"],"picked":"Barrage","floor":1},{"not_picked":["Steam","Beam Cell"],"picked":"Melter","floor":4},{"not_picked":["Streamline","Steam"],"picked":"White Noise","floor":5},{"not_picked":["Meteor Strike","Leap"],"picked":"Cold Snap","floor":7},{"not_picked":["Capacitor","Rebound"],"picked":"Hologram","floor":11},{"not_picked":["Biased Cognition","BootSequence"],"picked":"Redo","floor":13},{"not_picked":["Auto Shields","Skim"],"picked":"Conserve Battery","floor":14},{"not_picked":["Biased Cognition","Meteor Strike"],"picked":"Thunder Strike","floor":16},{"not_picked":["Skim","Darkness"],"picked":"Sweeping Beam+1","floor":18},{"not_picked":["Beam Cell","Reprogram"],"picked":"Leap","floor":19},{"not_picked":["Coolheaded","Leap"],"picked":"Ball Lightning","floor":20}],"player_experience":188945,"relics_obtained":[{"floor":7,"key":"Gremlin Horn"},{"floor":9,"key":"PreservedInsect"}],"event_choices":[{"cards_removed":["Strike_B"],"damage_healed":0,"gold_gain":0,"player_choice":"Purged","damage_taken":0,"max_hp_gain":0,"max_hp_loss":0,"event_name":"Purifier","floor":3,"gold_loss":0},{"damage_healed":0,"gold_gain":0,"player_choice":"Paid Gold","damage_taken":0,"relics_obtained":["Singing Bowl"],"max_hp_gain":0,"max_hp_loss":0,"event_name":"WeMeetAgain","floor":21,"gold_loss":118}],"is_beta":false,"boss_relics":[{"not_picked":["Calling Bell","Empty Cage"],"picked":"Black Star"}],"items_purged_floors":[],"is_endless":false,"potions_floor_spawned":[1,5,18],"killed_by":"3 Cultists","ascension_level":3}