{"gold_per_floor":[116,116,116,131,131,131,162,181,181,205,226,244,264,285,285,285],"floor_reached":16,"playtime":798,"items_purged":[],"score":96,"play_id":"07c3b35a-4d00-4948-95f2-09a7d7ecc189","local_time":"20190222112805","is_ascension_mode":false,"campfire_choices":[{"data":"Flame Barrier","floor":6,"key":"SMITH"},{"data":"Shrug It Off","floor":15,"key":"SMITH"}],"neow_cost":"PERCENT_DAMAGE","seed_source_timestamp":38843250158563,"circlet_count":0,"master_deck":["Strike_R","Strike_R","Strike_R","Strike_R","Defend_R","Defend_R","Bash","Flame Barrier+1","Sentinel+1","Body Slam+1","Shrug It Off+1"],"relics":["Burning Blood","Golden Idol","Odd Mushroom","Self Forming Clay"],"potions_floor_usage":[11,16,16],"damage_taken":[{"damage":0,"enemies":"2 Louse","floor":1,"turns":4},{"damage":14,"enemies":"Jaw Worm","floor":4,"turns":6},{"damage":13,"enemies":"The Mushroom Lair","floor":7,"turns":5},{"damage":0,"enemies":"Small Slimes","floor":8,"turns":2},{"damage":2,"enemies":"Blue Slaver","floor":10,"turns":3},{"damage":2,"enemies":"2 Fungi Beasts","floor":11,"turns":4},{"damage":10,"enemies":"Exordium Thugs","floor":12,"turns":5},{"damage":0,"enemies":"Red Slaver","floor":13,"turns":2},{"damage":0,"enemies":"Lots of Slimes","floor":14,"turns":3},{"damage":57,"enemies":"Slime Boss","floor":16,"turns":15}],"seed_played":"7494304720931452273","potions_obtained":[{"floor":7,"key":"Dexterity Potion"},{"floor":10,"key":"AttackPotion"},{"floor":12,"key":"SpeedPotion"},{"floor":13,"key":"SmokeBomb"},{"floor":14,"key":"EssenceOfSteel"}],"is_trial":false,"path_per_floor":["M","?","?","M","?","R","?","M","T","M","M","M","M","M","R","B"],"character_chosen":"IRONCLAD","items_purchased":[],"campfire_rested":0,"item_purchase_floors":[],"current_hp_per_floor":[62,62,62,54,39,39,32,38,38,42,46,42,48,54,54,0],"gold":285,"neow_bonus":"TRANSFORM_TWO_CARDS","is_prod":false,"is_daily":false,"chose_seed":false,"campfire_upgraded":2,"win_rate":0,"timestamp":1550824085,"path_taken":["M","?","?","M","?","R","?","M","T","M","M","M","?","M","R","BOSS"],"build_version":"2019-01-23","purchased_purges":0,"victory":false,"max_hp_per_floor":[80,74,74,74,74,74,74,74,74,74,74,74,74,74,74,74],"card_choices":[{"not_picked":["Wild Strike","Armaments","Perfected Strike"],"picked":"SKIP","floor":1},{"not_picked":["Wild Strike","Clash"],"picked":"Body Slam","floor":4},{"not_picked":["Pommel Strike","Carnage","Clothesline"],"picked":"SKIP","floor":8},{"not_picked":["Armaments","Dark Embrace","Sword Boomerang"],"picked":"SKIP","floor":10},{"not_picked":["Armaments","Dark Embrace","Sword Boomerang"],"picked":"SKIP","floor":10},{"not_picked":["Havoc","Whirlwind","Headbutt"],"picked":"SKIP","floor":11},{"not_picked":["Armaments","Disarm","Wild Strike"],"picked":"SKIP","floor":12},{"not_picked":["Wild Strike","Havoc","Seeing Red"],"picked":"SKIP","floor":13},{"not_picked":["Sever Soul","Double Tap"],"picked":"Shrug It Off","floor":14}],"player_experience":865766,"relics_obtained":[{"floor":7,"key":"Odd Mushroom"},{"floor":9,"key":"Self Forming Clay"}],"event_choices":[{"damage_healed":0,"gold_gain":0,"player_choice":"Lose Max HP","damage_taken":0,"relics_obtained":["Golden Idol"],"max_hp_gain":0,"max_hp_loss":6,"event_name":"Golden Idol","floor":2,"gold_loss":0},{"cards_removed":["Defend_R"],"damage_healed":0,"gold_gain":0,"player_choice":"Forget","damage_taken":0,"max_hp_gain":0,"max_hp_loss":0,"event_name":"Living Wall","floor":3,"gold_loss":0},{"damage_healed":0,"gold_gain":0,"player_choice":"Entered Light","damage_taken":15,"max_hp_gain":0,"max_hp_loss":0,"event_name":"Shining Light","floor":5,"gold_loss":0,"cards_upgraded":["Sentinel","Body Slam"]},{"damage_healed":0,"gold_gain":0,"player_choice":"Fought Mushrooms","damage_taken":0,"max_hp_gain":0,"max_hp_loss":0,"event_name":"Mushrooms","floor":7,"gold_loss":0}],"is_beta":false,"boss_relics":[],"items_purged_floors":[],"is_endless":false,"potions_floor_spawned":[7,10,12,13,14],"killed_by":"Slime Boss","ascension_level":0}