{"gold_per_floor":[15,15,34,45,61,87,87,112,136,136,136,156,256,32,32,127,127,147,167,191,191,191,220,220,220,220,220,250,267,267,267,267,367,367,387,94,94,94,110,110,0,0,27,27,127,137,69,97,97,97],"floor_reached":51,"playtime":2614,"items_purged":["Decay","Strike_B+1"],"score":742,"play_id":"2d45b8ca-7cc4-4f0f-ad02-9d64b10dd84a","local_time":"20190226141032","is_ascension_mode":false,"campfire_choices":[{"data":"Conserve Battery","floor":7.0,"key":"SMITH"},{"floor":10.0,"key":"REST"},{"floor":15.0,"key":"REST"},{"data":"Chill","floor":24.0,"key":"SMITH"},{"floor":27.0,"key":"REST"},{"data":"Defragment","floor":32.0,"key":"SMITH"},{"data":"Loop","floor":40.0,"key":"SMITH"},{"data":"Mayhem","floor":44.0,"key":"SMITH"},{"data":"Capacitor","floor":49,"key":"SMITH"}],"neow_cost":"NO_GOLD","seed_source_timestamp":36183172715169,"circlet_count":0,"master_deck":["Defend_B+1","Defend_B+1","Defend_B+1","Zap+1","Dualcast","Compile Driver","Consume","Static Discharge","Conserve Battery+1","Ball Lightning","Stack","Self Repair","Seek","Defragment+1","Chill+1","Coolheaded+1","Glacier+1","Echo Form","Loop+1","Mayhem+1","Leap+1","Ball Lightning","Loop","Capacitor+1"],"special_seed":0,"relics":["Cracked Core","Kunai","Centennial Puzzle","Juzu Bracelet","Tiny Chest","Sozu","War Paint","Pantograph","Letter Opener","Omamori","Cables","Dodecahedron","Philosopher\u0027s Stone","Red Mask","Symbiotic Virus","Orichalcum","Girya","Boot"],"potions_floor_usage":[50],"damage_taken":[{"damage":2.0,"enemies":"2 Louse","floor":1.0,"turns":3.0},{"damage":2.0,"enemies":"Cultist","floor":3.0,"turns":3.0},{"damage":3.0,"enemies":"Jaw Worm","floor":4.0,"turns":3.0},{"damage":9.0,"enemies":"Red Slaver","floor":5.0,"turns":4.0},{"damage":29.0,"enemies":"Gremlin Nob","floor":6.0,"turns":4.0},{"damage":13.0,"enemies":"Lagavulin","floor":8.0,"turns":5.0},{"damage":16.0,"enemies":"Exordium Wildlife","floor":12.0,"turns":3.0},{"damage":29.0,"enemies":"Hexaghost","floor":16.0,"turns":8.0},{"damage":21.0,"enemies":"Chosen","floor":18.0,"turns":5.0},{"damage":17.0,"enemies":"3 Byrds","floor":19.0,"turns":3.0},{"damage":20.0,"enemies":"Book of Stabbing","floor":23.0,"turns":4.0},{"damage":7.0,"enemies":"Slavers","floor":28.0,"turns":4.0},{"damage":7.0,"enemies":"Snake Plant","floor":29.0,"turns":3.0},{"damage":8.0,"enemies":"Automaton","floor":33.0,"turns":14.0},{"damage":0.0,"enemies":"3 Shapes","floor":35.0,"turns":3.0},{"damage":0.0,"enemies":"Orb Walker","floor":39.0,"turns":5.0},{"damage":0.0,"enemies":"Mind Bloom Boss Battle","floor":45.0,"turns":8.0},{"damage":28.0,"enemies":"4 Shapes","floor":46.0,"turns":42.0},{"damage":16,"enemies":"Nemesis","floor":48,"turns":9},{"damage":36,"enemies":"Time Eater","floor":50,"turns":10}],"seed_played":"-5398906313250150400","potions_obtained":[{"floor":5.0,"key":"GamblersBrew"},{"floor":6.0,"key":"Poison Potion"},{"floor":16.0,"key":"Block Potion"}],"is_trial":false,"path_per_floor":["M","?","M","M","M","E","R","E","T","R","?","M","?","$","R","B",null,"M","M","T","T","T","E","R","?","T","R","E","M","?","?","R","B",null,"M","$","?","?","M","R","?","T","T","R","?","M","$","E","R","B",null],"character_chosen":"DEFECT","items_purchased":["Self Repair","Tiny Chest","Mayhem","Loop"],"campfire_rested":3,"item_purchase_floors":[14,14,36,47],"current_hp_per_floor":[73,73,71,68,59,30,30,17,17,39,39,23,23,23,45,23,75,61,51,51,51,51,38,38,38,38,60,53,53,53,53,53,74,75,75,75,75,71,71,71,71,71,71,71,71,50,50,41,41,37],"gold":97,"neow_bonus":"TRANSFORM_TWO_CARDS","is_prod":false,"is_daily":false,"chose_seed":false,"campfire_upgraded":6,"win_rate":0,"timestamp":1551179432,"path_taken":["M","?","M","M","M","E","R","E","T","R","?","M","?","$","R","BOSS","M","M","?","?","?","E","R","?","T","R","E","M","?","?","R","BOSS","M","$","?","?","M","R","?","?","T","R","?","M","?","E","R","BOSS"],"build_version":"2019-01-23","purchased_purges":2,"victory":true,"max_hp_per_floor":[75,75,75,75,75,75,75,75,75,75,75,75,75,75,75,75,75,75,75,75,75,75,75,75,75,75,75,75,75,75,75,75,75,75,75,75,75,71,71,71,71,71,71,71,71,71,71,71,71,71],"card_choices":[{"not_picked":["Steam","Compile Driver","Rebound"],"picked":"SKIP","floor":1.0},{"not_picked":["Doom and Gloom","Reinforced Body"],"picked":"Static Discharge","floor":3.0},{"not_picked":["Gash","Creative AI"],"picked":"Conserve Battery","floor":4.0},{"not_picked":["Sweeping Beam","Cold Snap","Redo"],"picked":"SKIP","floor":5.0},{"not_picked":["Steam Power","Go for the Eyes"],"picked":"Ball Lightning","floor":6.0},{"not_picked":["Beam Cell","Barrage","Recycle"],"picked":"SKIP","floor":8.0},{"not_picked":["Heatsinks","Ball Lightning"],"picked":"Stack","floor":12.0},{"not_picked":["All For One","Buffer"],"picked":"Seek","floor":16.0},{"not_picked":["Gash","Barrage+1","Turbo+1"],"picked":"SKIP","floor":18.0},{"not_picked":["Melter","Stack+1"],"picked":"Defragment","floor":19.0},{"not_picked":["Beam Cell","Coolheaded"],"picked":"Chill","floor":23.0},{"not_picked":["Beam Cell+1","Hologram"],"picked":"Coolheaded+1","floor":28.0},{"not_picked":["Stack","Redo"],"picked":"Glacier+1","floor":29.0},{"not_picked":["Biased Cognition","Meteor Strike"],"picked":"Echo Form","floor":33.0},{"not_picked":["Rip and Tear","Conserve Battery+1"],"picked":"Loop","floor":35.0},{"not_picked":["Go for the Eyes+1","Rebound+1"],"picked":"Leap+1","floor":39.0},{"not_picked":["Steam","Beam Cell+1"],"picked":"Ball Lightning","floor":45.0},{"not_picked":["Ball Lightning","Go for the Eyes","Fusion"],"picked":"SKIP","floor":46.0},{"not_picked":["Coolheaded","Fusion+1"],"picked":"Capacitor","floor":48}],"player_experience":922427,"relics_obtained":[{"floor":6.0,"key":"Kunai"},{"floor":8.0,"key":"Centennial Puzzle"},{"floor":9.0,"key":"Juzu Bracelet"},{"floor":20.0,"key":"War Paint"},{"floor":21.0,"key":"Pantograph"},{"floor":22.0,"key":"Letter Opener"},{"floor":23.0,"key":"Omamori"},{"floor":26.0,"key":"Cables"},{"floor":28.0,"key":"Dodecahedron"},{"floor":42.0,"key":"Symbiotic Virus"},{"floor":43.0,"key":"Orichalcum"},{"floor":45.0,"key":"Girya"},{"floor":48,"key":"Boot"}],"event_choices":[{"damage_healed":0.0,"max_hp_gain":0.0,"max_hp_loss":0.0,"gold_gain":0.0,"event_name":"Wheel of Change","player_choice":"Cursed","floor":2.0,"gold_loss":0.0,"damage_taken":0.0,"cards_obtained":["Decay"]},{"damage_healed":0.0,"max_hp_gain":0.0,"max_hp_loss":0.0,"gold_gain":0.0,"event_name":"Liars Game","player_choice":"Ignored","floor":11.0,"gold_loss":0.0,"damage_taken":0.0},{"damage_healed":0.0,"max_hp_gain":0.0,"max_hp_loss":0.0,"gold_gain":100.0,"event_name":"Golden Shrine","player_choice":"Pray","floor":13.0,"gold_loss":0.0,"damage_taken":0.0},{"damage_healed":0.0,"max_hp_gain":0.0,"max_hp_loss":0.0,"gold_gain":0.0,"event_name":"Back to Basics","player_choice":"Simplicity","floor":25.0,"gold_loss":0.0,"damage_taken":0.0,"cards_upgraded":["Strike_B","Strike_B","Strike_B","Defend_B","Defend_B"]},{"cards_removed":["Strike_B"],"damage_healed":0.0,"max_hp_gain":0.0,"max_hp_loss":0.0,"gold_gain":0.0,"event_name":"Purifier","player_choice":"Purged","floor":30.0,"gold_loss":0.0,"damage_taken":0.0},{"damage_healed":0.0,"max_hp_gain":0.0,"max_hp_loss":0.0,"gold_gain":0.0,"event_name":"Vampires","player_choice":"Ignored","floor":31.0,"gold_loss":0.0,"damage_taken":0.0},{"cards_removed":["Strike_B"],"damage_healed":0.0,"max_hp_gain":0.0,"max_hp_loss":0.0,"gold_gain":0.0,"event_name":"Falling","player_choice":"Removed Attack","floor":37.0,"gold_loss":0.0,"damage_taken":0.0},{"damage_healed":0.0,"max_hp_gain":0.0,"max_hp_loss":4.0,"gold_gain":0.0,"event_name":"Winding Halls","player_choice":"Max HP","floor":38.0,"gold_loss":0.0,"damage_taken":0.0},{"damage_healed":0.0,"max_hp_gain":0.0,"max_hp_loss":0.0,"gold_gain":0.0,"event_name":"Tomb of Lord Red Mask","player_choice":"Paid","floor":41.0,"gold_loss":110.0,"damage_taken":0.0,"relics_obtained":["Red Mask"]},{"damage_healed":0.0,"max_hp_gain":0.0,"max_hp_loss":0.0,"gold_gain":0.0,"event_name":"MindBloom","player_choice":"Fight","floor":45.0,"gold_loss":0.0,"damage_taken":0.0}],"is_beta":false,"boss_relics":[{"not_picked":["FrozenCore","Runic Pyramid"],"picked":"Sozu"},{"not_picked":["Tiny House","White Beast Statue"],"picked":"Philosopher\u0027s Stone"}],"items_purged_floors":[14,36],"is_endless":false,"potions_floor_spawned":[5,6,16,18,29,45,48],"ascension_level":0}