{"gold_per_floor":[116,24,24,40,40,69,69,85,155,174,191,206,232,242,242,343,343,361,379,379,392,392,417,417,452,452,452,472,104,116,68,68,166,166,178,178,192,211,226,256,273,273,324,324,354,454,500,534,534,534],"floor_reached":51,"playtime":3835,"items_purged":["Biased Cognition"],"score":1052,"play_id":"96b6efa7-555b-4207-806a-91b9a72d2941","local_time":"20190127015156","is_ascension_mode":true,"campfire_choices":[{"data":"Zap","floor":7,"key":"SMITH"},{"data":"Loop","floor":15,"key":"SMITH"},{"data":"Defragment","floor":24,"key":"SMITH"},{"data":"Defragment","floor":27,"key":"SMITH"},{"data":"Dualcast","floor":32,"key":"SMITH"},{"floor":44,"key":"RECALL"},{"floor":49,"key":"REST"}],"neow_cost":"NONE","seed_source_timestamp":1085599827750458,"circlet_count":0,"master_deck":["Zap+1","Dualcast+1","Hologram","Defragment+1","Conserve Battery","Self Repair","Steam+1","Loop+1","Coolheaded+1","Auto Shields+1","Chaos+1","Cold Snap","Thunder Strike","Go for the Eyes","Blizzard","Beam Cell","Seek+1","Defragment+1","BootSequence+1","Hyperbeam","Coolheaded+1","Hologram+1","Hologram+1","Reprogram+1","Leap+1","Stack+1","Stack+1","Cold Snap","Redo+1","Seek+1","Stack+1","Ball Lightning","Coolheaded+1","Capacitor","Gash+1","Chill+1","Madness+1","Madness+1","Compile Driver+1","White Noise+1","Machine Learning","Streamline+1","Chaos+1"],"relics":["Cracked Core","NeowsBlessing","WarpedTongs","Bronze Scales","Toxic Egg 2","Dodecahedron","Centennial Puzzle","Pandora\u0027s Box","Strawberry","Anchor","Ice Cream","Mercury Hourglass","Fusion Hammer","Boot","Orichalcum","Vajra","Mango","Emotion Chip","Dream Catcher"],"potions_floor_usage":[13,46,50,50],"damage_taken":[{"damage":0,"enemies":"Cultist","floor":1,"turns":1},{"damage":0,"enemies":"Small Slimes","floor":4,"turns":1},{"damage":0,"enemies":"Lagavulin","floor":6,"turns":2},{"damage":3,"enemies":"Jaw Worm","floor":8,"turns":3},{"damage":3,"enemies":"Exordium Thugs","floor":10,"turns":4},{"damage":1,"enemies":"Large Slime","floor":11,"turns":4},{"damage":8,"enemies":"Red Slaver","floor":12,"turns":3},{"damage":6,"enemies":"3 Sentries","floor":13,"turns":6},{"damage":8,"enemies":"3 Louse","floor":14,"turns":3},{"damage":35,"enemies":"Slime Boss","floor":16,"turns":6},{"damage":3,"enemies":"2 Thieves","floor":18,"turns":3},{"damage":7,"enemies":"Spheric Guardian","floor":19,"turns":2},{"damage":14,"enemies":"Shelled Parasite and Fungi","floor":21,"turns":3},{"damage":30,"enemies":"Slavers","floor":23,"turns":3},{"damage":4,"enemies":"Book of Stabbing","floor":25,"turns":5},{"damage":2,"enemies":"Chosen and Byrds","floor":28,"turns":3},{"damage":0,"enemies":"Snecko","floor":30,"turns":7},{"damage":5,"enemies":"Automaton","floor":33,"turns":10},{"damage":0,"enemies":"Orb Walker","floor":35,"turns":3},{"damage":8,"enemies":"3 Shapes","floor":37,"turns":4},{"damage":0,"enemies":"Transient","floor":38,"turns":5},{"damage":0,"enemies":"4 Shapes","floor":39,"turns":4},{"damage":11,"enemies":"Giant Head","floor":40,"turns":6},{"damage":13,"enemies":"Writhing Mass","floor":41,"turns":5},{"damage":18,"enemies":"Reptomancer","floor":45,"turns":5},{"damage":11,"enemies":"Mind Bloom Boss Battle","floor":46,"turns":6},{"damage":0,"enemies":"2 Orb Walkers","floor":47,"turns":7},{"damage":8,"enemies":"Nemesis","floor":48,"turns":9},{"damage":0,"enemies":"Donu and Deca","floor":50,"turns":6}],"seed_played":"6690699366395938138","potions_obtained":[{"floor":1,"key":"SteroidPotion"},{"floor":6,"key":"Swift Potion"},{"floor":10,"key":"Fire Potion"},{"floor":13,"key":"Regen Potion"},{"floor":14,"key":"Dexterity Potion"},{"floor":33,"key":"LiquidBronze"},{"floor":35,"key":"PowerPotion"},{"floor":47,"key":"PowerPotion"}],"is_trial":false,"path_per_floor":["M","$","?","M","?","E","R","M","T","M","M","M","E","M","R","B",null,"M","M","?","M","?","E","R","E","T","R","M","$","M","$","R","B",null,"M","?","M","M","M","E","M","?","T","R","E","?","?","E","R","B",null],"character_chosen":"DEFECT","items_purchased":["Defragment","Conserve Battery","Stack+1","Mercury Hourglass","Redo+1"],"campfire_rested":1,"item_purchase_floors":[2,2,29,29,31],"current_hp_per_floor":[75,75,75,75,75,75,75,75,75,75,75,74,75,74,74,46,75,75,68,68,61,61,48,48,54,54,54,59,59,66,66,66,71,82,82,82,81,82,82,78,72,62,62,62,54,76,83,95,96,96],"gold":534,"neow_bonus":"THREE_ENEMY_KILL","is_prod":false,"is_daily":false,"chose_seed":false,"campfire_upgraded":5,"win_rate":0,"timestamp":1548525116,"path_taken":["M","?","?","?","?","E","R","M","T","M","?","M","E","M","R","BOSS","M","M","?","?","?","E","R","E","T","R","M","$","M","$","R","BOSS","M","?","M","M","M","E","M","?","T","R","E","?","?","E","R","BOSS"],"build_version":"2019-01-23","purchased_purges":1,"victory":true,"max_hp_per_floor":[75,75,75,75,75,75,75,75,75,75,75,75,75,75,75,75,75,75,75,75,75,75,82,82,82,82,82,82,82,82,82,82,82,82,82,82,82,82,82,82,82,82,82,82,82,96,96,96,96,96],"card_choices":[{"not_picked":["Chill","Streamline"],"picked":"Hologram","floor":1},{"not_picked":["Consume","Darkness"],"picked":"Cold Snap","floor":4},{"not_picked":["FTL","Fission"],"picked":"Self Repair","floor":6},{"not_picked":["Cold Snap","Skim+1"],"picked":"Steam+1","floor":8},{"not_picked":["Stack+1","Beam Cell"],"picked":"Loop","floor":10},{"not_picked":["White Noise+1","Hologram+1"],"picked":"Coolheaded+1","floor":11},{"not_picked":["Recycle+1","Blizzard"],"picked":"Auto Shields+1","floor":12},{"not_picked":["Streamline","Beam Cell"],"picked":"Chaos+1","floor":13},{"not_picked":["Go for the Eyes","Rebound"],"picked":"Cold Snap","floor":14},{"not_picked":["Echo Form","Reboot+1"],"picked":"Thunder Strike","floor":16},{"not_picked":["Rip and Tear","Conserve Battery+1"],"picked":"Coolheaded+1","floor":18},{"not_picked":["Self Repair","Beam Cell+1"],"picked":"Hologram+1","floor":19},{"not_picked":["Barrage","Glacier+1"],"picked":"Hologram+1","floor":21},{"not_picked":["Rebound","Streamline"],"picked":"Reprogram+1","floor":23},{"not_picked":["Core Surge","Hello World"],"picked":"Leap+1","floor":25},{"not_picked":["Self Repair","Beam Cell"],"picked":"Stack+1","floor":28},{"not_picked":["Hologram+1","Undo+1"],"picked":"Cold Snap","floor":30},{"not_picked":["Reboot+1","Buffer"],"picked":"Seek+1","floor":33},{"not_picked":["Cold Snap","BootSequence+1"],"picked":"Stack+1","floor":35},{"not_picked":["Go for the Eyes+1","BootSequence+1"],"picked":"Ball Lightning","floor":37},{"not_picked":["Steam Power+1","Beam Cell+1"],"picked":"Coolheaded+1","floor":38},{"not_picked":["Conserve Battery+1","Go for the Eyes"],"picked":"Capacitor","floor":39},{"not_picked":["Turbo+1","Hello World+1"],"picked":"Gash+1","floor":40},{"not_picked":["Cold Snap+1","Barrage+1"],"picked":"Chill+1","floor":41},{"not_picked":["Stack+1","Heatsinks"],"picked":"Compile Driver+1","floor":45},{"not_picked":["Sweeping Beam","Fusion+1"],"picked":"White Noise+1","floor":46},{"not_picked":["Hello World+1","Barrage+1"],"picked":"Machine Learning","floor":47},{"not_picked":["Reprogram+1","Barrage"],"picked":"Streamline+1","floor":48},{"not_picked":["Static Discharge+1","Sweeping Beam+1"],"picked":"Chaos+1","floor":49}],"player_experience":200631,"relics_obtained":[{"floor":6,"key":"Toxic Egg 2"},{"floor":9,"key":"Dodecahedron"},{"floor":13,"key":"Centennial Puzzle"},{"floor":23,"key":"Strawberry"},{"floor":25,"key":"Anchor"},{"floor":26,"key":"Ice Cream"},{"floor":40,"key":"Boot"},{"floor":43,"key":"Orichalcum"},{"floor":45,"key":"Vajra"},{"floor":46,"key":"Mango"},{"floor":47,"key":"Emotion Chip"},{"floor":48,"key":"Dream Catcher"}],"event_choices":[{"damage_healed":0,"gold_gain":0,"player_choice":"Rummage","damage_taken":0,"relics_obtained":["WarpedTongs"],"max_hp_gain":0,"max_hp_loss":0,"event_name":"Accursed Blacksmith","floor":3,"gold_loss":0,"cards_obtained":["Pain"]},{"damage_healed":0,"gold_gain":0,"player_choice":"Gave Potion","damage_taken":0,"relics_obtained":["Bronze Scales"],"max_hp_gain":0,"max_hp_loss":0,"event_name":"WeMeetAgain","floor":5,"gold_loss":0},{"cards_removed":["Pain"],"damage_healed":0,"gold_gain":0,"player_choice":"Removed Curses","damage_taken":0,"max_hp_gain":0,"max_hp_loss":0,"event_name":"Fountain of Cleansing","floor":20,"gold_loss":0},{"damage_healed":0,"gold_gain":0,"player_choice":"Ignored","damage_taken":0,"max_hp_gain":0,"max_hp_loss":0,"event_name":"Ghosts","floor":22,"gold_loss":0},{"cards_removed":["Cold Snap"],"damage_healed":0,"gold_gain":0,"player_choice":"Removed Attack","damage_taken":0,"max_hp_gain":0,"max_hp_loss":0,"event_name":"Falling","floor":36,"gold_loss":0},{"damage_healed":0,"gold_gain":0,"player_choice":"Embrace Madness","damage_taken":10,"max_hp_gain":0,"max_hp_loss":0,"event_name":"Winding Halls","floor":42,"gold_loss":0,"cards_obtained":["Madness","Madness"]},{"damage_healed":0,"gold_gain":0,"player_choice":"Fight","damage_taken":0,"max_hp_gain":0,"max_hp_loss":0,"event_name":"MindBloom","floor":46,"gold_loss":0},{"damage_healed":0,"gold_gain":0,"player_choice":"Fight","damage_taken":0,"max_hp_gain":0,"max_hp_loss":0,"event_name":"Mysterious Sphere","floor":47,"gold_loss":0}],"is_beta":false,"boss_relics":[{"not_picked":["Lizard Tail","Eternal Feather"],"picked":"Pandora\u0027s Box"},{"not_picked":["Calling Bell","Black Star"],"picked":"Fusion Hammer"}],"items_purged_floors":[29],"is_endless":false,"potions_floor_spawned":[1,6,10,13,14,18,21,33,35,41,45,47],"ascension_level":4}