{"gold_per_floor":[19,45,45,61,75,107,107,119,119,139,139,152,152,152,152,152],"floor_reached":16,"playtime":999,"items_purged":[],"score":102,"play_id":"52e22e04-aee7-4fed-8429-2342b0a0ffe1","local_time":"20181125220858","is_ascension_mode":false,"campfire_choices":[{"data":"Panache","floor":7,"key":"SMITH"},{"floor":13,"key":"REST"},{"data":"Auto Shields","floor":15,"key":"SMITH"}],"neow_cost":"NO_GOLD","seed_source_timestamp":33354118711685,"circlet_count":0,"master_deck":["Strike_B","Strike_B","Strike_B","Defend_B","Defend_B","Defend_B","Defend_B+1","Zap","Dualcast","Panache+1","Deep Breath","Beam Cell","Steam","Scrape","Auto Shields+1","Self Repair","Consume+1","Conserve Battery"],"relics":["Cracked Core","Omamori","Boot","Orichalcum"],"potions_floor_usage":[16,16],"damage_taken":[{"damage":1,"enemies":"Cultist","floor":1,"turns":3},{"damage":0,"enemies":"2 Louse","floor":4,"turns":2},{"damage":11,"enemies":"Jaw Worm","floor":5,"turns":3},{"damage":28,"enemies":"3 Sentries","floor":6,"turns":6},{"damage":10,"enemies":"Large Slime","floor":8,"turns":5},{"damage":1,"enemies":"Blue Slaver","floor":10,"turns":5},{"damage":1,"enemies":"2 Fungi Beasts","floor":12,"turns":4},{"damage":42,"enemies":"Hexaghost","floor":16,"turns":11}],"seed_played":"5017305601265096943","potions_obtained":[{"floor":1,"key":"Swift Potion"},{"floor":6,"key":"PowerPotion"}],"is_trial":false,"path_per_floor":["M","T","?","M","M","E","R","M","T","M","?","M","R","?","R","B"],"character_chosen":"DEFECT","items_purchased":[],"campfire_rested":1,"item_purchase_floors":[],"current_hp_per_floor":[74,74,67,67,56,28,28,18,18,24,9,15,37,37,37,0],"gold":152,"neow_bonus":"RANDOM_COLORLESS_2","is_prod":false,"is_daily":false,"chose_seed":false,"campfire_upgraded":2,"win_rate":0,"timestamp":1543172938,"path_taken":["M","?","?","M","M","E","R","M","T","?","?","M","R","?","R","BOSS"],"build_version":"2018-11-15","purchased_purges":0,"victory":false,"max_hp_per_floor":[75,75,75,75,75,75,75,75,75,75,75,75,75,75,75,75],"card_choices":[{"not_picked":["Rebound","Sweeping Beam"],"picked":"Beam Cell","floor":1},{"not_picked":["Hologram","Storm"],"picked":"Steam","floor":4},{"not_picked":["Reprogram","Storm"],"picked":"Scrape","floor":5},{"not_picked":["Skim","Streamline"],"picked":"Auto Shields","floor":6},{"not_picked":["Defragment","Compile Driver"],"picked":"Self Repair","floor":8},{"not_picked":["Melter","Sweeping Beam"],"picked":"Consume","floor":10},{"not_picked":["Steam","Turbo"],"picked":"Conserve Battery","floor":12}],"player_experience":228122,"relics_obtained":[{"floor":2,"key":"Omamori"},{"floor":6,"key":"Boot"},{"floor":9,"key":"Orichalcum"}],"event_choices":[{"cards_removed":["Strike_B"],"damage_healed":0,"gold_gain":0,"player_choice":"Card Removal","damage_taken":7,"max_hp_gain":0,"max_hp_loss":0,"event_name":"Golden Wing","floor":3,"gold_loss":0},{"damage_healed":0,"gold_gain":0,"player_choice":"Entered Light","damage_taken":15,"max_hp_gain":0,"max_hp_loss":0,"event_name":"Shining Light","floor":11,"gold_loss":0,"cards_upgraded":["Defend_B","Consume"]},{"damage_healed":0,"gold_gain":0,"player_choice":"Ignored","damage_taken":0,"max_hp_gain":0,"max_hp_loss":0,"event_name":"Golden Idol","floor":14,"gold_loss":0}],"is_beta":false,"boss_relics":[],"items_purged_floors":[],"is_endless":false,"potions_floor_spawned":[1,6],"killed_by":"Hexaghost","ascension_level":0}