{"gold_per_floor":[109,13,13,13,24,57,57,69,369,369,389,419,434,445,445,549,549,559,571,10,24,43,43,43,43,122,122,142,156,185,85,85,187,187,197,197,197,212,231,231,26,36,108,123,123,143,143,143,143,143],"floor_reached":51,"playtime":2908,"items_purged":["Strike_G","Strike_G","Strike_G"],"score":756,"play_id":"c010b43e-9988-4a30-ae27-c1803ff991ea","local_time":"20190121214223","is_ascension_mode":false,"campfire_choices":[{"data":"Neutralize","floor":7,"key":"SMITH"},{"data":"Footwork","floor":10,"key":"SMITH"},{"data":"Leg Sweep","floor":15,"key":"SMITH"},{"data":"Mayhem","floor":23,"key":"SMITH"},{"data":"Phantasmal Killer","floor":25,"key":"SMITH"},{"data":"Footwork","floor":27,"key":"SMITH"},{"data":"Dash","floor":32,"key":"SMITH"},{"data":"Poisoned Stab","floor":40,"key":"SMITH"},{"data":"Poisoned Stab","floor":45,"key":"SMITH"},{"data":"Sadistic Nature","floor":49,"key":"SMITH"}],"neow_cost":"NONE","seed_source_timestamp":4063539173881,"circlet_count":0,"master_deck":["Defend_G","Defend_G","Defend_G","Defend_G","Defend_G","Strike_G","Survivor","Neutralize+1","Flying Knee","Footwork+1","Poisoned Stab+1","Poisoned Stab+1","Dodge and Roll","Leg Sweep+1","Die Die Die","Crippling Poison","Phantasmal Killer+1","Sucker Punch+1","Footwork+1","Mayhem+1","Dash+1","Masterful Stab","Mayhem+1","Riddle With Holes+1","Bullet Time","After Image","Poisoned Stab+1","Blur","Dodge and Roll+1","Terror+1","Noxious Fumes+1","Sadistic Nature+1"],"relics":["Ring of the Snake","NeowsBlessing","Thread and Needle","Strawberry","Old Coin","Pocketwatch","Sozu","Bag of Preparation","Molten Egg 2","Pen Nib","Eternal Feather","Prayer Wheel","Paper Crane"],"potions_floor_usage":[16,16,50],"damage_taken":[{"damage":0,"enemies":"2 Louse","floor":1,"turns":1},{"damage":0,"enemies":"Small Slimes","floor":5,"turns":1},{"damage":0,"enemies":"Gremlin Nob","floor":6,"turns":1},{"damage":0,"enemies":"Cultist","floor":8,"turns":4},{"damage":0,"enemies":"Blue Slaver","floor":11,"turns":4},{"damage":0,"enemies":"3 Sentries","floor":12,"turns":9},{"damage":0,"enemies":"Red Slaver","floor":13,"turns":4},{"damage":0,"enemies":"Exordium Thugs","floor":14,"turns":4},{"damage":18,"enemies":"Slime Boss","floor":16,"turns":20},{"damage":0,"enemies":"Chosen","floor":18,"turns":5},{"damage":0,"enemies":"Spheric Guardian","floor":19,"turns":7},{"damage":5,"enemies":"Snake Plant","floor":21,"turns":6},{"damage":0,"enemies":"Snecko","floor":22,"turns":6},{"damage":0,"enemies":"Chosen and Byrds","floor":28,"turns":6},{"damage":11,"enemies":"Cultist and Chosen","floor":29,"turns":6},{"damage":0,"enemies":"Book of Stabbing","floor":30,"turns":5},{"damage":5,"enemies":"Automaton","floor":33,"turns":12},{"damage":0,"enemies":"Orb Walker","floor":35,"turns":5},{"damage":0,"enemies":"3 Darklings","floor":38,"turns":8},{"damage":3,"enemies":"Jaw Worm Horde","floor":39,"turns":5},{"damage":0,"enemies":"Writhing Mass","floor":42,"turns":6},{"damage":0,"enemies":"4 Shapes","floor":44,"turns":4},{"damage":1,"enemies":"Transient","floor":46,"turns":5},{"damage":14,"enemies":"Time Eater","floor":50,"turns":13}],"seed_played":"9096220104686189702","potions_obtained":[{"floor":1,"key":"PowerPotion"},{"floor":8,"key":"Regen Potion"},{"floor":11,"key":"SteroidPotion"},{"floor":13,"key":"GamblersBrew"}],"is_trial":false,"path_per_floor":["M","$","?","?","M","E","R","M","T","R","M","E","M","M","R","B",null,"M","M","$","M","M","R","?","R","T","R","M","M","E","$","R","B",null,"M","?","T","M","M","R","$","M","T","M","R","M","?","?","R","B",null],"character_chosen":"THE_SILENT","items_purchased":["Footwork","Poisoned Stab","Footwork","Mayhem","Dash","Bag of Preparation","Blur"],"campfire_rested":0,"item_purchase_floors":[2,2,20,20,20,20,41],"current_hp_per_floor":[70,70,70,70,70,77,77,77,77,77,77,77,77,77,77,59,77,77,77,77,72,72,72,72,72,72,72,72,61,61,61,61,56,77,77,77,77,77,74,77,77,77,77,77,77,76,76,76,77,77],"gold":143,"neow_bonus":"THREE_ENEMY_KILL","is_prod":false,"is_daily":false,"chose_seed":false,"campfire_upgraded":10,"win_rate":0,"timestamp":1548096143,"path_taken":["M","$","?","?","M","E","R","M","T","R","M","E","M","?","R","BOSS","M","M","$","M","M","R","?","R","T","R","?","M","E","$","R","BOSS","M","?","?","M","M","R","?","?","T","M","R","M","?","?","R","BOSS"],"build_version":"2019-01-17v2","purchased_purges":3,"victory":true,"max_hp_per_floor":[70,70,70,70,70,77,77,77,77,77,77,77,77,77,77,77,77,77,77,77,77,77,77,77,77,77,77,77,77,77,77,77,77,77,77,77,77,77,77,77,77,77,77,77,77,77,77,77,77,77],"card_choices":[{"not_picked":["Dagger Throw","Blade Dance"],"picked":"Flying Knee","floor":1},{"not_picked":["Flying Knee","Deflect"],"picked":"Poisoned Stab","floor":5},{"not_picked":["Prepared","Reflex","Outmaneuver"],"picked":"SKIP","floor":6},{"not_picked":["Flying Knee","Prepared"],"picked":"Dodge and Roll","floor":8},{"not_picked":["Flying Knee","Blade Dance"],"picked":"Leg Sweep","floor":11},{"not_picked":["PiercingWail","Cloak And Dagger"],"picked":"Die Die Die","floor":12},{"not_picked":["Cloak And Dagger","Sucker Punch","Dagger Throw"],"picked":"SKIP","floor":13},{"not_picked":["Heel Hook","Tactician"],"picked":"Crippling Poison","floor":14},{"not_picked":["Tools of the Trade","Grand Finale"],"picked":"Phantasmal Killer","floor":16},{"not_picked":["Deflect","Expertise","Flying Knee"],"picked":"SKIP","floor":18},{"not_picked":["Infinite Blades","Dagger Throw"],"picked":"Sucker Punch+1","floor":19},{"not_picked":["Prepared","Reflex+1","Accuracy+1"],"picked":"SKIP","floor":21},{"not_picked":["Predator","Infinite Blades"],"picked":"Masterful Stab","floor":22},{"not_picked":["Prepared+1","Bane+1","Tactician"],"picked":"SKIP","floor":28},{"not_picked":["Underhanded Strike+1","PiercingWail"],"picked":"Riddle With Holes+1","floor":29},{"not_picked":["Caltrops","Quick Slash+1"],"picked":"Bullet Time","floor":30},{"not_picked":["Malaise","Adrenaline"],"picked":"After Image","floor":33},{"not_picked":["Outmaneuver","Bane+1","Deflect"],"picked":"SKIP","floor":35},{"not_picked":["Bane+1","Deflect","Calculated Gamble"],"picked":"SKIP","floor":38},{"not_picked":["PiercingWail","Outmaneuver","Cloak And Dagger"],"picked":"SKIP","floor":38},{"not_picked":["Accuracy","Eviscerate+1"],"picked":"Poisoned Stab+1","floor":39},{"not_picked":["Deadly Poison+1","Bane+1","Flying Knee+1"],"picked":"SKIP","floor":39},{"not_picked":["Expertise+1","Deflect"],"picked":"Dodge and Roll+1","floor":42},{"not_picked":["Finisher+1","Underhanded Strike+1","Outmaneuver+1"],"picked":"SKIP","floor":42},{"not_picked":["Reflex","Quick Slash+1"],"picked":"Terror+1","floor":44},{"not_picked":["Bane+1","Catalyst","Concentrate+1"],"picked":"SKIP","floor":44},{"not_picked":["Quick Slash+1","Crippling Poison+1"],"picked":"Noxious Fumes+1","floor":46},{"not_picked":["All Out Attack+1","Dodge and Roll","Sucker Punch+1"],"picked":"SKIP","floor":46},{"not_picked":["Purity","Panacea"],"picked":"Sadistic Nature","floor":47}],"player_experience":514848,"relics_obtained":[{"floor":6,"key":"Strawberry"},{"floor":9,"key":"Old Coin"},{"floor":12,"key":"Pocketwatch"},{"floor":26,"key":"Molten Egg 2"},{"floor":30,"key":"Pen Nib"},{"floor":37,"key":"Prayer Wheel"},{"floor":43,"key":"Paper Crane"}],"event_choices":[{"damage_healed":0,"gold_gain":0,"player_choice":"Ignored","damage_taken":0,"max_hp_gain":0,"max_hp_loss":0,"event_name":"Liars Game","floor":3,"gold_loss":0},{"damage_healed":0,"gold_gain":0,"player_choice":"Gave Potion","damage_taken":0,"relics_obtained":["Thread and Needle"],"max_hp_gain":0,"max_hp_loss":0,"event_name":"WeMeetAgain","floor":4,"gold_loss":0},{"damage_healed":0,"gold_gain":0,"player_choice":"Copied","damage_taken":0,"max_hp_gain":0,"max_hp_loss":0,"event_name":"Duplicator","floor":24,"gold_loss":0,"cards_obtained":["Mayhem"]},{"cards_removed":["Strike_G"],"damage_healed":0,"gold_gain":0,"player_choice":"Removed Attack","damage_taken":0,"max_hp_gain":0,"max_hp_loss":0,"event_name":"Falling","floor":36,"gold_loss":0},{"damage_healed":0,"gold_gain":0,"player_choice":"Memory 1","damage_taken":0,"max_hp_gain":0,"max_hp_loss":0,"event_name":"SensoryStone","floor":47,"gold_loss":0},{"damage_healed":0,"gold_gain":0,"player_choice":"Ignored","damage_taken":0,"max_hp_gain":0,"max_hp_loss":0,"event_name":"SecretPortal","floor":48,"gold_loss":0}],"is_beta":false,"boss_relics":[{"not_picked":["Velvet Choker","White Beast Statue"],"picked":"Sozu"},{"not_picked":["Fusion Hammer","Pandora\u0027s Box"],"picked":"Eternal Feather"}],"items_purged_floors":[20,31,41],"is_endless":false,"potions_floor_spawned":[1,8,11,13,21,28,30,39,46],"ascension_level":0}