{"gold_per_floor":[110,110,125,0,275,275,47,47,47,80,100,100,113,113,113,192,192,92,53,53,53,53,53,53,53,53,53,53,53,53,53,53,53,53,53,53,53,53,0,0,0,0,0,0,0,0,0,0,0,0],"floor_reached":51,"playtime":3124,"items_purged":["Regret"],"score":1502,"play_id":"2282c69c-5968-4d79-a028-50d8131c6b15","local_time":"20190117205516","is_ascension_mode":true,"campfire_choices":[{"data":"Footwork","floor":6.0,"key":"SMITH"},{"data":"Flechettes","floor":8.0,"key":"SMITH"},{"floor":12.0,"key":"REST"},{"data":"Burst","floor":15.0,"key":"SMITH"},{"data":"Noxious Fumes","floor":23.0,"key":"SMITH"},{"data":"Tools of the Trade","floor":27.0,"key":"SMITH"},{"data":"Phantasmal Killer","floor":30,"key":"SMITH"},{"data":"Footwork","floor":32,"key":"SMITH"},{"floor":40,"key":"REST"},{"floor":42,"key":"REST"},{"floor":45,"key":"REST"},{"data":"Footwork","floor":46,"key":"SMITH"},{"floor":49,"key":"REST"}],"neow_cost":"NONE","seed_source_timestamp":5097554556400,"circlet_count":0,"master_deck":["AscendersBane","Defend_G+1","Defend_G+1","Defend_G+1","Defend_G+1","Defend_G+1","Strike_G+1","Strike_G+1","Strike_G+1","Survivor","Neutralize+1","PiercingWail+1","Flechettes+1","Footwork+1","Escape Plan","Noxious Fumes+1","Backstab","Deadly Poison","Burst+1","Terror","Tools of the Trade+1","Blur","A Thousand Cuts","Deadly Poison","Footwork+1","Phantasmal Killer+1","Unload","Footwork+1","PiercingWail+1","Footwork+1"],"special_seed":0,"relics":["Ring of the Snake","Happy Flower","Anchor","Ectoplasm","Vajra","Smiling Mask","StoneCalendar","Blood Vial","Runic Dome","WingedGreaves","Red Mask","Ornamental Fan","Meat on the Bone"],"potions_floor_usage":[29,29,31,31,33,33,36,41,50,50],"damage_taken":[{"damage":3.0,"enemies":"Small Slimes","floor":1.0,"turns":4.0},{"damage":3.0,"enemies":"Cultist","floor":3.0,"turns":5.0},{"damage":30.0,"enemies":"Lagavulin","floor":10.0,"turns":9.0},{"damage":0.0,"enemies":"2 Louse","floor":11.0,"turns":2.0},{"damage":6.0,"enemies":"Red Slaver","floor":13.0,"turns":4.0},{"damage":11.0,"enemies":"The Guardian","floor":16.0,"turns":11.0},{"damage":13.0,"enemies":"2 Thieves","floor":18.0,"turns":4.0},{"damage":0.0,"enemies":"Gremlin Leader","floor":24.0,"turns":6.0},{"damage":0.0,"enemies":"Shell Parasite","floor":25.0,"turns":5.0},{"damage":0,"enemies":"Snecko","floor":28,"turns":6},{"damage":1,"enemies":"Slavers","floor":29,"turns":7},{"damage":0,"enemies":"Centurion and Healer","floor":31,"turns":5},{"damage":0,"enemies":"Champ","floor":33,"turns":13},{"damage":36,"enemies":"3 Darklings","floor":35,"turns":6},{"damage":5,"enemies":"Mind Bloom Boss Battle","floor":36,"turns":7},{"damage":21,"enemies":"Orb Walker","floor":38,"turns":4},{"damage":0,"enemies":"Maw","floor":41,"turns":8},{"damage":22,"enemies":"Nemesis","floor":44,"turns":7},{"damage":45,"enemies":"Donu and Deca","floor":50,"turns":12}],"seed_played":"-7042618671287463386","potions_obtained":[{"floor":10.0,"key":"SpeedPotion"},{"floor":11.0,"key":"Fire Potion"},{"floor":16.0,"key":"SteroidPotion"},{"floor":29,"key":"GamblersBrew"},{"floor":31,"key":"Fruit Juice"},{"floor":38,"key":"Dexterity Potion"},{"floor":44,"key":"Strength Potion"}],"is_trial":false,"path_per_floor":["M","?","M","$","?","R","$","R","T","E","M","R","M","?","R","B",null,"M","$","?","T","?","R","E","M","T","R","M","E","R","M","R","B",null,"M","?","?","M","?","R","M","R","T","E","R","R","?","?","R","B",null],"character_chosen":"THE_SILENT","items_purchased":["Footwork","Escape Plan","Noxious Fumes","Backstab","Blur"],"campfire_rested":5,"item_purchase_floors":[4,4,7,7,19],"current_hp_per_floor":[56,56,53,53,53,53,53,53,53,23,23,42,36,36,36,25,56,43,43,43,43,43,43,55,55,55,55,55,54,54,61,61,63,69,35,32,32,13,13,34,36,57,57,37,58,58,58,58,67,34],"gold":0,"neow_bonus":"UPGRADE_CARD","is_prod":false,"is_daily":false,"chose_seed":false,"campfire_upgraded":8,"win_rate":0,"timestamp":1547747716,"path_taken":["M","?","M","?","?","R","$","R","T","E","?","R","M","?","R","BOSS","M","$","?","?","?","R","E","M","T","R","M","E","R","?","R","BOSS","M","?","?","?","?","R","M","R","T","E","R","R","?","?","R","BOSS"],"build_version":"2019-01-10","purchased_purges":1,"victory":true,"max_hp_per_floor":[66,66,66,66,66,66,66,66,66,66,66,66,66,66,66,66,66,66,66,66,66,66,66,66,66,66,66,66,66,66,71,71,71,71,71,71,71,71,71,71,71,71,71,71,71,71,71,67,67,67],"card_choices":[{"not_picked":["Outmaneuver","Cloak And Dagger"],"picked":"PiercingWail","floor":1.0},{"not_picked":["Sucker Punch","Quick Slash"],"picked":"Flechettes","floor":3.0},{"not_picked":["Backflip","Bane"],"picked":"Deadly Poison","floor":10.0},{"not_picked":["Flying Knee","Predator"],"picked":"Burst","floor":11.0},{"not_picked":["Dagger Throw","Outmaneuver"],"picked":"Terror","floor":13.0},{"not_picked":["Unload","Venomology"],"picked":"Tools of the Trade","floor":16.0},{"not_picked":["Quick Slash","Cloak And Dagger"],"picked":"PiercingWail","floor":18.0},{"not_picked":["Terror","Accuracy"],"picked":"Deadly Poison","floor":24.0},{"not_picked":["Dagger Spray+1","Deflect","All Out Attack"],"picked":"SKIP","floor":25.0},{"not_picked":["Prepared","Distraction"],"picked":"Footwork","floor":28},{"not_picked":["Poisoned Stab","Outmaneuver"],"picked":"Phantasmal Killer","floor":29},{"not_picked":["Slice","Concentrate","Dagger Throw"],"picked":"SKIP","floor":31},{"not_picked":["Tools of the Trade","Grand Finale"],"picked":"Unload","floor":33},{"not_picked":["Blade Dance","Deadly Poison","Poisoned Stab"],"picked":"SKIP","floor":35},{"not_picked":["Sucker Punch+1","Tactician"],"picked":"PiercingWail+1","floor":38},{"not_picked":["Noxious Fumes+1","Outmaneuver"],"picked":"Footwork","floor":41},{"not_picked":["Tactician","Finisher+1","Dodge and Roll"],"picked":"SKIP","floor":44}],"player_experience":472264,"relics_obtained":[{"floor":9.0,"key":"Happy Flower"},{"floor":10.0,"key":"Anchor"},{"floor":21.0,"key":"Vajra"},{"floor":24.0,"key":"Smiling Mask"},{"floor":26.0,"key":"StoneCalendar"},{"floor":29,"key":"Blood Vial"},{"floor":36,"key":"WingedGreaves"},{"floor":43,"key":"Ornamental Fan"},{"floor":44,"key":"Meat on the Bone"}],"event_choices":[{"damage_healed":0.0,"max_hp_gain":0.0,"max_hp_loss":0.0,"gold_gain":0.0,"event_name":"Upgrade Shrine","player_choice":"Upgraded","floor":2.0,"gold_loss":0.0,"damage_taken":0.0,"cards_upgraded":["PiercingWail"]},{"damage_healed":0.0,"max_hp_gain":0.0,"max_hp_loss":0.0,"gold_gain":275.0,"event_name":"Golden Shrine","player_choice":"Desecrate","floor":5.0,"gold_loss":0.0,"damage_taken":0.0,"cards_obtained":["Regret"]},{"cards_removed":["Strike_G"],"damage_healed":0.0,"max_hp_gain":0.0,"max_hp_loss":0.0,"gold_gain":0.0,"event_name":"Purifier","player_choice":"Purged","floor":14.0,"gold_loss":0.0,"damage_taken":0.0},{"damage_healed":0.0,"max_hp_gain":0.0,"max_hp_loss":0.0,"gold_gain":0.0,"event_name":"Back to Basics","player_choice":"Simplicity","floor":20.0,"gold_loss":0.0,"damage_taken":0.0,"cards_upgraded":["Defend_G","Defend_G","Defend_G","Defend_G","Defend_G","Strike_G","Strike_G","Strike_G","Strike_G"]},{"damage_healed":0.0,"max_hp_gain":0.0,"max_hp_loss":0.0,"gold_gain":0.0,"cards_transformed":["Strike_G","PiercingWail"],"event_name":"Drug Dealer","player_choice":"Became Test Subject","floor":22.0,"gold_loss":0.0,"damage_taken":0.0,"cards_obtained":["Venomology","A Thousand Cuts"]},{"damage_healed":0,"gold_gain":0,"player_choice":"Fight","damage_taken":0,"max_hp_gain":0,"max_hp_loss":0,"event_name":"MindBloom","floor":36,"gold_loss":0},{"damage_healed":0,"gold_gain":0,"player_choice":"Copied","damage_taken":0,"max_hp_gain":0,"max_hp_loss":0,"event_name":"Duplicator","floor":37,"gold_loss":0,"cards_obtained":["Footwork"]},{"damage_healed":0,"gold_gain":0,"player_choice":"Paid","damage_taken":0,"relics_obtained":["Red Mask"],"max_hp_gain":0,"max_hp_loss":0,"event_name":"Tomb of Lord Red Mask","floor":39,"gold_loss":53},{"cards_removed":["Venomology"],"damage_healed":0,"gold_gain":0,"player_choice":"Removed Skill","damage_taken":0,"max_hp_gain":0,"max_hp_loss":0,"event_name":"Falling","floor":47,"gold_loss":0},{"damage_healed":0,"gold_gain":0,"player_choice":"Max HP","damage_taken":0,"max_hp_gain":0,"max_hp_loss":4,"event_name":"Winding Halls","floor":48,"gold_loss":0}],"is_beta":false,"boss_relics":[{"not_picked":["Calling Bell","Lizard Tail"],"picked":"Ectoplasm"},{"not_picked":["Snecko Eye","Black Star"],"picked":"Runic Dome"}],"items_purged_floors":[7],"is_endless":false,"potions_floor_spawned":[10,11,16,18,29,31,38,44],"ascension_level":19}