{"gold_per_floor":[118,118,118,130,103,103,129,129,129,139,171,171,171,196,196,325,325,341,185,185,206,206,247,247,247],"floor_reached":25,"playtime":1150,"items_purged":[],"score":277,"play_id":"226690a0-341a-4edc-96ee-3d6a9e41df0f","local_time":"20190122004533","is_ascension_mode":true,"campfire_choices":[{"data":"Zap","floor":6,"key":"SMITH"},{"data":"Redo","floor":8,"key":"SMITH"},{"data":"Chaos","floor":13,"key":"SMITH"},{"data":"Redo","floor":15,"key":"SMITH"},{"floor":24,"key":"REST"}],"neow_cost":"NONE","seed_source_timestamp":652287411609984,"circlet_count":0,"master_deck":["Strike_B+1","Strike_B","Strike_B+1","Defend_B","Defend_B","Defend_B","Defend_B","Zap+1","Dualcast","Coolheaded","Redo+1","Redo+1","Cold Snap","Chaos+1","Self Repair","Ball Lightning+1","Seek","Stack","Defragment","Compile Driver+1"],"relics":["Cracked Core","NeowsBlessing","Art of War","Molten Egg 2","Torii","Golden Idol","Philosopher\u0027s Stone","Anchor","Turnip"],"potions_floor_usage":[11,23,25],"damage_taken":[{"damage":0,"enemies":"Jaw Worm","floor":1,"turns":1},{"damage":0,"enemies":"2 Louse","floor":4,"turns":1},{"damage":0,"enemies":"Lagavulin","floor":7,"turns":1},{"damage":8,"enemies":"Small Slimes","floor":10,"turns":3},{"damage":8,"enemies":"3 Sentries","floor":11,"turns":12},{"damage":1,"enemies":"2 Fungi Beasts","floor":14,"turns":3},{"damage":22,"enemies":"Slime Boss","floor":16,"turns":6},{"damage":20,"enemies":"2 Thieves","floor":18,"turns":4},{"damage":3,"enemies":"Shell Parasite","floor":21,"turns":6},{"damage":52,"enemies":"Slavers","floor":23,"turns":7},{"damage":39,"enemies":"Book of Stabbing","floor":25,"turns":4}],"seed_played":"1554858445729758167","potions_obtained":[{"floor":1,"key":"Dexterity Potion"},{"floor":7,"key":"Energy Potion"},{"floor":21,"key":"Block Potion"},{"floor":23,"key":"FearPotion"}],"is_trial":false,"path_per_floor":["M","?","?","M","$","R","E","R","T","M","E","?","R","M","R","B",null,"M","$","?","M","?","E","R","E"],"character_chosen":"DEFECT","items_purchased":["Redo","Anchor"],"campfire_rested":1,"item_purchase_floors":[5,19],"current_hp_per_floor":[75,60,53,53,53,53,53,53,53,45,37,37,37,36,36,21,69,56,56,56,60,60,15,35,0],"gold":247,"neow_bonus":"THREE_ENEMY_KILL","is_prod":false,"is_daily":false,"chose_seed":false,"campfire_upgraded":4,"win_rate":0,"timestamp":1548089133,"path_taken":["M","?","?","M","$","R","E","R","T","M","E","?","R","M","R","BOSS","M","$","?","M","?","E","R","E"],"build_version":"2019-01-17v2","purchased_purges":0,"victory":false,"max_hp_per_floor":[75,75,75,75,75,75,75,75,75,75,75,69,69,69,69,69,69,69,69,69,69,69,69,69,69],"card_choices":[{"not_picked":["Force Field","Rebound"],"picked":"Coolheaded","floor":1},{"not_picked":["Steam Power","Doom and Gloom"],"picked":"Redo","floor":4},{"not_picked":["Fusion","Compile Driver"],"picked":"Cold Snap","floor":7},{"not_picked":["Steam","Reprogram"],"picked":"Chaos","floor":10},{"not_picked":["Meteor Strike+1","Fusion"],"picked":"Self Repair","floor":11},{"not_picked":["Turbo","Capacitor"],"picked":"Ball Lightning+1","floor":14},{"not_picked":["Creative AI","Reboot"],"picked":"Seek","floor":16},{"not_picked":["Turbo","Genetic Algorithm"],"picked":"Stack","floor":18},{"not_picked":["BootSequence","Steam"],"picked":"Defragment","floor":21},{"not_picked":["Hologram","Stack"],"picked":"Compile Driver+1","floor":23}],"player_experience":179152,"relics_obtained":[{"floor":7,"key":"Art of War"},{"floor":9,"key":"Molten Egg 2"},{"floor":11,"key":"Torii"},{"floor":23,"key":"Turnip"}],"event_choices":[{"damage_healed":0,"gold_gain":0,"player_choice":"Entered Light","damage_taken":15,"max_hp_gain":0,"max_hp_loss":0,"event_name":"Shining Light","floor":2,"gold_loss":0,"cards_upgraded":["Strike_B","Strike_B"]},{"cards_removed":["Strike_B"],"damage_healed":0,"gold_gain":0,"player_choice":"Card Removal","damage_taken":7,"max_hp_gain":0,"max_hp_loss":0,"event_name":"Golden Wing","floor":3,"gold_loss":0},{"damage_healed":0,"gold_gain":0,"player_choice":"Lose Max HP","damage_taken":0,"relics_obtained":["Golden Idol"],"max_hp_gain":0,"max_hp_loss":6,"event_name":"Golden Idol","floor":12,"gold_loss":0},{"damage_healed":0,"gold_gain":0,"player_choice":"Ignored","damage_taken":0,"max_hp_gain":0,"max_hp_loss":0,"event_name":"Cursed Tome","floor":20,"gold_loss":0},{"damage_healed":0,"gold_gain":0,"player_choice":"Ignored","damage_taken":0,"max_hp_gain":0,"max_hp_loss":0,"event_name":"Ghosts","floor":22,"gold_loss":0}],"is_beta":false,"boss_relics":[{"not_picked":["Empty Cage","Black Star"],"picked":"Philosopher\u0027s Stone"}],"items_purged_floors":[],"is_endless":false,"potions_floor_spawned":[1,7,21,23],"killed_by":"Book of Stabbing","ascension_level":2}