{"gold_per_floor":[362,362,287,287,44,44,78,78,78,78,11,36,54,74,74,178,178,193,193,210,222,222],"floor_reached":22,"playtime":811,"items_purged":["Strike_R"],"score":230,"play_id":"8cda8eb2-6a00-4bdf-b0c6-1b3e707e6e6d","local_time":"20190113234840","is_ascension_mode":true,"campfire_choices":[{"data":"Bash","floor":6,"key":"SMITH"},{"data":"Pommel Strike","floor":10,"key":"SMITH"},{"data":"Limit Break","floor":15,"key":"SMITH"}],"neow_cost":"TEN_PERCENT_HP_LOSS","seed_source_timestamp":185503893598384,"circlet_count":0,"master_deck":["Defend_R","Defend_R","Defend_R","Defend_R","Bash+1","Cleave","Pommel Strike+1","Limit Break+1","Uppercut+1","Thunderclap+1","Thunderclap+1","Inflame","Feed+1","Bludgeon+1","Cleave+1","Demon Form+1","Thunderclap+1","Limit Break+1","Pommel Strike+1","Heavy Blade+1"],"relics":["Burning Blood","Molten Egg 2","Pen Nib","The Courier","Astrolabe"],"potions_floor_usage":[20,21],"damage_taken":[{"damage":7,"enemies":"Jaw Worm","floor":1,"turns":3},{"damage":21,"enemies":"Gremlin Nob","floor":7,"turns":4},{"damage":35,"enemies":"Lagavulin","floor":12,"turns":6},{"damage":0,"enemies":"2 Louse","floor":13,"turns":1},{"damage":6,"enemies":"Cultist","floor":14,"turns":3},{"damage":12,"enemies":"Slime Boss","floor":16,"turns":7},{"damage":41,"enemies":"Shell Parasite","floor":18,"turns":4},{"damage":27,"enemies":"3 Byrds","floor":20,"turns":4},{"damage":26,"enemies":"Snake Plant","floor":21,"turns":4},{"damage":15,"enemies":"Chosen and Byrds","floor":22,"turns":3}],"seed_played":"-4730630259899814202","potions_obtained":[{"floor":13,"key":"Energy Potion"},{"floor":14,"key":"Weak Potion"},{"floor":21,"key":"FearPotion"}],"is_trial":false,"path_per_floor":["M","?","$","?","$","R","E","?","T","R","$","E","M","M","R","B",null,"M","?","M","M","M"],"character_chosen":"IRONCLAD","items_purchased":["Molten Egg 2","Uppercut+1"],"campfire_rested":0,"item_purchase_floors":[5,11],"current_hp_per_floor":[71,71,71,76,76,76,61,61,61,61,61,32,38,38,38,32,77,46,46,29,9,0],"gold":222,"neow_bonus":"TWO_FIFTY_GOLD","is_prod":false,"is_daily":false,"chose_seed":false,"campfire_upgraded":3,"win_rate":0,"timestamp":1547394520,"path_taken":["M","?","$","?","?","R","E","?","T","R","?","E","M","M","R","BOSS","M","?","M","?","?"],"build_version":"2019-01-10","purchased_purges":1,"victory":false,"max_hp_per_floor":[72,72,72,77,77,77,77,77,77,77,77,77,77,77,77,77,77,81,81,85,85,89],"card_choices":[{"not_picked":["Wild Strike","Body Slam"],"picked":"Cleave","floor":1},{"not_picked":["Whirlwind+1","Sever Soul+1"],"picked":"Limit Break","floor":7},{"not_picked":["Disarm","Armaments"],"picked":"Thunderclap+1","floor":12},{"not_picked":["Whirlwind+1","Perfected Strike+1"],"picked":"Thunderclap+1","floor":13},{"not_picked":["Twin Strike+1","Perfected Strike+1"],"picked":"Inflame","floor":14},{"not_picked":["Offering","Dark Embrace"],"picked":"Feed+1","floor":16},{"not_picked":["Second Wind","Warcry"],"picked":"Thunderclap+1","floor":18},{"not_picked":["Carnage+1","Body Slam+1"],"picked":"Pommel Strike+1","floor":20},{"not_picked":["Perfected Strike+1","Shrug It Off"],"picked":"Heavy Blade+1","floor":21}],"player_experience":141816,"relics_obtained":[{"floor":7,"key":"Pen Nib"},{"floor":12,"key":"The Courier"}],"event_choices":[{"damage_healed":0,"gold_gain":0,"cards_transformed":["Strike_R"],"player_choice":"Change","damage_taken":0,"max_hp_gain":0,"max_hp_loss":0,"event_name":"Living Wall","floor":2,"gold_loss":0,"cards_obtained":["Pommel Strike"]},{"damage_healed":0,"gold_gain":0,"player_choice":"Donut","damage_taken":0,"max_hp_gain":5,"max_hp_loss":0,"event_name":"Big Fish","floor":4,"gold_loss":0},{"damage_healed":0,"gold_gain":0,"player_choice":"Ignored","damage_taken":0,"max_hp_gain":0,"max_hp_loss":0,"event_name":"Liars Game","floor":8,"gold_loss":0},{"damage_healed":0,"gold_gain":0,"player_choice":"Copied","damage_taken":0,"max_hp_gain":0,"max_hp_loss":0,"event_name":"Duplicator","floor":19,"gold_loss":0,"cards_obtained":["Limit Break"]}],"is_beta":false,"boss_relics":[{"not_picked":["Snecko Eye","Runic Pyramid"],"picked":"Astrolabe"}],"items_purged_floors":[3],"is_endless":false,"potions_floor_spawned":[13,14,21],"killed_by":"Chosen and Byrds","ascension_level":4}