{"gold_per_floor":[111,111,123,135,155,184,184,184],"floor_reached":8,"playtime":381,"items_purged":[],"score":78,"play_id":"c78b4685-9f1c-4ad3-a687-818bbb4e292c","local_time":"20190426155433","is_ascension_mode":true,"campfire_choices":[{"data":"Armaments","floor":7,"key":"SMITH"}],"neow_cost":"NONE","seed_source_timestamp":881116005116516,"circlet_count":0,"master_deck":["Strike_R","Strike_R","Strike_R","Strike_R","Strike_R","Defend_R","Defend_R","Defend_R","Defend_R","Bash","Impatience","Armaments","Regret","Armaments+1","Rage","Limit Break","Iron Wave"],"relics":["Burning Blood","Juzu Bracelet","Bag of Preparation"],"potions_floor_usage":[6],"damage_taken":[{"damage":15,"enemies":"Small Slimes","floor":1,"turns":4},{"damage":3,"enemies":"2 Louse","floor":3,"turns":3},{"damage":14,"enemies":"Jaw Worm","floor":4,"turns":3},{"damage":11,"enemies":"Blue Slaver","floor":5,"turns":4},{"damage":23,"enemies":"Gremlin Nob","floor":6,"turns":4},{"damage":73,"enemies":"Lagavulin","floor":8,"turns":9}],"seed_played":"-1063377217247844056","potions_obtained":[{"floor":3,"key":"FairyPotion"},{"floor":4,"key":"FearPotion"}],"is_trial":false,"path_per_floor":["M","?","M","M","M","E","R","E"],"character_chosen":"IRONCLAD","items_purchased":[],"campfire_rested":0,"item_purchase_floors":[],"current_hp_per_floor":[63,63,66,58,53,36,36,0],"gold":184,"neow_bonus":"RANDOM_COLORLESS","is_prod":false,"is_daily":false,"chose_seed":false,"campfire_upgraded":1,"win_rate":0,"timestamp":1556265273,"path_taken":["M","?","M","M","M","E","R","E"],"build_version":"2019-01-23","purchased_purges":0,"victory":false,"max_hp_per_floor":[80,80,80,80,80,80,80,80],"card_choices":[{"not_picked":["Flame Barrier","Havoc"],"picked":"Armaments","floor":1},{"not_picked":["Body Slam","True Grit"],"picked":"Armaments","floor":3},{"not_picked":["Headbutt","Wild Strike"],"picked":"Rage","floor":4},{"not_picked":["Sword Boomerang","Intimidate"],"picked":"Limit Break","floor":5},{"not_picked":["True Grit","Evolve"],"picked":"Iron Wave","floor":6}],"player_experience":248700,"relics_obtained":[{"floor":6,"key":"Bag of Preparation"}],"event_choices":[{"damage_healed":0,"gold_gain":0,"player_choice":"Box","damage_taken":0,"relics_obtained":["Juzu Bracelet"],"max_hp_gain":0,"max_hp_loss":0,"event_name":"Big Fish","floor":2,"gold_loss":0,"cards_obtained":["Regret"]}],"is_beta":false,"boss_relics":[],"items_purged_floors":[],"is_endless":false,"potions_floor_spawned":[3,4],"killed_by":"Lagavulin","ascension_level":7}