{"gold_per_floor":[118,132,148,168,178,205,217,392,392,403,429,429,74,90,90,192,192,211,211,228,327,338,338],"floor_reached":23,"playtime":1629,"items_purged":["Strike_B"],"score":207,"play_id":"90317adc-e5a7-4a7d-8581-82b40b18453e","local_time":"20190107222309","is_ascension_mode":false,"campfire_choices":[{"floor":12,"key":"REST"},{"data":"Chaos","floor":15,"key":"SMITH"}],"neow_cost":"NONE","seed_source_timestamp":350366216149624,"circlet_count":0,"master_deck":["Strike_B","Defend_B","Defend_B","Defend_B","Defend_B","Zap","Dualcast","Ball Lightning","Streamline","Hologram","White Noise","Genetic Algorithm","Ball Lightning","Coolheaded","Doubt","Turbo","Cold Snap","Chaos+1","Ball Lightning","Coolheaded","All For One","Chill","Chill","Compile Driver"],"relics":["Cracked Core","StoneCalendar","Oddly Smooth Stone","Pear","DollysMirror","Black Star"],"potions_floor_usage":[10,11,16,23,23],"damage_taken":[{"damage":0,"enemies":"2 Louse","floor":1,"turns":3},{"damage":1,"enemies":"Jaw Worm","floor":2,"turns":3},{"damage":0,"enemies":"Cultist","floor":3,"turns":3},{"damage":0,"enemies":"Large Slime","floor":4,"turns":3},{"damage":5,"enemies":"Looter","floor":5,"turns":3},{"damage":32,"enemies":"Gremlin Nob","floor":6,"turns":4},{"damage":6,"enemies":"Exordium Wildlife","floor":7,"turns":3},{"damage":27,"enemies":"Gremlin Gang","floor":10,"turns":4},{"damage":10,"enemies":"3 Sentries","floor":11,"turns":5},{"damage":12,"enemies":"3 Louse","floor":14,"turns":3},{"damage":9,"enemies":"The Guardian","floor":16,"turns":9},{"damage":12,"enemies":"3 Byrds","floor":18,"turns":4},{"damage":14,"enemies":"Spheric Guardian","floor":20,"turns":5},{"damage":20,"enemies":"Snake Plant","floor":22,"turns":5},{"damage":49,"enemies":"Book of Stabbing","floor":23,"turns":6}],"seed_played":"5362854701814260314","potions_obtained":[{"floor":2,"key":"Regen Potion"},{"floor":5,"key":"Dexterity Potion"},{"floor":6,"key":"SteroidPotion"},{"floor":7,"key":"Dexterity Potion"},{"floor":18,"key":"SkillPotion"},{"floor":20,"key":"AttackPotion"}],"is_trial":false,"path_per_floor":["M","M","M","M","M","E","M","?","T","M","E","R","$","M","R","B",null,"M","?","M","?","M","E"],"character_chosen":"DEFECT","items_purchased":["DollysMirror","Chaos"],"campfire_rested":1,"item_purchase_floors":[13,13],"current_hp_per_floor":[75,74,74,74,69,37,31,31,31,13,13,38,38,26,26,17,85,73,73,59,59,39,0],"gold":338,"neow_bonus":"REMOVE_CARD","is_prod":false,"is_daily":false,"chose_seed":false,"campfire_upgraded":1,"win_rate":0.0,"timestamp":1546870989,"path_taken":["M","M","M","M","M","E","M","?","T","M","E","R","$","M","R","BOSS","M","?","M","?","M","E"],"build_version":"2019-01-03v4","purchased_purges":1,"victory":false,"max_hp_per_floor":[75,75,75,75,75,75,75,75,75,75,85,85,85,85,85,85,85,85,85,85,85,85,85],"card_choices":[{"not_picked":["Stack","Barrage"],"picked":"Ball Lightning","floor":1},{"not_picked":["Beam Cell","Creative AI"],"picked":"Streamline","floor":2},{"not_picked":["Streamline","Melter"],"picked":"Hologram","floor":3},{"not_picked":["Conserve Battery","Hologram"],"picked":"White Noise","floor":4},{"not_picked":["Rebound","Go for the Eyes"],"picked":"Genetic Algorithm","floor":5},{"not_picked":["Reinforced Body","Steam Power"],"picked":"Ball Lightning","floor":6},{"not_picked":["Steam","Hologram"],"picked":"Coolheaded","floor":7},{"not_picked":["Biased Cognition","Conserve Battery"],"picked":"Turbo","floor":10},{"not_picked":["Streamline","Undo"],"picked":"Cold Snap","floor":11},{"not_picked":["Hologram","Ball Lightning"],"picked":"Coolheaded","floor":14},{"not_picked":["Buffer","Meteor Strike"],"picked":"All For One","floor":16},{"not_picked":["Ball Lightning","Stack"],"picked":"Chill","floor":18},{"not_picked":["Lockon","Genetic Algorithm"],"picked":"Chill","floor":20},{"not_picked":["Go for the Eyes","Tempest"],"picked":"Compile Driver","floor":22}],"player_experience":82710,"relics_obtained":[{"floor":6,"key":"StoneCalendar"},{"floor":9,"key":"Oddly Smooth Stone"},{"floor":11,"key":"Pear"}],"event_choices":[{"damage_healed":0,"gold_gain":175,"player_choice":"AGREE","damage_taken":0,"max_hp_gain":0,"max_hp_loss":0,"event_name":"Liars Game","floor":8,"gold_loss":0,"cards_obtained":["Doubt"]},{"cards_removed":["Strike_B"],"damage_healed":0,"gold_gain":0,"player_choice":"Elegance","damage_taken":0,"max_hp_gain":0,"max_hp_loss":0,"event_name":"Back to Basics","floor":19,"gold_loss":0},{"damage_healed":0,"gold_gain":99,"player_choice":"Stole From Cult","damage_taken":0,"max_hp_gain":0,"max_hp_loss":0,"event_name":"Nest","floor":21,"gold_loss":0}],"is_beta":false,"boss_relics":[{"not_picked":["Lizard Tail","Runic Dome"],"picked":"Black Star"}],"items_purged_floors":[13],"is_endless":false,"potions_floor_spawned":[2,5,6,7,18,20],"killed_by":"Book of Stabbing","ascension_level":0}