{"gold_per_floor":[116,127,227,244,169,119,119,194,194,210,210,122,134,151,151,249,249,267,286,93,93,93],"floor_reached":22,"playtime":1024,"items_purged":["Strike_B","Strike_B","Zap"],"score":176,"play_id":"fd1709b3-526f-487d-b46f-4f46d3034e0a","local_time":"20181118233224","is_ascension_mode":false,"campfire_choices":[{"floor":11,"key":"REST"},{"floor":15,"key":"REST"}],"neow_cost":"NONE","seed_source_timestamp":43999317096390,"circlet_count":0,"master_deck":["Strike_B","Defend_B","Defend_B","Defend_B","Defend_B","Dualcast","Chaos","Genetic Algorithm","Defragment","BootSequence","Rainbow","Defragment"],"relics":["Runic Dome","Smiling Mask","Pen Nib","Nuclear Battery","Bronze Scales"],"potions_floor_usage":[16],"damage_taken":[{"damage":4,"enemies":"2 Louse","floor":1,"turns":2},{"damage":1,"enemies":"Cultist","floor":2,"turns":3},{"damage":0,"enemies":"Small Slimes","floor":4,"turns":3},{"damage":33,"enemies":"Exordium Thugs","floor":10,"turns":7},{"damage":4,"enemies":"Blue Slaver","floor":13,"turns":6},{"damage":5,"enemies":"Exordium Wildlife","floor":14,"turns":5},{"damage":25,"enemies":"The Guardian","floor":16,"turns":14},{"damage":19,"enemies":"Chosen","floor":18,"turns":7},{"damage":11,"enemies":"Spheric Guardian","floor":19,"turns":6},{"damage":55,"enemies":"Cultist and Chosen","floor":22,"turns":5}],"seed_played":"3742081211380330879","potions_obtained":[{"floor":1,"key":"LiquidBronze"},{"floor":10,"key":"SteroidPotion"},{"floor":16,"key":"PowerPotion"},{"floor":18,"key":"SteroidPotion"}],"is_trial":false,"path_per_floor":["M","M","?","M","$","?","?","?","T","M","R","$","M","M","R","B",null,"M","M","$","?","M"],"character_chosen":"DEFECT","items_purchased":["Defragment","Bronze Scales"],"campfire_rested":2,"item_purchase_floors":[12,20],"current_hp_per_floor":[71,70,70,70,70,70,52,45,45,12,34,34,30,25,47,22,75,56,45,45,45,0],"gold":93,"neow_bonus":"BOSS_RELIC","is_prod":false,"is_daily":false,"chose_seed":false,"campfire_upgraded":0,"win_rate":0.0,"timestamp":1542573144,"path_taken":["M","M","?","?","$","?","?","?","T","M","R","$","M","?","R","BOSS","M","M","$","?","M"],"build_version":"2018-11-15","purchased_purges":3,"victory":false,"max_hp_per_floor":[75,75,75,75,75,75,75,75,75,75,75,75,75,75,75,75,75,75,75,75,75,75],"card_choices":[{"not_picked":["White Noise","Steam"],"picked":"Chaos","floor":1},{"not_picked":["Chaos","FTL","Compile Driver"],"picked":"SKIP","floor":2},{"not_picked":["Coolheaded","Go for the Eyes"],"picked":"Genetic Algorithm","floor":4},{"not_picked":["Rip and Tear","Beam Cell","Double Energy"],"picked":"SKIP","floor":10},{"not_picked":["Ball Lightning","Gash","Fusion"],"picked":"SKIP","floor":13},{"not_picked":["Barrage","Beam Cell"],"picked":"BootSequence","floor":14},{"not_picked":["Thunder Strike","Amplify"],"picked":"Rainbow","floor":16},{"not_picked":["Blizzard","Steam Power"],"picked":"Defragment","floor":18},{"not_picked":["Chill","Blizzard+1","Steam"],"picked":"SKIP","floor":19}],"player_experience":193532,"relics_obtained":[{"floor":9,"key":"Pen Nib"}],"event_choices":[{"damage_healed":0,"gold_gain":100,"player_choice":"Pray","damage_taken":0,"max_hp_gain":0,"max_hp_loss":0,"event_name":"Golden Shrine","floor":3,"gold_loss":0},{"cards_removed":["Strike_B"],"damage_healed":0,"gold_gain":0,"player_choice":"Card Removal","damage_taken":0,"max_hp_gain":0,"max_hp_loss":0,"event_name":"The Cleric","floor":6,"gold_loss":50},{"damage_healed":0,"gold_gain":0,"player_choice":"Success","damage_taken":18,"relics_obtained":["Smiling Mask"],"max_hp_gain":0,"max_hp_loss":0,"event_name":"Scrap Ooze","floor":7,"gold_loss":0},{"damage_healed":0,"gold_gain":75,"player_choice":"Touch","damage_taken":7,"max_hp_gain":0,"max_hp_loss":0,"event_name":"FaceTrader","floor":8,"gold_loss":0},{"damage_healed":0,"gold_gain":0,"player_choice":"Ignored","damage_taken":0,"max_hp_gain":0,"max_hp_loss":0,"event_name":"Vampires","floor":21,"gold_loss":0}],"is_beta":false,"boss_relics":[{"not_picked":["Coffee Dripper","Eternal Feather"],"picked":"Nuclear Battery"}],"items_purged_floors":[5,12,20],"is_endless":false,"potions_floor_spawned":[1,10,16,18],"killed_by":"Cultist and Chosen","ascension_level":0}