{"gold_per_floor":[117,117,117,67,92,136,136,152,152,152,165,199,199,213,213,213],"floor_reached":16,"playtime":958,"items_purged":[],"score":135,"play_id":"4ee35289-f3f4-4d91-afba-b96458be6132","local_time":"20181028225844","is_ascension_mode":false,"campfire_choices":[{"data":"True Grit","floor":7,"key":"SMITH"},{"floor":13,"key":"REST"},{"data":"Rage","floor":15,"key":"SMITH"}],"neow_cost":"NONE","seed_source_timestamp":38120968725099,"circlet_count":0,"master_deck":["Strike_R","Strike_R","Strike_R","Strike_R","Strike_R","Defend_R","Defend_R","Defend_R","Defend_R","Bash","Sentinel","True Grit+1","Sentinel","Feed","Warcry","Shrug It Off","Impervious","Rage+1"],"relics":["Burning Blood","NeowsBlessing","Blood Vial","Golden Idol","Sundial","Question Card","Pantograph"],"potions_floor_usage":[12,16],"damage_taken":[{"damage":0,"enemies":"Jaw Worm","floor":1,"turns":1},{"damage":0,"enemies":"Small Slimes","floor":5,"turns":1},{"damage":0,"enemies":"3 Sentries","floor":6,"turns":1},{"damage":5,"enemies":"2 Louse","floor":8,"turns":3},{"damage":37,"enemies":"Large Slime","floor":11,"turns":10},{"damage":56,"enemies":"Lagavulin","floor":12,"turns":11},{"damage":10,"enemies":"Looter","floor":14,"turns":4},{"damage":64,"enemies":"Slime Boss","floor":16,"turns":16}],"seed_played":"5466091401641351360","potions_obtained":[{"floor":11,"key":"Explosive Potion"},{"floor":14,"key":"Poison Potion"}],"is_trial":false,"path_per_floor":["M","?","?","$","M","E","R","M","T","?","M","E","R","M","R"],"character_chosen":"IRONCLAD","items_purchased":["True Grit"],"campfire_rested":1,"item_purchase_floors":[4],"current_hp_per_floor":[80,77,57,57,65,73,73,79,79,83,55,10,36,37,37,0],"gold":213,"neow_bonus":"THREE_ENEMY_KILL","is_prod":false,"is_daily":false,"chose_seed":false,"campfire_upgraded":2,"win_rate":0,"timestamp":1540756724,"path_taken":["M","?","?","$","M","E","R","M","T","?","?","E","R","?","R","BOSS"],"build_version":"2018-10-25v2","purchased_purges":0,"victory":false,"max_hp_per_floor":[80,80,80,80,80,80,80,83,83,83,86,89,89,92,92,92],"card_choices":[{"not_picked":["Clash","Perfected Strike"],"picked":"Sentinel","floor":1},{"not_picked":["Anger","Spot Weakness"],"picked":"Sentinel","floor":5},{"not_picked":["Searing Blow","Uppercut"],"picked":"Feed","floor":6},{"not_picked":["Sentinel","Rupture"],"picked":"Warcry","floor":8},{"not_picked":["Thunderclap","Wild Strike","Havoc"],"picked":"Shrug It Off","floor":11},{"not_picked":["Sword Boomerang","Shrug It Off","Seeing Red"],"picked":"Impervious","floor":12},{"not_picked":["Havoc","Pommel Strike","Headbutt"],"picked":"Rage","floor":14}],"player_experience":105463,"relics_obtained":[{"floor":6,"key":"Sundial"},{"floor":9,"key":"Question Card"},{"floor":12,"key":"Pantograph"}],"event_choices":[{"damage_healed":0,"gold_gain":0,"player_choice":"Success","damage_taken":3,"relics_obtained":["Blood Vial"],"max_hp_gain":0,"max_hp_loss":0,"event_name":"Scrap Ooze","floor":2,"gold_loss":0},{"damage_healed":0,"gold_gain":0,"player_choice":"Take Damage","damage_taken":20,"relics_obtained":["Golden Idol"],"max_hp_gain":0,"max_hp_loss":0,"event_name":"Golden Idol","floor":3,"gold_loss":0},{"damage_healed":4,"gold_gain":0,"player_choice":"Full Heal","damage_taken":0,"max_hp_gain":0,"max_hp_loss":0,"event_name":"Wheel of Change","floor":10,"gold_loss":0}],"is_beta":false,"boss_relics":[],"items_purged_floors":[],"is_endless":false,"potions_floor_spawned":[11,14],"killed_by":"Slime Boss","ascension_level":0}