{"gold_per_floor":[118,10,10,10,30,64,64,74,148,167,27,27,38,49,49,152,152,162,178,53,152,165,197,197,217,302,333,333,106,106,132,132,228,228,238,238,91,106,126,126,143,160,160,160,175,175,188,205,205,205],"floor_reached":51,"playtime":3979,"items_purged":["Strike_G","Pain","Strike_G","Strike_G"],"score":711,"play_id":"3ffa10ad-5cea-4d07-9057-d7d8180fd181","local_time":"20181216194240","is_ascension_mode":false,"campfire_choices":[{"data":"Setup","floor":7.0,"key":"SMITH"},{"data":"Footwork","floor":12.0,"key":"SMITH"},{"data":"Skewer","floor":15.0,"key":"SMITH"},{"data":"Well Laid Plans","floor":24.0,"key":"SMITH"},{"data":"Burst","floor":30.0,"key":"SMITH"},{"floor":32.0,"key":"REST"},{"data":"After Image","floor":40.0,"key":"SMITH"},{"data":"Caltrops","floor":44,"key":"SMITH"},{"data":"Choke","floor":46,"key":"SMITH"},{"data":"Noxious Fumes","floor":49,"key":"SMITH"}],"neow_cost":"NONE","seed_source_timestamp":26364911793103,"circlet_count":0,"master_deck":["Defend_G","Defend_G","Defend_G","Defend_G","Defend_G","Survivor","Neutralize","Escape Plan","Backflip","Setup+1","Footwork+1","Well Laid Plans+1","Backflip","Skewer+1","Burst+1","Deadly Poison+1","Backflip+1","Sucker Punch+1","Escape Plan","Noxious Fumes+1","Cloak And Dagger","After Image+1","Burst","Deadly Poison","Caltrops+1","Choke+1","Footwork+1"],"special_seed":0,"relics":["Ring of the Snake","NeowsBlessing","WarpedTongs","Snake Skull","Letter Opener","Sozu","Centennial Puzzle","Tiny Chest","Ancient Tea Set","Shuriken","Cursed Key"],"potions_floor_usage":[],"damage_taken":[{"damage":0.0,"enemies":"Jaw Worm","floor":1.0,"turns":1.0},{"damage":1.0,"enemies":"Cultist","floor":5.0,"turns":1.0},{"damage":0.0,"enemies":"Lagavulin","floor":6.0,"turns":1.0},{"damage":5.0,"enemies":"2 Louse","floor":8.0,"turns":3.0},{"damage":8.0,"enemies":"Blue Slaver","floor":10.0,"turns":4.0},{"damage":10.0,"enemies":"Exordium Thugs","floor":13.0,"turns":5.0},{"damage":0.0,"enemies":"3 Louse","floor":14.0,"turns":3.0},{"damage":11.0,"enemies":"The Guardian","floor":16.0,"turns":10.0},{"damage":0.0,"enemies":"Shell Parasite","floor":18.0,"turns":5.0},{"damage":0.0,"enemies":"Chosen","floor":19.0,"turns":4.0},{"damage":2.0,"enemies":"3 Cultists","floor":22.0,"turns":6.0},{"damage":14.0,"enemies":"Slavers","floor":23.0,"turns":7.0},{"damage":0.0,"enemies":"Snake Plant","floor":25.0,"turns":4.0},{"damage":0.0,"enemies":"Book of Stabbing","floor":27.0,"turns":7.0},{"damage":16.0,"enemies":"Slavers","floor":31.0,"turns":4.0},{"damage":19.0,"enemies":"Collector","floor":33.0,"turns":8.0},{"damage":8.0,"enemies":"3 Darklings","floor":35.0,"turns":5.0},{"damage":0.0,"enemies":"Orb Walker","floor":38.0,"turns":4.0},{"damage":0.0,"enemies":"Maw","floor":39.0,"turns":5.0},{"damage":0.0,"enemies":"3 Darklings","floor":41.0,"turns":4.0},{"damage":0.0,"enemies":"Transient","floor":42.0,"turns":5.0},{"damage":2,"enemies":"Maw","floor":45,"turns":6},{"damage":0,"enemies":"4 Shapes","floor":47,"turns":4},{"damage":0,"enemies":"Transient","floor":48,"turns":5},{"damage":15,"enemies":"Time Eater","floor":50,"turns":10}],"seed_played":"-1157642926255749350","potions_obtained":[{"floor":8.0,"key":"FearPotion"},{"floor":13.0,"key":"Strength Potion"},{"floor":14.0,"key":"SkillPotion"}],"is_trial":false,"path_per_floor":["M","$","?","?","M","E","R","M","T","M","$","R","M","M","R","B",null,"M","M","$","?","M","E","R","M","T","E","?","$","R","E","R","B",null,"M","?","$","M","M","R","M","M","T","R","M","R","M","M","R","B",null],"character_chosen":"THE_SILENT","items_purchased":["Escape Plan","Well Laid Plans","Noxious Fumes","Burst"],"campfire_rested":1,"item_purchase_floors":[2,11,29,37],"current_hp_per_floor":[70,70,70,70,69,69,69,64,64,56,56,56,46,46,46,35,70,70,70,70,70,68,54,54,54,54,54,54,54,54,38,59,40,70,62,62,62,62,62,62,62,62,62,62,60,60,60,60,60,45],"gold":205,"neow_bonus":"THREE_ENEMY_KILL","is_prod":false,"is_daily":false,"chose_seed":false,"campfire_upgraded":9,"win_rate":0,"timestamp":1544978560,"path_taken":["M","$","?","?","M","E","R","M","T","M","$","R","?","M","R","BOSS","M","?","$","?","M","E","R","M","T","E","?","$","R","E","R","BOSS","M","?","$","M","M","R","M","M","T","R","M","R","M","M","R","BOSS"],"build_version":"2018-12-13","purchased_purges":4,"victory":true,"max_hp_per_floor":[70,70,70,70,70,70,70,70,70,70,70,70,70,70,70,70,70,70,70,70,70,70,70,70,70,70,70,70,70,70,70,70,70,70,70,70,70,70,70,70,70,70,70,70,70,70,70,70,70,70],"card_choices":[{"not_picked":["Quick Slash","Crippling Poison","Dagger Throw"],"picked":"SKIP","floor":1.0},{"not_picked":["Slice","Outmaneuver"],"picked":"Backflip","floor":5.0},{"not_picked":["Deflect","Dagger Throw"],"picked":"Setup","floor":6.0},{"not_picked":["Slice","Tactician","Quick Slash"],"picked":"SKIP","floor":8.0},{"not_picked":["Bullet Time","Skewer"],"picked":"Footwork","floor":10.0},{"not_picked":["Bane","Dagger Spray"],"picked":"Backflip","floor":13.0},{"not_picked":["Dodge and Roll","Flying Knee"],"picked":"Skewer","floor":14.0},{"not_picked":["Adrenaline","Glass Knife"],"picked":"Burst","floor":16.0},{"not_picked":["Acrobatics","Finisher"],"picked":"Deadly Poison+1","floor":18.0},{"not_picked":["Deadly Poison+1","Flying Knee"],"picked":"Backflip+1","floor":19.0},{"not_picked":["Slice","Dagger Spray"],"picked":"Sucker Punch+1","floor":22.0},{"not_picked":["Infinite Blades","Dagger Spray"],"picked":"Escape Plan","floor":23.0},{"not_picked":["Dagger Spray","Acrobatics","Flying Knee"],"picked":"SKIP","floor":25.0},{"not_picked":["Masterful Stab","Concentrate+1","Setup"],"picked":"SKIP","floor":27.0},{"not_picked":["All Out Attack","Slice+1"],"picked":"Cloak And Dagger","floor":31.0},{"not_picked":["Die Die Die","Corpse Explosion"],"picked":"After Image","floor":33.0},{"not_picked":["Dagger Throw","PiercingWail","Cloak And Dagger"],"picked":"SKIP","floor":35.0},{"not_picked":["Underhanded Strike","Backflip"],"picked":"Deadly Poison","floor":38.0},{"not_picked":["Flying Knee+1","Dash","PiercingWail+1"],"picked":"SKIP","floor":39.0},{"not_picked":["Flying Knee","Sucker Punch"],"picked":"Caltrops","floor":41.0},{"not_picked":["Heel Hook","Poisoned Stab","Leg Sweep+1"],"picked":"SKIP","floor":42.0},{"not_picked":["Bane+1","Tactician+1"],"picked":"Choke","floor":45},{"not_picked":["Distraction","Calculated Gamble"],"picked":"Footwork+1","floor":47},{"not_picked":["Cloak And Dagger","Dodge and Roll","Glass Knife"],"picked":"SKIP","floor":48}],"player_experience":345930,"relics_obtained":[{"floor":6.0,"key":"Snake Skull"},{"floor":9.0,"key":"Letter Opener"},{"floor":23.0,"key":"Centennial Puzzle"},{"floor":26.0,"key":"Tiny Chest"},{"floor":27.0,"key":"Ancient Tea Set"},{"floor":31.0,"key":"Shuriken"}],"event_choices":[{"damage_healed":0.0,"max_hp_gain":0.0,"max_hp_loss":0.0,"gold_gain":0.0,"event_name":"The Cleric","player_choice":"Leave","floor":3.0,"gold_loss":0.0,"damage_taken":0.0},{"damage_healed":0.0,"max_hp_gain":0.0,"max_hp_loss":0.0,"gold_gain":0.0,"event_name":"Accursed Blacksmith","player_choice":"Rummage","floor":4.0,"gold_loss":0.0,"damage_taken":0.0,"relics_obtained":["WarpedTongs"],"cards_obtained":["Pain"]},{"damage_healed":0.0,"max_hp_gain":0.0,"max_hp_loss":0.0,"gold_gain":99.0,"event_name":"Nest","player_choice":"Stole From Cult","floor":21.0,"gold_loss":0.0,"damage_taken":0.0},{"cards_removed":["Strike_G"],"damage_healed":0.0,"max_hp_gain":0.0,"max_hp_loss":0.0,"gold_gain":0.0,"event_name":"Back to Basics","player_choice":"Elegance","floor":28.0,"gold_loss":0.0,"damage_taken":0.0},{"cards_removed":["Strike_G"],"damage_healed":0.0,"max_hp_gain":0.0,"max_hp_loss":0.0,"gold_gain":0.0,"event_name":"Purifier","player_choice":"Purged","floor":36.0,"gold_loss":0.0,"damage_taken":0.0}],"is_beta":false,"boss_relics":[{"not_picked":["Black Star","Eternal Feather"],"picked":"Sozu"},{"not_picked":["Coffee Dripper","White Beast Statue"],"picked":"Cursed Key"}],"items_purged_floors":[2,11,20,29],"is_endless":false,"potions_floor_spawned":[8,13,14,19,25,31,38,42,45],"ascension_level":0}