{"gold_per_floor":[111,111,125,145,145,172,172,172,172,182,214,64,77,77,77,180,180,196,121,121,141,161,161,196,214,241,241,156,20,20,37,37,138,138,151,151,151,166,0,0,19,19,71,171,171,171,171,190,190,190],"floor_reached":51,"playtime":3988,"items_purged":["Strike_G","Strike_G"],"score":1122,"play_id":"6ff07759-8808-4fe1-b7ba-4ada8652ac07","local_time":"20190112014239","is_ascension_mode":true,"campfire_choices":[{"data":"Neutralize","floor":7.0,"key":"SMITH"},{"floor":15.0,"key":"REST"},{"data":"Footwork","floor":23.0,"key":"SMITH"},{"data":"Finisher","floor":27.0,"key":"SMITH"},{"data":"Concentrate","floor":30.0,"key":"SMITH"},{"floor":32.0,"key":"REST"},{"data":"Cloak And Dagger","floor":40.0,"key":"SMITH"},{"data":"Prepared","floor":42.0,"key":"SMITH"},{"data":"Deadly Poison","floor":45.0,"key":"SMITH"},{"floor":49,"key":"REST"}],"neow_cost":"NONE","seed_source_timestamp":21088640723877,"circlet_count":0,"master_deck":["AscendersBane","Defend_G","Defend_G","Defend_G","Defend_G","Defend_G","Strike_G","Survivor","Neutralize+1","PiercingWail","Night Terror+1","Slice","Deadly Poison+1","Envenom","Prepared+1","Footwork+1","Leg Sweep","Bullet Time","Heel Hook","Masterful Stab+1","Finisher+1","Cloak And Dagger+1","Dodge and Roll","Concentrate+1","Endless Agony+1","After Image","Good Instincts","Parasite","Blur+1"],"special_seed":0,"relics":["Ring of the Snake","NeowsBlessing","Kunai","Meat on the Bone","Strawberry","Pear","Dodecahedron","Runic Pyramid","Centennial Puzzle","Juzu Bracelet","Shuriken","Philosopher\u0027s Stone","Red Mask","Happy Flower","FossilizedHelix"],"potions_floor_usage":[50],"damage_taken":[{"damage":0.0,"enemies":"Small Slimes","floor":1.0,"turns":1.0},{"damage":0.0,"enemies":"Cultist","floor":3.0,"turns":1.0},{"damage":0.0,"enemies":"2 Louse","floor":4.0,"turns":1.0},{"damage":11.0,"enemies":"Lagavulin","floor":6.0,"turns":12.0},{"damage":15.0,"enemies":"Large Slime","floor":10.0,"turns":11.0},{"damage":33.0,"enemies":"Gremlin Nob","floor":11.0,"turns":5.0},{"damage":16.0,"enemies":"Looter","floor":13.0,"turns":4.0},{"damage":28.0,"enemies":"Hexaghost","floor":16.0,"turns":12.0},{"damage":2.0,"enemies":"Spheric Guardian","floor":18.0,"turns":9.0},{"damage":3.0,"enemies":"Chosen","floor":21.0,"turns":7.0},{"damage":15.0,"enemies":"Snake Plant","floor":22.0,"turns":6.0},{"damage":38.0,"enemies":"Slavers","floor":24.0,"turns":13.0},{"damage":5.0,"enemies":"3 Cultists","floor":25.0,"turns":7.0},{"damage":0.0,"enemies":"Centurion and Healer","floor":31.0,"turns":10.0},{"damage":23.0,"enemies":"Automaton","floor":33.0,"turns":15.0},{"damage":0.0,"enemies":"Orb Walker","floor":35.0,"turns":5.0},{"damage":14.0,"enemies":"3 Darklings","floor":38.0,"turns":14.0},{"damage":8.0,"enemies":"Jaw Worm Horde","floor":41.0,"turns":7.0},{"damage":1.0,"enemies":"Mind Bloom Boss Battle","floor":44.0,"turns":8.0},{"damage":0,"enemies":"Writhing Mass","floor":48,"turns":6},{"damage":9,"enemies":"Time Eater","floor":50,"turns":17}],"seed_played":"-353771176285654407","potions_obtained":[{"floor":10.0,"key":"FearPotion"},{"floor":11.0,"key":"Energy Potion"},{"floor":13.0,"key":"EssenceOfSteel"},{"floor":18.0,"key":"FearPotion"},{"floor":24.0,"key":"Ancient Potion"},{"floor":25.0,"key":"Weak Potion"}],"is_trial":false,"path_per_floor":["M","?","M","M","?","E","R","?","T","M","E","$","M","T","R","B",null,"M","?","?","M","M","R","E","M","T","R","?","$","R","M","R","B",null,"M","?","?","M","?","R","M","R","T","?","R","?","?","M","R","B",null],"character_chosen":"THE_SILENT","items_purchased":["Footwork","Concentrate"],"campfire_rested":3,"item_purchase_floors":[12,29],"current_hp_per_floor":[63,63,63,63,60,49,49,49,56,41,30,30,26,26,52,36,74,72,72,72,69,54,54,28,35,35,35,35,35,35,47,73,50,78,78,78,78,64,64,64,56,56,56,55,55,55,55,55,79,70],"gold":190,"neow_bonus":"THREE_ENEMY_KILL","is_prod":false,"is_daily":false,"chose_seed":false,"campfire_upgraded":7,"win_rate":0,"timestamp":1547246559,"path_taken":["M","?","?","M","?","E","R","?","T","M","E","$","M","?","R","BOSS","M","?","?","?","M","R","E","M","T","R","?","?","R","M","R","BOSS","M","?","?","M","?","R","M","R","T","?","R","?","?","M","R","BOSS"],"build_version":"2019-01-10","purchased_purges":2,"victory":true,"max_hp_per_floor":[70,70,70,70,70,70,70,70,77,77,87,87,87,87,87,87,87,87,87,87,87,87,87,87,87,87,87,87,87,87,87,87,87,87,87,87,83,83,83,83,83,83,83,83,83,83,83,83,83,83],"card_choices":[{"not_picked":["Deflect","Masterful Stab"],"picked":"PiercingWail","floor":1.0},{"not_picked":["Sucker Punch","Underhanded Strike"],"picked":"Slice","floor":3.0},{"not_picked":["Dodge and Roll","Flying Knee"],"picked":"Deadly Poison","floor":4.0},{"not_picked":["Dagger Throw","Heel Hook"],"picked":"Envenom","floor":6.0},{"not_picked":["Flechettes","Dagger Spray"],"picked":"Prepared","floor":10.0},{"not_picked":["Eviscerate","Poisoned Stab","Dagger Spray"],"picked":"SKIP","floor":11.0},{"not_picked":["Flying Knee","Reflex"],"picked":"Leg Sweep","floor":13.0},{"not_picked":["Tools of the Trade","Phantasmal Killer"],"picked":"Bullet Time","floor":16.0},{"not_picked":["Predator","Backflip"],"picked":"Heel Hook","floor":18.0},{"not_picked":["Bane","Poisoned Stab"],"picked":"Masterful Stab+1","floor":21.0},{"not_picked":["Bane","Dagger Throw"],"picked":"Finisher","floor":22.0},{"not_picked":["Envenom","Dodge and Roll"],"picked":"Cloak And Dagger","floor":24.0},{"not_picked":["Flechettes","Predator"],"picked":"Dodge and Roll","floor":25.0},{"not_picked":["Deadly Poison","Setup"],"picked":"Endless Agony+1","floor":31.0},{"not_picked":["Grand Finale","Doppelganger"],"picked":"After Image","floor":33.0},{"not_picked":["Reflex","Prepared+1","Cloak And Dagger"],"picked":"SKIP","floor":35.0},{"not_picked":["Outmaneuver","Deflect","Dodge and Roll"],"picked":"SKIP","floor":38.0},{"not_picked":["Flying Knee","Underhanded Strike","Acrobatics"],"picked":"SKIP","floor":41.0},{"not_picked":["Finesse","Violence"],"picked":"Good Instincts","floor":46.0},{"not_picked":["Accuracy","Cloak And Dagger"],"picked":"Blur+1","floor":48}],"player_experience":432880,"relics_obtained":[{"floor":6.0,"key":"Meat on the Bone"},{"floor":9.0,"key":"Strawberry"},{"floor":11.0,"key":"Pear"},{"floor":14.0,"key":"Dodecahedron"},{"floor":24.0,"key":"Centennial Puzzle"},{"floor":26.0,"key":"Juzu Bracelet"},{"floor":43.0,"key":"Happy Flower"},{"floor":44.0,"key":"FossilizedHelix"}],"event_choices":[{"damage_healed":0.0,"max_hp_gain":0.0,"max_hp_loss":0.0,"gold_gain":0.0,"cards_transformed":["Strike_G"],"event_name":"Transmorgrifier","player_choice":"Transformed","floor":2.0,"gold_loss":0.0,"damage_taken":0.0,"cards_obtained":["Night Terror"]},{"damage_healed":0.0,"max_hp_gain":0.0,"max_hp_loss":0.0,"gold_gain":0.0,"event_name":"Scrap Ooze","player_choice":"Success","floor":5.0,"gold_loss":0.0,"damage_taken":3.0,"relics_obtained":["Kunai"]},{"damage_healed":0.0,"max_hp_gain":0.0,"max_hp_loss":0.0,"gold_gain":0.0,"event_name":"Living Wall","player_choice":"Grow","floor":8.0,"gold_loss":0.0,"damage_taken":0.0,"cards_upgraded":["Night Terror"]},{"cards_removed":["Strike_G"],"damage_healed":0.0,"max_hp_gain":0.0,"max_hp_loss":0.0,"gold_gain":0.0,"event_name":"Beggar","player_choice":"Gave Gold","floor":19.0,"gold_loss":75.0,"damage_taken":0.0},{"damage_healed":0.0,"max_hp_gain":0.0,"max_hp_loss":0.0,"gold_gain":0.0,"event_name":"Vampires","player_choice":"Ignored","floor":20.0,"gold_loss":0.0,"damage_taken":0.0},{"damage_healed":0.0,"max_hp_gain":0.0,"max_hp_loss":0.0,"gold_gain":0.0,"event_name":"Addict","player_choice":"Obtained Relic","floor":28.0,"gold_loss":85.0,"damage_taken":0.0,"relics_obtained":["Shuriken"]},{"damage_healed":0.0,"max_hp_gain":0.0,"max_hp_loss":0.0,"gold_gain":0.0,"event_name":"Mysterious Sphere","player_choice":"Ignored","floor":36.0,"gold_loss":0.0,"damage_taken":0.0},{"damage_healed":0.0,"max_hp_gain":0.0,"max_hp_loss":4.0,"gold_gain":0.0,"event_name":"Winding Halls","player_choice":"Max HP","floor":37.0,"gold_loss":0.0,"damage_taken":0.0},{"damage_healed":0.0,"max_hp_gain":0.0,"max_hp_loss":0.0,"gold_gain":0.0,"event_name":"Tomb of Lord Red Mask","player_choice":"Paid","floor":39.0,"gold_loss":166.0,"damage_taken":0.0,"relics_obtained":["Red Mask"]},{"damage_healed":0.0,"max_hp_gain":0.0,"max_hp_loss":0.0,"gold_gain":0.0,"event_name":"MindBloom","player_choice":"Fight","floor":44.0,"gold_loss":0.0,"damage_taken":0.0},{"damage_healed":0.0,"max_hp_gain":0.0,"max_hp_loss":0.0,"gold_gain":0.0,"event_name":"SensoryStone","player_choice":"Memory 1","floor":46.0,"gold_loss":0.0,"damage_taken":0.0},{"damage_healed":0.0,"max_hp_gain":0.0,"max_hp_loss":0.0,"gold_gain":0.0,"event_name":"FaceTrader","player_choice":"Leave","floor":47.0,"gold_loss":0.0,"damage_taken":0.0}],"is_beta":false,"boss_relics":[{"not_picked":["Orrery","Lizard Tail"],"picked":"Runic Pyramid"},{"not_picked":["WristBlade","Runic Dome"],"picked":"Philosopher\u0027s Stone"}],"items_purged_floors":[12,29],"is_endless":false,"potions_floor_spawned":[10,11,13,18,24,25,38,41],"ascension_level":12}