{"gold_per_floor":[115,125,145,105,115,115,145,145,145,8,27,27,37,56,56,157,157,168,168,183,183,4,4,36,49,75,75,94,110,110,121,121,121],"floor_reached":33,"playtime":2678,"items_purged":[],"score":271,"play_id":"c5ae938a-b0f8-4ec1-ad4b-ae1b24fe307b","local_time":"20181222224918","is_ascension_mode":false,"campfire_choices":[{"data":"Deadly Poison","floor":6.0,"key":"SMITH"},{"floor":8.0,"key":"REST"},{"data":"Footwork","floor":12.0,"key":"SMITH"},{"data":"Leg Sweep","floor":15.0,"key":"SMITH"},{"data":"Envenom","floor":23.0,"key":"SMITH"},{"floor":27.0,"key":"REST"},{"floor":30,"key":"REST"},{"floor":32,"key":"REST"}],"neow_cost":"CURSE","seed_source_timestamp":43985711707092,"circlet_count":0,"master_deck":["Defend_G","Defend_G","Defend_G","Defend_G","Defend_G","Strike_G","Strike_G","Strike_G","Survivor","Neutralize","Decay","Phantasmal Killer","Leg Sweep+1","Deadly Poison+1","Footwork+1","PiercingWail","Quick Slash","Corpse Explosion+1","Dash","Blade Dance+1","Night Terror+1","Envenom+1","Cloak And Dagger+1","Cloak And Dagger+1","Deadly Poison+1","Backflip+1","Apotheosis+1","Dodge and Roll+1","Backflip+1"],"special_seed":0,"relics":["Ring of the Snake","Bottled Tornado","Toxic Egg 2","Nloth\u0027s Gift","Singing Bowl","Oddly Smooth Stone"],"potions_floor_usage":[29,29],"damage_taken":[{"damage":9.0,"enemies":"Cultist","floor":1.0,"turns":9.0},{"damage":2.0,"enemies":"Small Slimes","floor":2.0,"turns":4.0},{"damage":1.0,"enemies":"Jaw Worm","floor":3.0,"turns":6.0},{"damage":1.0,"enemies":"Red Slaver","floor":5.0,"turns":7.0},{"damage":24.0,"enemies":"3 Sentries","floor":7.0,"turns":13.0},{"damage":0.0,"enemies":"Blue Slaver","floor":11.0,"turns":4.0},{"damage":8.0,"enemies":"Gremlin Gang","floor":13.0,"turns":5.0},{"damage":0.0,"enemies":"Lots of Slimes","floor":14.0,"turns":3.0},{"damage":2.0,"enemies":"Slime Boss","floor":16.0,"turns":19.0},{"damage":6.0,"enemies":"Shell Parasite","floor":18.0,"turns":8.0},{"damage":0.0,"enemies":"3 Byrds","floor":20.0,"turns":8.0},{"damage":59.0,"enemies":"Gremlin Leader","floor":24.0,"turns":10.0},{"damage":10.0,"enemies":"Cultist and Chosen","floor":25.0,"turns":7.0},{"damage":13.0,"enemies":"Snake Plant","floor":28.0,"turns":5.0},{"damage":0,"enemies":"3 Cultists","floor":29,"turns":5},{"damage":6,"enemies":"Cultist and Chosen","floor":31,"turns":11},{"damage":59,"enemies":"Automaton","floor":33,"turns":12}],"seed_played":"8230267201111280169","potions_obtained":[{"floor":4.0,"key":"Dexterity Potion"},{"floor":4.0,"key":"Strength Potion"},{"floor":4.0,"key":"Block Potion"},{"floor":13.0,"key":"GamblersBrew"},{"floor":14.0,"key":"SkillPotion"},{"floor":18.0,"key":"EssenceOfSteel"},{"floor":20.0,"key":"Fruit Juice"},{"floor":29,"key":"SneckoOil"}],"is_trial":false,"path_per_floor":["M","M","M","?","M","R","E","R","T","$","M","R","M","M","R","B",null,"M","?","M","?","$","R","E","M","T","R","M","M","R","M","R","B"],"character_chosen":"THE_SILENT","items_purchased":["Corpse Explosion+1","Apotheosis+1"],"campfire_rested":4,"item_purchase_floors":[10,22],"current_hp_per_floor":[61,59,58,58,57,57,33,54,54,54,54,54,46,46,46,44,70,64,64,69,69,69,69,12,4,4,27,14,14,37,33,57,0],"gold":121,"neow_bonus":"TRANSFORM_TWO_CARDS","is_prod":false,"is_daily":false,"chose_seed":false,"campfire_upgraded":4,"win_rate":0,"timestamp":1545508158,"path_taken":["M","M","M","?","M","R","E","R","T","$","M","R","M","?","R","BOSS","M","?","?","?","$","R","E","M","T","R","M","?","R","M","R","BOSS"],"build_version":"2018-12-20","purchased_purges":0,"victory":false,"max_hp_per_floor":[70,70,70,70,70,70,70,70,70,70,70,70,70,70,70,70,70,70,70,75,75,75,75,77,79,79,79,79,79,79,81,81,81],"card_choices":[{"not_picked":["Underhanded Strike","PiercingWail"],"picked":"Deadly Poison","floor":1.0},{"not_picked":["Blade Dance","Dagger Spray"],"picked":"Footwork","floor":2.0},{"not_picked":["Prepared","Quick Slash"],"picked":"PiercingWail","floor":3.0},{"not_picked":["Bane","Storm of Steel"],"picked":"Quick Slash","floor":5.0},{"not_picked":["Backstab","PiercingWail","Prepared"],"picked":"SKIP","floor":7.0},{"not_picked":["Poisoned Stab","Sucker Punch"],"picked":"Dash","floor":11.0},{"not_picked":["Bane","Outmaneuver+1"],"picked":"Blade Dance+1","floor":13.0},{"not_picked":["All Out Attack","Dagger Spray"],"picked":"Night Terror+1","floor":14.0},{"not_picked":["Tools of the Trade","Bullet Time+1"],"picked":"Envenom","floor":16.0},{"not_picked":["Slice","Setup+1"],"picked":"Cloak And Dagger+1","floor":17.0},{"not_picked":["PiercingWail+1","Acrobatics+1"],"picked":"Cloak And Dagger+1","floor":17.0},{"not_picked":["Doppelganger+1","Backstab"],"picked":"Deadly Poison+1","floor":18.0},{"not_picked":["Concentrate+1","Deadly Poison+1"],"picked":"Backflip+1","floor":20.0},{"not_picked":["A Thousand Cuts","Sucker Punch","Bane"],"picked":"Singing Bowl","floor":24.0},{"not_picked":["PiercingWail+1","Sucker Punch","Concentrate+1"],"picked":"Singing Bowl","floor":25.0},{"not_picked":["Bane","Acrobatics+1"],"picked":"Dodge and Roll+1","floor":28.0},{"not_picked":["Poisoned Stab","Blade Dance+1"],"picked":"Backflip+1","floor":29},{"not_picked":["Poisoned Stab","Sucker Punch+1","Prepared+1"],"picked":"Singing Bowl","floor":31}],"player_experience":367913,"relics_obtained":[{"floor":7.0,"key":"Bottled Tornado"},{"floor":9.0,"key":"Toxic Egg 2"},{"floor":24.0,"key":"Singing Bowl"},{"floor":26.0,"key":"Oddly Smooth Stone"}],"event_choices":[{"damage_healed":0.0,"max_hp_gain":0.0,"max_hp_loss":0.0,"gold_gain":0.0,"event_name":"The Woman in Blue","player_choice":"Bought 3 Potions","floor":4.0,"gold_loss":0.0,"damage_taken":0.0},{"damage_healed":0.0,"max_hp_gain":0.0,"max_hp_loss":0.0,"gold_gain":0.0,"event_name":"Match and Keep!","player_choice":"0 cards matched","floor":19.0,"gold_loss":0.0,"damage_taken":0.0,"cards_obtained":[]},{"damage_healed":0.0,"max_hp_gain":0.0,"max_hp_loss":0.0,"gold_gain":0.0,"event_name":"N\u0027loth","player_choice":"Traded Relic","floor":21.0,"relics_lost":["Orrery"],"gold_loss":0.0,"damage_taken":0.0,"relics_obtained":["Nloth\u0027s Gift"]}],"is_beta":false,"boss_relics":[{"not_picked":["Pandora\u0027s Box","Calling Bell"],"picked":"Orrery"}],"items_purged_floors":[],"is_endless":false,"potions_floor_spawned":[5,13,14,16,18,20,29],"killed_by":"Automaton","ascension_level":0}