{"gold_per_floor":[119,119,119,137,189,189,201,219,219,219,219,239,239,164,164,267,267,277,277,288,308,339,339,339,14,60,113,123,38,38,38,38,154,154,188,18,31,66,85,85,118,118,118,128,350,284,284,336,336,356],"floor_reached":51,"playtime":2847,"items_purged":["Strike_B","Strike_B"],"score":943,"play_id":"979e2154-ff1f-4139-9248-718b409a53d3","local_time":"20190225181713","is_ascension_mode":false,"campfire_choices":[{"floor":6.0,"key":"REST"},{"floor":10.0,"key":"REST"},{"floor":15.0,"key":"RECALL"},{"floor":23.0,"key":"REST"},{"floor":32.0,"key":"REST"},{"floor":40.0,"key":"REST"},{"floor":42.0,"key":"REST"},{"floor":49,"key":"REST"}],"neow_cost":"NONE","seed_source_timestamp":55080824739102,"circlet_count":0,"master_deck":["Strike_B+1","Defend_B","Defend_B+1","Defend_B+1","Zap+1","Dualcast","Reinforced Body+1","Skim","FTL","Rip and Tear","Core Surge","BootSequence","HandOfGreed","Auto Shields","Tempest","Echo Form","Hologram+1","Skim","Chill+1","FTL+1","Conserve Battery+1"],"special_seed":0,"relics":["Fusion Hammer","Art of War","Potion Belt","Odd Mushroom","Philosopher\u0027s Stone","Red Mask","War Paint","Bag of Preparation","Prayer Wheel","Nuclear Battery","Strawberry","Bag of Marbles","PreservedInsect","Question Card"],"potions_floor_usage":[50,50],"damage_taken":[{"damage":1.0,"enemies":"Jaw Worm","floor":1.0,"turns":4.0},{"damage":1.0,"enemies":"2 Louse","floor":4.0,"turns":2.0},{"damage":0.0,"enemies":"Small Slimes","floor":7.0,"turns":2.0},{"damage":5.0,"enemies":"Exordium Thugs","floor":8.0,"turns":4.0},{"damage":0.0,"enemies":"The Mushroom Lair","floor":12.0,"turns":4.0},{"damage":10.0,"enemies":"The Guardian","floor":16.0,"turns":11.0},{"damage":4.0,"enemies":"Spheric Guardian","floor":18.0,"turns":4.0},{"damage":3.0,"enemies":"3 Byrds","floor":20.0,"turns":4.0},{"damage":2.0,"enemies":"3 Cultists","floor":21.0,"turns":4.0},{"damage":9.0,"enemies":"Masked Bandits","floor":22.0,"turns":4.0},{"damage":18.0,"enemies":"Cultist and Chosen","floor":27.0,"turns":5.0},{"damage":0.0,"enemies":"Snake Plant","floor":28.0,"turns":3.0},{"damage":15.0,"enemies":"Automaton","floor":33.0,"turns":14.0},{"damage":0.0,"enemies":"Orb Walker","floor":35.0,"turns":3.0},{"damage":19.0,"enemies":"3 Darklings","floor":37.0,"turns":7.0},{"damage":4.0,"enemies":"4 Shapes","floor":38.0,"turns":5.0},{"damage":23.0,"enemies":"Jaw Worm Horde","floor":39.0,"turns":4.0},{"damage":16.0,"enemies":"Nemesis","floor":41.0,"turns":9.0},{"damage":2.0,"enemies":"3 Darklings","floor":44.0,"turns":5.0},{"damage":24.0,"enemies":"Giant Head","floor":48.0,"turns":9.0},{"damage":6,"enemies":"Awakened One","floor":50,"turns":21}],"seed_played":"2629552997625266221","potions_obtained":[{"floor":4.0,"key":"Fire Potion"},{"floor":7.0,"key":"LiquidBronze"},{"floor":12.0,"key":"SpeedPotion"},{"floor":13.0,"key":"Dexterity Potion"},{"floor":13.0,"key":"Fire Potion"},{"floor":13.0,"key":"SpeedPotion"},{"floor":20.0,"key":"Explosive Potion"},{"floor":21.0,"key":"FearPotion"},{"floor":22.0,"key":"Poison Potion"},{"floor":35.0,"key":"Regen Potion"},{"floor":41.0,"key":"FearPotion"},{"floor":44.0,"key":"Ancient Potion"}],"is_trial":false,"path_per_floor":["M","?","?","M","T","R","M","M","T","R","?","?","?","$","R","B",null,"M","?","M","M","?","R","?","$","T","M","M","?","$","?","R","B",null,"M","$","M","M","M","R","E","R","T","M","?","?","$","E","R","B",null],"character_chosen":"DEFECT","items_purchased":["War Paint","HandOfGreed","Skim"],"campfire_rested":7,"item_purchase_floors":[25,25,36],"current_hp_per_floor":[74,59,52,51,51,73,73,68,68,75,75,75,75,75,75,65,75,71,57,54,52,43,67,90,90,90,72,72,72,72,72,90,75,90,90,90,71,67,44,71,62,91,91,89,89,89,89,77,97,91],"gold":356,"neow_bonus":"BOSS_RELIC","is_prod":false,"is_daily":false,"chose_seed":false,"campfire_upgraded":0,"win_rate":0,"timestamp":1551107833,"path_taken":["M","?","?","M","?","R","?","M","T","R","?","?","?","$","R","BOSS","M","?","M","M","?","R","?","$","T","M","?","?","?","?","R","BOSS","M","?","M","M","M","R","E","R","T","M","?","?","$","E","R","BOSS"],"build_version":"2019-01-23","purchased_purges":2,"victory":true,"max_hp_per_floor":[75,75,75,75,75,75,75,75,75,75,75,75,75,75,75,75,75,75,80,80,80,80,80,90,90,90,90,90,90,90,90,90,90,90,90,90,90,90,90,90,97,97,97,97,97,97,97,97,97,97],"card_choices":[{"not_picked":["Go for the Eyes","Hologram"],"picked":"Reinforced Body","floor":1.0},{"not_picked":["Force Field","Darkness"],"picked":"Skim","floor":4.0},{"not_picked":["Compile Driver","Go for the Eyes"],"picked":"FTL","floor":7.0},{"not_picked":["Double Energy","Heatsinks"],"picked":"Rip and Tear","floor":8.0},{"not_picked":["Rebound","Heatsinks"],"picked":"Core Surge","floor":12.0},{"not_picked":["Buffer","Hyperbeam"],"picked":"Core Surge","floor":16.0},{"not_picked":["Ball Lightning","Redo+1"],"picked":"BootSequence","floor":18.0},{"not_picked":["Sweeping Beam+1","Redo","Sunder"],"picked":"SKIP","floor":20.0},{"not_picked":["Double Energy","Barrage","Steam Power"],"picked":"SKIP","floor":21.0},{"not_picked":["Glacier","Lockon","Rainbow"],"picked":"SKIP","floor":27.0},{"not_picked":["Cold Snap","Stack+1"],"picked":"Auto Shields","floor":28.0},{"not_picked":["Machine Learning","Electrodynamics"],"picked":"Echo Form","floor":33.0},{"not_picked":["Double Energy","Ball Lightning+1"],"picked":"Hologram+1","floor":35.0},{"not_picked":["Coolheaded","Storm","Conserve Battery"],"picked":"SKIP","floor":35.0},{"not_picked":["Skim","Melter"],"picked":"Chill+1","floor":37.0},{"not_picked":["Rebound+1","Consume+1","Barrage"],"picked":"SKIP","floor":37.0},{"not_picked":["Lockon+1","Turbo+1","Chill"],"picked":"SKIP","floor":38.0},{"not_picked":["Sweeping Beam","Auto Shields+1","Go for the Eyes+1"],"picked":"SKIP","floor":38.0},{"not_picked":["Hello World+1","Stack+1","Compile Driver"],"picked":"SKIP","floor":39.0},{"not_picked":["Double Energy","Blizzard","Skim+1"],"picked":"SKIP","floor":39.0},{"not_picked":["Thunder Strike","Reprogram+1"],"picked":"FTL+1","floor":41.0},{"not_picked":["Go for the Eyes+1","Beam Cell"],"picked":"Conserve Battery+1","floor":44.0},{"not_picked":["Coolheaded","Hello World","Barrage+1"],"picked":"SKIP","floor":44.0},{"not_picked":["Blizzard","Creative AI","Force Field"],"picked":"SKIP","floor":48}],"player_experience":897344,"relics_obtained":[{"floor":5.0,"key":"Art of War"},{"floor":9.0,"key":"Potion Belt"},{"floor":12.0,"key":"Odd Mushroom"},{"floor":22.0,"key":"Red Mask"},{"floor":26.0,"key":"Bag of Preparation"},{"floor":41.0,"key":"Strawberry"},{"floor":43.0,"key":"Bag of Marbles"},{"floor":48,"key":"Question Card"}],"event_choices":[{"damage_healed":0.0,"max_hp_gain":0.0,"max_hp_loss":0.0,"gold_gain":0.0,"event_name":"Shining Light","player_choice":"Entered Light","floor":2.0,"gold_loss":0.0,"damage_taken":15.0,"cards_upgraded":["Defend_B","Strike_B"]},{"cards_removed":["Defend_B"],"damage_healed":0.0,"max_hp_gain":0.0,"max_hp_loss":0.0,"gold_gain":0.0,"event_name":"Golden Wing","player_choice":"Card Removal","floor":3.0,"gold_loss":0.0,"damage_taken":7.0},{"damage_healed":0.0,"max_hp_gain":0.0,"max_hp_loss":0.0,"gold_gain":0.0,"event_name":"Living Wall","player_choice":"Grow","floor":11.0,"gold_loss":0.0,"damage_taken":0.0,"cards_upgraded":["Reinforced Body"]},{"damage_healed":0.0,"max_hp_gain":0.0,"max_hp_loss":0.0,"gold_gain":0.0,"event_name":"Mushrooms","player_choice":"Fought Mushrooms","floor":12.0,"gold_loss":0.0,"damage_taken":0.0},{"damage_healed":0.0,"max_hp_gain":0.0,"max_hp_loss":0.0,"gold_gain":0.0,"event_name":"Lab","player_choice":"Got Potions","floor":13.0,"gold_loss":0.0,"damage_taken":0.0},{"damage_healed":0.0,"max_hp_gain":5.0,"max_hp_loss":0.0,"gold_gain":0.0,"event_name":"Forgotten Altar","player_choice":"Shed Blood","floor":19.0,"gold_loss":0.0,"damage_taken":19.0},{"damage_healed":0.0,"max_hp_gain":0.0,"max_hp_loss":0.0,"gold_gain":0.0,"event_name":"Masked Bandits","player_choice":"Fought Bandits","floor":22.0,"gold_loss":0.0,"damage_taken":0.0},{"cards_removed":["Core Surge"],"damage_healed":13.0,"max_hp_gain":10.0,"max_hp_loss":0.0,"gold_gain":0.0,"event_name":"Bonfire Elementals","player_choice":"Offered Rare","floor":24.0,"gold_loss":0.0,"damage_taken":0.0},{"damage_healed":0.0,"max_hp_gain":0.0,"max_hp_loss":0.0,"gold_gain":0.0,"event_name":"Addict","player_choice":"Obtained Relic","floor":29.0,"gold_loss":85.0,"damage_taken":0.0,"relics_obtained":["Prayer Wheel"]},{"damage_healed":0.0,"max_hp_gain":0.0,"max_hp_loss":0.0,"gold_gain":0.0,"cards_transformed":["Strike_B"],"event_name":"Transmorgrifier","player_choice":"Transformed","floor":31.0,"gold_loss":0.0,"damage_taken":0.0,"cards_obtained":["Tempest"]},{"damage_healed":0.0,"max_hp_gain":0.0,"max_hp_loss":0.0,"gold_gain":222.0,"event_name":"Tomb of Lord Red Mask","player_choice":"Wore Mask","floor":45.0,"gold_loss":0.0,"damage_taken":0.0},{"damage_healed":0.0,"max_hp_gain":0.0,"max_hp_loss":0.0,"gold_gain":0.0,"event_name":"WeMeetAgain","player_choice":"Paid Gold","floor":46.0,"gold_loss":66.0,"damage_taken":0.0,"relics_obtained":["PreservedInsect"]}],"is_beta":false,"boss_relics":[{"not_picked":["Eternal Feather","Empty Cage"],"picked":"Philosopher\u0027s Stone"},{"not_picked":["Velvet Choker","Cursed Key"],"picked":"Nuclear Battery"}],"items_purged_floors":[14,36],"is_endless":false,"potions_floor_spawned":[4,7,12,20,21,22,35,39,41,44],"ascension_level":0}