{"gold_per_floor":[109,129,145,165,175,175,175,200,200,229,261,273,285,307,319,408,420,452,480,511,402,414],"floor_reached":22,"playtime":949,"items_purged":[],"score":376,"play_id":"43f47881-0e5b-4772-8ec0-dd524417fef2","local_time":"20190402001510","is_ascension_mode":true,"campfire_choices":[{"data":"Fusion","floor":6,"key":"SMITH"},{"floor":12,"key":"REST"},{"data":"Go for the Eyes","floor":15,"key":"SMITH"}],"neow_cost":"NONE","seed_source_timestamp":332859823032100,"circlet_count":0,"master_deck":["AscendersBane","Strike_B","Strike_B","Strike_B","Strike_B","Defend_B","Defend_B","Defend_B","Defend_B","Zap","Dualcast","White Noise","Fusion+1","Electrodynamics","Go for the Eyes+1","Rip and Tear","Leap","Capacitor","Cold Snap","Compile Driver","Electrodynamics","BootSequence","Reinforced Body","Coolheaded"],"relics":["Cracked Core","Bag of Marbles","Bronze Scales","Odd Mushroom","MawBank","Philosopher\u0027s Stone","Dodecahedron"],"potions_floor_usage":[8,10,11,16,22],"damage_taken":[{"damage":0,"enemies":"Cultist","floor":1,"turns":3},{"damage":2,"enemies":"Jaw Worm","floor":2,"turns":3},{"damage":0,"enemies":"2 Louse","floor":3,"turns":2},{"damage":15,"enemies":"Large Slime","floor":4,"turns":4},{"damage":13,"enemies":"Red Slaver","floor":5,"turns":4},{"damage":10,"enemies":"3 Sentries","floor":8,"turns":4},{"damage":17,"enemies":"The Mushroom Lair","floor":10,"turns":3},{"damage":15,"enemies":"Lagavulin","floor":11,"turns":6},{"damage":12,"enemies":"Blue Slaver","floor":14,"turns":3},{"damage":6,"enemies":"Hexaghost","floor":16,"turns":7},{"damage":25,"enemies":"Spheric Guardian","floor":18,"turns":4},{"damage":16,"enemies":"Chosen","floor":19,"turns":4},{"damage":21,"enemies":"Centurion and Healer","floor":20,"turns":5},{"damage":6,"enemies":"Sentry and Sphere","floor":22,"turns":2}],"seed_played":"4527299292652251092","potions_obtained":[{"floor":1,"key":"FocusPotion"},{"floor":3,"key":"Explosive Potion"},{"floor":10,"key":"Weak Potion"},{"floor":11,"key":"FocusPotion"},{"floor":19,"key":"PowerPotion"}],"is_trial":false,"path_per_floor":["M","M","M","M","M","R","?","E","T","?","E","R","$","M","R","B",null,"M","M","M","?","M"],"character_chosen":"DEFECT","items_purchased":[],"campfire_rested":1,"item_purchase_floors":[],"current_hp_per_floor":[71,69,69,54,41,41,46,36,36,19,4,28,28,16,16,10,65,40,24,3,3,0],"gold":414,"neow_bonus":"TEN_PERCENT_HP_BONUS","is_prod":false,"is_daily":false,"chose_seed":false,"campfire_upgraded":2,"win_rate":0,"timestamp":1554189310,"path_taken":["M","M","?","M","?","R","?","E","T","?","E","R","$","M","R","BOSS","M","M","M","?","M"],"build_version":"2019-01-23","purchased_purges":0,"victory":false,"max_hp_per_floor":[78,78,78,78,78,78,83,83,83,83,83,83,83,83,83,83,83,83,83,83,83,83],"card_choices":[{"not_picked":["Turbo","Hologram"],"picked":"White Noise","floor":1},{"not_picked":["Stack","Darkness"],"picked":"Fusion","floor":2},{"not_picked":["Turbo","Steam Power"],"picked":"Electrodynamics","floor":3},{"not_picked":["Turbo","Scrape"],"picked":"Go for the Eyes","floor":4},{"not_picked":["Turbo","BootSequence"],"picked":"Rip and Tear","floor":5},{"not_picked":["Fission","Gash"],"picked":"Leap","floor":8},{"not_picked":["Stack","Rebound"],"picked":"Capacitor","floor":10},{"not_picked":["Steam Power","Compile Driver"],"picked":"Cold Snap","floor":11},{"not_picked":["Rebound","Gash"],"picked":"Compile Driver","floor":14},{"not_picked":["Hyperbeam","All For One"],"picked":"Electrodynamics","floor":16},{"not_picked":["Go for the Eyes","Coolheaded"],"picked":"BootSequence","floor":18},{"not_picked":["Turbo+1","Doom and Gloom"],"picked":"Reinforced Body","floor":19},{"not_picked":["Stack","Fusion"],"picked":"Coolheaded","floor":20}],"player_experience":448509,"relics_obtained":[{"floor":8,"key":"Bag of Marbles"},{"floor":9,"key":"Bronze Scales"},{"floor":10,"key":"Odd Mushroom"},{"floor":11,"key":"MawBank"}],"event_choices":[{"damage_healed":0,"gold_gain":0,"player_choice":"Donut","damage_taken":0,"max_hp_gain":5,"max_hp_loss":0,"event_name":"Big Fish","floor":7,"gold_loss":0},{"damage_healed":0,"gold_gain":0,"player_choice":"Fought Mushrooms","damage_taken":0,"max_hp_gain":0,"max_hp_loss":0,"event_name":"Mushrooms","floor":10,"gold_loss":0},{"damage_healed":0,"gold_gain":0,"player_choice":"Paid Gold","damage_taken":0,"relics_obtained":["Dodecahedron"],"max_hp_gain":0,"max_hp_loss":0,"event_name":"WeMeetAgain","floor":21,"gold_loss":121}],"is_beta":false,"boss_relics":[{"not_picked":["White Beast Statue","Astrolabe"],"picked":"Philosopher\u0027s Stone"}],"items_purged_floors":[],"is_endless":false,"potions_floor_spawned":[1,3,4,10,11,19],"killed_by":"Sentry and Sphere","ascension_level":18}