{"gold_per_floor":[114,114,189,154,168,168,197,197,248,248,5,5,76,95,95,192,192,207,220,220,238,238],"floor_reached":22,"playtime":389,"items_purged":[],"score":279,"play_id":"fc0cc438-f45f-450b-8247-fd97e4077d1b","local_time":"20190425015224","is_ascension_mode":true,"campfire_choices":[{"data":"Bash","floor":6,"key":"SMITH"},{"data":"Iron Wave","floor":8,"key":"SMITH"},{"data":"Clash","floor":10,"key":"SMITH"},{"data":"Rage","floor":15,"key":"SMITH"}],"neow_cost":"NONE","seed_source_timestamp":744176871013429,"circlet_count":0,"master_deck":["Strike_R","Strike_R+1","Strike_R","Strike_R","Strike_R","Defend_R","Defend_R","Defend_R","Defend_R","Bash+1","Clothesline+1","Clash+1","Iron Wave+1","Armaments+1","Rage+1","Barricade+1","Sword Boomerang+1","Thunderclap+1","Spot Weakness"],"relics":["Burning Blood","NeowsBlessing","Pen Nib","Juzu Bracelet","Brimstone","Runic Dome"],"potions_floor_usage":[],"damage_taken":[{"damage":0,"enemies":"Jaw Worm","floor":1,"turns":1},{"damage":0,"enemies":"2 Louse","floor":5,"turns":1},{"damage":0,"enemies":"Gremlin Nob","floor":7,"turns":1},{"damage":0,"enemies":"Cultist","floor":14,"turns":2},{"damage":38,"enemies":"Hexaghost","floor":16,"turns":6},{"damage":8,"enemies":"Spheric Guardian","floor":18,"turns":3},{"damage":16,"enemies":"Shell Parasite","floor":19,"turns":3},{"damage":38,"enemies":"Centurion and Healer","floor":21,"turns":4},{"damage":38,"enemies":"Snecko","floor":22,"turns":4}],"seed_played":"6519678009850588175","potions_obtained":[{"floor":16,"key":"EssenceOfSteel"},{"floor":18,"key":"AttackPotion"}],"is_trial":false,"path_per_floor":["M","?","?","?","M","R","E","R","T","R","$","?","?","M","R","B",null,"M","M","?","M","M"],"character_chosen":"IRONCLAD","items_purchased":["Brimstone","Armaments"],"campfire_rested":0,"item_purchase_floors":[11,11],"current_hp_per_floor":[78,62,51,71,77,77,80,80,80,80,80,80,80,80,80,48,72,70,60,60,28,0],"gold":238,"neow_bonus":"THREE_ENEMY_KILL","is_prod":false,"is_daily":false,"chose_seed":false,"campfire_upgraded":4,"win_rate":0,"timestamp":1556128344,"path_taken":["M","?","?","?","M","R","E","R","T","R","$","?","?","M","R","BOSS","M","M","?","M","M"],"build_version":"2019-01-23","purchased_purges":0,"victory":false,"max_hp_per_floor":[80,80,80,80,80,80,80,80,80,80,80,80,80,80,80,80,80,80,80,80,80,80],"card_choices":[{"not_picked":["Heavy Blade","Rupture"],"picked":"Clothesline","floor":1},{"not_picked":["Infernal Blade","Headbutt"],"picked":"Clash","floor":5},{"not_picked":["Havoc","Twin Strike"],"picked":"Iron Wave","floor":7},{"not_picked":["Anger","Disarm"],"picked":"Rage","floor":14},{"not_picked":["Berserk","Immolate"],"picked":"Barricade","floor":16},{"not_picked":["Headbutt","Iron Wave"],"picked":"Sword Boomerang+1","floor":18},{"not_picked":["Uppercut","Spot Weakness+1"],"picked":"Thunderclap+1","floor":19},{"not_picked":["Corruption","Infernal Blade"],"picked":"Spot Weakness","floor":21}],"player_experience":247480,"relics_obtained":[{"floor":7,"key":"Pen Nib"},{"floor":9,"key":"Juzu Bracelet"}],"event_choices":[{"damage_healed":0,"gold_gain":0,"player_choice":"Entered Light","damage_taken":16,"max_hp_gain":0,"max_hp_loss":0,"event_name":"Shining Light","floor":2,"gold_loss":0,"cards_upgraded":["Strike_R","Clothesline"]},{"damage_healed":0,"gold_gain":75,"player_choice":"Gather Gold","damage_taken":11,"max_hp_gain":0,"max_hp_loss":0,"event_name":"World of Goop","floor":3,"gold_loss":0},{"damage_healed":20,"gold_gain":0,"player_choice":"Healed","damage_taken":0,"max_hp_gain":0,"max_hp_loss":0,"event_name":"The Cleric","floor":4,"gold_loss":35},{"damage_healed":0,"gold_gain":0,"player_choice":"Forge","damage_taken":0,"max_hp_gain":0,"max_hp_loss":0,"event_name":"Accursed Blacksmith","floor":12,"gold_loss":0,"cards_upgraded":["Armaments"]},{"damage_healed":0,"gold_gain":71,"player_choice":"Gained Gold","damage_taken":0,"max_hp_gain":0,"max_hp_loss":0,"event_name":"Golden Wing","floor":13,"gold_loss":0},{"damage_healed":0,"gold_gain":0,"player_choice":"Upgraded","damage_taken":0,"max_hp_gain":0,"max_hp_loss":0,"event_name":"Upgrade Shrine","floor":20,"gold_loss":0,"cards_upgraded":["Barricade"]}],"is_beta":false,"boss_relics":[{"not_picked":["Pandora\u0027s Box","Runic Pyramid"],"picked":"Runic Dome"}],"items_purged_floors":[],"is_endless":false,"potions_floor_spawned":[16,18],"killed_by":"Snecko","ascension_level":7}