{"gold_per_floor":[118,68,78,98,23,57,57,76,103,129,152,187,209,239,251,368,380,411,440,467,479,504,516],"floor_reached":23,"playtime":2243,"items_purged":["Strike_G"],"score":280,"play_id":"bf7adc8c-38d9-4d3f-936c-3750fa8c8b9a","local_time":"20190110005819","is_ascension_mode":true,"campfire_choices":[{"data":"Neutralize","floor":7.0,"key":"SMITH"},{"floor":15.0,"key":"REST"}],"neow_cost":"NONE","seed_source_timestamp":0,"circlet_count":0,"master_deck":["Defend_G","Defend_G","Defend_G","Defend_G","Defend_G","Survivor","Neutralize+1","Poisoned Stab","Dagger Throw","Quick Slash","Poisoned Stab","Venomology","Flying Knee","Catalyst","Dodge and Roll","Escape Plan","Noxious Fumes","Adrenaline","Escape Plan","Sucker Punch+1","Cloak And Dagger+1","Bite","Bite","Bite","Bite","Bite","A Thousand Cuts"],"special_seed":0,"relics":["Ring of the Snake","Boot","Pen Nib","MawBank","Odd Mushroom","White Beast Statue"],"potions_floor_usage":[18,19,19,20,20,22,23,23,23,23],"damage_taken":[{"damage":7.0,"enemies":"Small Slimes","floor":1.0,"turns":5.0},{"damage":0.0,"enemies":"2 Louse","floor":3.0,"turns":2.0},{"damage":0.0,"enemies":"Jaw Worm","floor":4.0,"turns":3.0},{"damage":37.0,"enemies":"Lagavulin","floor":6.0,"turns":7.0},{"damage":0.0,"enemies":"2 Fungi Beasts","floor":8.0,"turns":4.0},{"damage":0.0,"enemies":"Gremlin Nob","floor":10.0,"turns":2.0},{"damage":7.0,"enemies":"Large Slime","floor":11.0,"turns":6.0},{"damage":0.0,"enemies":"The Mushroom Lair","floor":12.0,"turns":4.0},{"damage":5.0,"enemies":"Exordium Wildlife","floor":13.0,"turns":4.0},{"damage":9.0,"enemies":"Exordium Thugs","floor":14.0,"turns":4.0},{"damage":19.0,"enemies":"The Guardian","floor":16.0,"turns":9.0},{"damage":26,"enemies":"2 Thieves","floor":18,"turns":4},{"damage":4,"enemies":"Shell Parasite","floor":19,"turns":7},{"damage":12,"enemies":"Sentry and Sphere","floor":20,"turns":8},{"damage":9,"enemies":"Snake Plant","floor":22,"turns":5},{"damage":41,"enemies":"Book of Stabbing","floor":23,"turns":7}],"seed_played":"1829255440348126244","potions_obtained":[{"floor":3.0,"key":"Ancient Potion"},{"floor":6.0,"key":"PowerPotion"},{"floor":11.0,"key":"Strength Potion"},{"floor":14.0,"key":"Fire Potion"},{"floor":16.0,"key":"Swift Potion"},{"floor":19,"key":"GamblersBrew"},{"floor":20,"key":"Swift Potion"},{"floor":22,"key":"Fruit Juice"}],"is_trial":false,"path_per_floor":["M","?","M","M","$","E","R","M","T","E","M","?","M","M","R","B",null,"M","M","M","?","M","E"],"character_chosen":"THE_SILENT","items_purchased":[],"campfire_rested":1,"item_purchase_floors":[],"current_hp_per_floor":[63,63,63,63,63,26,26,26,26,26,19,19,14,5,26,7,70,44,40,28,28,27,0],"gold":516,"neow_bonus":"REMOVE_CARD","is_prod":false,"is_daily":false,"chose_seed":false,"campfire_upgraded":1,"win_rate":0,"timestamp":1547053099,"path_taken":["M","?","M","M","$","E","R","M","T","E","M","?","M","M","R","BOSS","M","M","M","?","M","E"],"build_version":"2019-01-03v4","purchased_purges":1,"victory":false,"max_hp_per_floor":[70,70,70,70,70,70,70,70,70,70,70,70,70,70,70,70,70,70,70,70,49,49,54],"card_choices":[{"not_picked":["Underhanded Strike","Sucker Punch"],"picked":"Poisoned Stab","floor":1.0},{"not_picked":["All Out Attack","Underhanded Strike"],"picked":"Dagger Throw","floor":3.0},{"not_picked":["Prepared","Sucker Punch"],"picked":"Quick Slash","floor":4.0},{"not_picked":["Dagger Throw","Eviscerate"],"picked":"Poisoned Stab","floor":6.0},{"not_picked":["All Out Attack","Backflip"],"picked":"Venomology","floor":8.0},{"not_picked":["PiercingWail","Backflip"],"picked":"Flying Knee","floor":10.0},{"not_picked":["Slice","Cloak And Dagger"],"picked":"Catalyst","floor":11.0},{"not_picked":["Calculated Gamble","Slice"],"picked":"Dodge and Roll","floor":12.0},{"not_picked":["Calculated Gamble","Dagger Spray"],"picked":"Escape Plan","floor":13.0},{"not_picked":["Reflex","Heel Hook"],"picked":"Noxious Fumes","floor":14.0},{"not_picked":["Grand Finale","After Image"],"picked":"Adrenaline","floor":16.0},{"not_picked":["Underhanded Strike","Eviscerate"],"picked":"Escape Plan","floor":18},{"not_picked":["Infinite Blades","Finisher"],"picked":"Sucker Punch+1","floor":19},{"not_picked":["Sucker Punch","Acrobatics"],"picked":"Cloak And Dagger+1","floor":20},{"not_picked":["Distraction","Riddle With Holes"],"picked":"A Thousand Cuts","floor":22}],"player_experience":112479,"relics_obtained":[{"floor":6.0,"key":"Boot"},{"floor":9.0,"key":"Pen Nib"},{"floor":10.0,"key":"MawBank"},{"floor":12.0,"key":"Odd Mushroom"}],"event_choices":[{"cards_removed":["Strike_G"],"damage_healed":0.0,"max_hp_gain":0.0,"max_hp_loss":0.0,"gold_gain":0.0,"event_name":"The Cleric","player_choice":"Card Removal","floor":2.0,"gold_loss":50.0,"damage_taken":0.0},{"damage_healed":0.0,"max_hp_gain":0.0,"max_hp_loss":0.0,"gold_gain":0.0,"event_name":"Mushrooms","player_choice":"Fought Mushrooms","floor":12.0,"gold_loss":0.0,"damage_taken":0.0},{"damage_healed":0,"gold_gain":0,"player_choice":"Became a vampire","damage_taken":0,"max_hp_gain":0,"max_hp_loss":21,"event_name":"Vampires","floor":21,"gold_loss":0,"cards_obtained":["Bite","Bite","Bite","Bite","Bite"]}],"is_beta":false,"boss_relics":[{"not_picked":["Calling Bell","Tiny House"],"picked":"White Beast Statue"}],"items_purged_floors":[5],"is_endless":false,"potions_floor_spawned":[3,6,11,14,16,18,19,20,22],"killed_by":"Book of Stabbing","ascension_level":2}