{"gold_per_floor":[112,130,142,142,156,156,171,191,191,191,191,204,244,244,244,244],"floor_reached":16,"playtime":859,"items_purged":[],"score":104,"play_id":"b30a5dae-dee3-490f-a823-04b821218ec8","local_time":"20190104014804","is_ascension_mode":false,"campfire_choices":[{"data":"Dagger Spray","floor":6,"key":"SMITH"},{"data":"Tactician","floor":10,"key":"SMITH"},{"floor":15,"key":"REST"}],"neow_cost":"NONE","seed_source_timestamp":17816004110224,"circlet_count":0,"master_deck":["Defend_G","Defend_G","Defend_G","Defend_G","Strike_G","Strike_G","Strike_G","Strike_G","Strike_G","Survivor","Neutralize","Wraith Form v2","Quick Slash","Quick Slash","Dagger Spray+1","Flying Knee","Tactician+1","Heel Hook","All Out Attack","Predator","Dagger Spray+1"],"relics":["Ring of the Snake","Golden Idol","Boot","Mercury Hourglass"],"potions_floor_usage":[16],"damage_taken":[{"damage":0,"enemies":"Cultist","floor":1,"turns":6},{"damage":3,"enemies":"Small Slimes","floor":2,"turns":3},{"damage":0,"enemies":"2 Louse","floor":3,"turns":2},{"damage":5,"enemies":"Lots of Slimes","floor":5,"turns":2},{"damage":0,"enemies":"Blue Slaver","floor":7,"turns":4},{"damage":0,"enemies":"3 Louse","floor":8,"turns":2},{"damage":9,"enemies":"Gremlin Gang","floor":12,"turns":3},{"damage":19,"enemies":"Gremlin Nob","floor":13,"turns":6},{"damage":40,"enemies":"Hexaghost","floor":16,"turns":9}],"seed_played":"-1847549596748195510","potions_obtained":[{"floor":3,"key":"Ancient Potion"},{"floor":8,"key":"Dexterity Potion"},{"floor":12,"key":"Explosive Potion"},{"floor":13,"key":"Fire Potion"}],"is_trial":false,"path_per_floor":["M","M","M","?","M","R","M","M","T","R","?","M","E","?","R","B"],"character_chosen":"THE_SILENT","items_purchased":[],"campfire_rested":1,"item_purchase_floors":[],"current_hp_per_floor":[70,67,67,50,45,45,45,45,45,45,45,36,17,17,38,0],"gold":244,"neow_bonus":"ONE_RANDOM_RARE_CARD","is_prod":false,"is_daily":false,"chose_seed":false,"campfire_upgraded":2,"win_rate":0.0,"timestamp":1546537684,"path_taken":["M","M","M","?","M","R","M","M","T","R","?","?","E","?","R","BOSS"],"build_version":"2018-12-20","purchased_purges":0,"victory":false,"max_hp_per_floor":[70,70,70,70,70,70,70,70,70,70,70,70,70,70,70,70],"card_choices":[{"not_picked":["Flying Knee","Riddle With Holes"],"picked":"Quick Slash","floor":1},{"not_picked":["Crippling Poison","Acrobatics"],"picked":"Quick Slash","floor":2},{"not_picked":["Poisoned Stab","Slice"],"picked":"Dagger Spray","floor":3},{"not_picked":["Outmaneuver","Skewer"],"picked":"Flying Knee","floor":5},{"not_picked":["Bullet Time","Calculated Gamble"],"picked":"Tactician","floor":7},{"not_picked":["Dagger Throw","Bane"],"picked":"Heel Hook","floor":8},{"not_picked":["Infinite Blades","Outmaneuver"],"picked":"Predator","floor":12},{"not_picked":["Flying Knee","PiercingWail"],"picked":"Dagger Spray","floor":13}],"player_experience":16199,"relics_obtained":[{"floor":9,"key":"Boot"},{"floor":13,"key":"Mercury Hourglass"}],"event_choices":[{"damage_healed":0,"gold_gain":0,"player_choice":"Take Damage","damage_taken":17,"relics_obtained":["Golden Idol"],"max_hp_gain":0,"max_hp_loss":0,"event_name":"Golden Idol","floor":4,"gold_loss":0},{"damage_healed":0,"gold_gain":0,"cards_transformed":["Defend_G"],"player_choice":"Transformed","damage_taken":0,"max_hp_gain":0,"max_hp_loss":0,"event_name":"Transmorgrifier","floor":11,"gold_loss":0,"cards_obtained":["All Out Attack"]},{"damage_healed":0,"gold_gain":0,"player_choice":"Upgraded","damage_taken":0,"max_hp_gain":0,"max_hp_loss":0,"event_name":"Upgrade Shrine","floor":14,"gold_loss":0,"cards_upgraded":["Dagger Spray"]}],"is_beta":false,"boss_relics":[],"items_purged_floors":[],"is_endless":false,"potions_floor_spawned":[3,8,12,13],"killed_by":"Hexaghost","ascension_level":0}