{"gold_per_floor":[115,115,115,115,129,129,147,170,170,213,226,226,247,278,278,406,469,488,512,512,528,548,548,583,147,147,72,72,72,82,105,105,224,224,249,270,293,100,100,144,144,144,191,191,211,63,63,79,79,79],"floor_reached":50,"playtime":3914,"items_purged":[],"score":579,"play_id":"a84e6811-dcec-4bfe-9a8e-34329b2e9f54","local_time":"20190103034757","is_ascension_mode":false,"campfire_choices":[{"data":"Bash","floor":6.0,"key":"SMITH"},{"data":"Feed","floor":15.0,"key":"SMITH"},{"data":"RitualDagger","floor":23.0,"key":"SMITH"},{"floor":29.0,"key":"REST"},{"data":"Double Tap","floor":32,"key":"SMITH"},{"floor":42,"key":"REST"},{"data":"Madness","floor":44,"key":"SMITH"},{"floor":49,"key":"REST"}],"neow_cost":"NONE","seed_source_timestamp":0,"circlet_count":0,"master_deck":["Strike_R+1","Strike_R","Strike_R","Strike_R","Strike_R","Defend_R","Defend_R+1","Defend_R+1","Bash+1","Anger+1","Clash","Headbutt","Rampage+1","Dropkick","Warcry","Feed+1","Headbutt","Double Tap+1","Anger","Warcry+1","RitualDagger+1","Flame Barrier+1","Headbutt","Feed","Madness+1","Iron Wave","Burning Pact","Double Tap+1","Pommel Strike+1","Perfected Strike","Shockwave+1","Cleave","Perfected Strike+1","Perfected Strike+1","Madness","Madness","Clash","Body Slam+1"],"special_seed":0,"relics":["Burning Blood","War Paint","Golden Idol","Mango","Gambling Chip","Oddly Smooth Stone","Tiny House","Lantern","Pen Nib","Bag of Marbles","Blood Vial","Dodecahedron","Philosopher\u0027s Stone","Centennial Puzzle","Juzu Bracelet","Anchor","Dream Catcher"],"potions_floor_usage":[33,50,50],"damage_taken":[{"damage":0.0,"enemies":"Small Slimes","floor":1.0,"turns":3.0},{"damage":0.0,"enemies":"2 Louse","floor":5.0,"turns":4.0},{"damage":0.0,"enemies":"Cultist","floor":7.0,"turns":3.0},{"damage":2.0,"enemies":"Looter","floor":8.0,"turns":2.0},{"damage":15.0,"enemies":"Lagavulin","floor":10.0,"turns":4.0},{"damage":7.0,"enemies":"Blue Slaver","floor":11.0,"turns":3.0},{"damage":0.0,"enemies":"3 Louse","floor":13.0,"turns":2.0},{"damage":14.0,"enemies":"3 Sentries","floor":14.0,"turns":7.0},{"damage":78.0,"enemies":"The Guardian","floor":16.0,"turns":10.0},{"damage":0.0,"enemies":"Spheric Guardian","floor":18.0,"turns":2.0},{"damage":12.0,"enemies":"Shell Parasite","floor":19.0,"turns":3.0},{"damage":20.0,"enemies":"Snecko","floor":21.0,"turns":4.0},{"damage":21.0,"enemies":"3 Cultists","floor":22.0,"turns":5.0},{"damage":34.0,"enemies":"Book of Stabbing","floor":24.0,"turns":4.0},{"damage":10.0,"enemies":"Chosen and Byrds","floor":30.0,"turns":5.0},{"damage":10,"enemies":"Chosen and Byrds","floor":31,"turns":3},{"damage":72,"enemies":"Collector","floor":33,"turns":8},{"damage":11,"enemies":"Orb Walker","floor":35,"turns":2},{"damage":29,"enemies":"3 Darklings","floor":36,"turns":5},{"damage":41,"enemies":"Transient","floor":37,"turns":5},{"damage":33,"enemies":"Nemesis","floor":40,"turns":5},{"damage":0,"enemies":"Jaw Worm Horde","floor":45,"turns":3},{"damage":11,"enemies":"Sphere and 2 Shapes","floor":48,"turns":3},{"damage":115,"enemies":"Awakened One","floor":50,"turns":7}],"seed_played":"-6117348085497209718","potions_obtained":[{"floor":8.0,"key":"Regen Potion"},{"floor":10.0,"key":"Fire Potion"},{"floor":11.0,"key":"Poison Potion"},{"floor":13.0,"key":"Regen Potion"},{"floor":14.0,"key":"Poison Potion"},{"floor":19.0,"key":"PowerPotion"},{"floor":35,"key":"LiquidBronze"},{"floor":45,"key":"Swift Potion"},{"floor":48,"key":"FearPotion"}],"is_trial":false,"path_per_floor":["M","?","?","?","M","R","M","M","T","E","M","?","M","E","R","B",null,"M","M","?","M","M","R","E","$","T","?","?","R","M","T","M","R","B",null,"M","M","M","$","?","E","?","R","T","R","M","$","?","M","R","B"],"character_chosen":"IRONCLAD","items_purchased":["Madness","Iron Wave","Pen Nib","Bag of Marbles","Cleave","Centennial Puzzle","Dream Catcher"],"campfire_rested":3,"item_purchase_floors":[25,25,25,25,38,38,46],"current_hp_per_floor":[80,80,60,60,66,66,72,76,90,81,80,80,86,95,95,23,102,102,100,94,80,69,69,46,46,46,46,46,79,81,83,83,19,118,113,92,59,59,59,34,34,69,69,69,81,81,66,67,104,0],"gold":79,"neow_bonus":"RANDOM_COMMON_RELIC","is_prod":false,"is_daily":false,"chose_seed":false,"campfire_upgraded":5,"win_rate":0.0,"timestamp":1546458477,"path_taken":["M","?","?","?","M","R","M","M","T","E","M","?","M","E","R","BOSS","M","?","?","M","M","R","E","$","T","?","?","R","?","M","R","BOSS","M","M","?","$","?","E","?","R","T","R","M","$","?","M","R","BOSS"],"build_version":"2018-12-20","purchased_purges":0,"victory":false,"max_hp_per_floor":[80,80,80,80,80,80,80,80,94,94,94,94,94,97,97,97,102,102,106,106,106,110,110,110,110,110,110,110,110,114,118,118,118,118,118,118,118,118,118,118,118,118,118,118,122,122,122,126,126,126],"card_choices":[{"not_picked":["Body Slam","Cleave"],"picked":"Anger","floor":1.0},{"not_picked":["Pommel Strike","Flex"],"picked":"Clash","floor":5.0},{"not_picked":["Battle Trance","Cleave"],"picked":"Headbutt","floor":7.0},{"not_picked":["Headbutt","Clothesline"],"picked":"Rampage","floor":8.0},{"not_picked":["Iron Wave","Armaments"],"picked":"Dropkick","floor":10.0},{"not_picked":["Corruption","Entrench"],"picked":"Warcry","floor":11.0},{"not_picked":["Clash","Flex"],"picked":"Feed","floor":13.0},{"not_picked":["Rampage","Ghostly Armor"],"picked":"Headbutt","floor":14.0},{"not_picked":["Demon Form","Dark Embrace"],"picked":"Double Tap","floor":16.0},{"not_picked":["Sword Boomerang","Battle Trance"],"picked":"Anger","floor":17.0},{"not_picked":["Body Slam+1","Pommel Strike"],"picked":"Warcry+1","floor":18.0},{"not_picked":["Ghostly Armor+1","Anger"],"picked":"Inflame","floor":19.0},{"not_picked":["Power Through","Dropkick"],"picked":"Flame Barrier+1","floor":21.0},{"not_picked":["Armaments+1","Flex+1"],"picked":"Headbutt","floor":22.0},{"not_picked":["Entrench","Warcry"],"picked":"Feed","floor":24.0},{"not_picked":["Disarm","Entrench"],"picked":"Burning Pact","floor":31},{"not_picked":["Dark Embrace","Bludgeon"],"picked":"Double Tap","floor":33},{"not_picked":["Shrug It Off","Body Slam"],"picked":"Pommel Strike+1","floor":35},{"not_picked":["Twin Strike","Clothesline+1"],"picked":"Perfected Strike","floor":36},{"not_picked":["Hemokinesis","True Grit"],"picked":"Shockwave+1","floor":37},{"not_picked":["Cleave+1","Seeing Red+1"],"picked":"Perfected Strike+1","floor":40},{"not_picked":["Pommel Strike+1","Rupture+1"],"picked":"Perfected Strike+1","floor":45},{"not_picked":["Armaments+1","Clothesline+1"],"picked":"Clash","floor":48},{"not_picked":["Flex+1","Dark Embrace"],"picked":"Body Slam+1","floor":49}],"player_experience":5661,"relics_obtained":[{"floor":9.0,"key":"Mango"},{"floor":10.0,"key":"Gambling Chip"},{"floor":14.0,"key":"Oddly Smooth Stone"},{"floor":24.0,"key":"Lantern"},{"floor":26.0,"key":"Blood Vial"},{"floor":30,"key":"Dodecahedron"},{"floor":40,"key":"Juzu Bracelet"},{"floor":43,"key":"Anchor"}],"event_choices":[{"damage_healed":0.0,"max_hp_gain":0.0,"max_hp_loss":0.0,"gold_gain":0.0,"event_name":"Living Wall","player_choice":"Grow","floor":2.0,"gold_loss":0.0,"damage_taken":0.0,"cards_upgraded":["Anger"]},{"damage_healed":0.0,"max_hp_gain":0.0,"max_hp_loss":0.0,"gold_gain":0.0,"event_name":"Golden Idol","player_choice":"Take Damage","floor":3.0,"gold_loss":0.0,"damage_taken":20.0,"relics_obtained":["Golden Idol"]},{"damage_healed":0.0,"max_hp_gain":0.0,"max_hp_loss":0.0,"gold_gain":0.0,"event_name":"Liars Game","player_choice":"Ignored","floor":4.0,"gold_loss":0.0,"damage_taken":0.0},{"damage_healed":0.0,"max_hp_gain":0.0,"max_hp_loss":0.0,"gold_gain":0.0,"event_name":"Accursed Blacksmith","player_choice":"Forge","floor":12.0,"gold_loss":0.0,"damage_taken":0.0,"cards_upgraded":["Rampage"]},{"damage_healed":0.0,"max_hp_gain":0.0,"max_hp_loss":0.0,"gold_gain":0.0,"event_name":"Nest","player_choice":"Joined the Cult","floor":20.0,"gold_loss":0.0,"damage_taken":6.0,"cards_obtained":["RitualDagger"]},{"cards_removed":["Defend_R"],"damage_healed":0.0,"max_hp_gain":0.0,"max_hp_loss":0.0,"gold_gain":0.0,"event_name":"Beggar","player_choice":"Gave Gold","floor":27.0,"gold_loss":75.0,"damage_taken":0.0},{"damage_healed":0,"gold_gain":0,"player_choice":"Upgraded","damage_taken":0,"max_hp_gain":0,"max_hp_loss":0,"event_name":"Upgrade Shrine","floor":39,"gold_loss":0,"cards_upgraded":["Double Tap"]},{"cards_removed":["Inflame"],"damage_healed":0,"gold_gain":0,"player_choice":"Removed Power","damage_taken":0,"max_hp_gain":0,"max_hp_loss":0,"event_name":"Falling","floor":41,"gold_loss":0},{"damage_healed":0,"gold_gain":0,"player_choice":"Embrace Madness","damage_taken":15,"max_hp_gain":0,"max_hp_loss":0,"event_name":"Winding Halls","floor":47,"gold_loss":0,"cards_obtained":["Madness","Madness"]}],"is_beta":false,"boss_relics":[{"not_picked":["Orrery","Fusion Hammer"],"picked":"Tiny House"},{"not_picked":["Sozu","Cursed Key"],"picked":"Philosopher\u0027s Stone"}],"items_purged_floors":[],"is_endless":false,"potions_floor_spawned":[8,10,11,13,14,19,21,35,45,48],"killed_by":"Awakened One","ascension_level":0}