{"gold_per_floor":[116,41,41,41,116,147,147,147,147,172,72,91,114,114,114,244,244,260,239,114,133,153,153,172,172,172,22,22,22,22,46,46,169,169,190,315,315,315,328,328,0,0,27,46,46,61,92,113,113,113],"floor_reached":51,"playtime":3075,"items_purged":["Strike_B","Strike_B","Strike_B","Shame","Zap+1"],"score":800,"play_id":"4009a6a3-9f99-42b5-b960-9cf98324f5ff","local_time":"20181119012635","is_ascension_mode":false,"campfire_choices":[{"data":"Redo","floor":8,"key":"SMITH"},{"floor":15,"key":"REST"},{"floor":23,"key":"REST"},{"floor":25,"key":"REST"},{"data":"Defragment","floor":29,"key":"SMITH"},{"floor":32,"key":"REST"},{"data":"Loop","floor":40,"key":"SMITH"},{"data":"Darkness","floor":42,"key":"SMITH"},{"floor":45,"key":"REST"},{"floor":49,"key":"REST"}],"neow_cost":"NONE","seed_source_timestamp":48788785283505,"circlet_count":0,"master_deck":["Defend_B+1","Defend_B+1","Dualcast","Redo+1","Rebound","Echo Form+1","Hologram+1","White Noise+1","Loop+1","Defragment+1","Darkness+1","Seek","Writhe","BootSequence+1","Force Field+1"],"relics":["FrozenCore","NeowsBlessing","Golden Idol","Bronze Scales","Sundial","Cursed Key","Dream Catcher","Ginger","War Paint","Strawberry","Bag of Preparation"],"potions_floor_usage":[16,24,31,44,47,50,50,50,50,50],"damage_taken":[{"damage":0,"enemies":"2 Louse","floor":1,"turns":1},{"damage":0,"enemies":"3 Sentries","floor":6,"turns":1},{"damage":0,"enemies":"Small Slimes","floor":10,"turns":1},{"damage":1,"enemies":"Jaw Worm","floor":12,"turns":2},{"damage":0,"enemies":"Looter","floor":13,"turns":2},{"damage":42,"enemies":"Slime Boss","floor":16,"turns":11},{"damage":8,"enemies":"Spheric Guardian","floor":18,"turns":4},{"damage":24,"enemies":"2 Thieves","floor":19,"turns":5},{"damage":11,"enemies":"Snake Plant","floor":21,"turns":3},{"damage":7,"enemies":"Centurion and Healer","floor":22,"turns":9},{"damage":27,"enemies":"Shelled Parasite and Fungi","floor":24,"turns":5},{"damage":21,"enemies":"Snake Plant","floor":31,"turns":3},{"damage":24,"enemies":"Automaton","floor":33,"turns":8},{"damage":8,"enemies":"3 Shapes","floor":35,"turns":5},{"damage":11,"enemies":"Mind Bloom Boss Battle","floor":36,"turns":7},{"damage":6,"enemies":"Orb Walker","floor":39,"turns":4},{"damage":17,"enemies":"Sphere and 2 Shapes","floor":44,"turns":7},{"damage":17,"enemies":"4 Shapes","floor":46,"turns":8},{"damage":13,"enemies":"Nemesis","floor":47,"turns":5},{"damage":8,"enemies":"3 Darklings","floor":48,"turns":5},{"damage":13,"enemies":"Donu and Deca","floor":50,"turns":13}],"seed_played":"1190881006792987504","potions_obtained":[{"floor":6,"key":"Explosive Potion"},{"floor":16,"key":"Block Potion"},{"floor":21,"key":"Fire Potion"},{"floor":22,"key":"EntropicBrew"},{"floor":24,"key":"Regen Potion"},{"floor":31,"key":"Weak Potion"},{"floor":46,"key":"SpeedPotion"}],"is_trial":false,"path_per_floor":["M","$","?","?","?","E","?","R","T","M","$","M","M","?","R","B",null,"M","M","$","M","M","R","M","R","T","$","?","R","?","M","R","B",null,"M","?","?","?","M","R","$","R","T","M","R","M","E","M","R","B",null],"character_chosen":"DEFECT","items_purchased":["War Paint"],"campfire_rested":6,"item_purchase_floors":[41],"current_hp_per_floor":[75,75,57,62,51,51,51,51,51,51,51,50,50,34,58,16,80,72,48,48,37,30,54,27,51,51,51,51,51,51,39,63,39,80,72,61,61,61,55,55,55,55,62,45,71,54,41,33,59,46],"gold":113,"neow_bonus":"THREE_ENEMY_KILL","is_prod":false,"is_daily":false,"chose_seed":false,"campfire_upgraded":4,"win_rate":0.0,"timestamp":1542579995,"path_taken":["M","$","?","?","?","E","?","R","T","?","$","M","M","?","R","BOSS","M","M","$","M","M","R","M","R","T","$","?","R","?","?","R","BOSS","M","?","?","?","?","R","?","R","T","M","R","M","E","M","R","BOSS"],"build_version":"2018-11-15","purchased_purges":5,"victory":true,"max_hp_per_floor":[75,75,75,80,80,80,80,80,80,80,80,80,80,80,80,80,80,80,80,80,80,80,80,80,80,80,80,80,80,80,80,80,80,80,80,80,80,80,80,80,80,80,87,87,87,87,87,87,87,87],"card_choices":[{"not_picked":["Gash","Rip and Tear"],"picked":"Redo","floor":1},{"not_picked":["Storm","Sunder","Barrage"],"picked":"SKIP","floor":6},{"not_picked":["Leap","Barrage"],"picked":"Rebound","floor":10},{"not_picked":["Steam","Barrage","Compile Driver"],"picked":"SKIP","floor":12},{"not_picked":["Coolheaded","Go for the Eyes","Cold Snap"],"picked":"SKIP","floor":13},{"not_picked":["Electrodynamics","Meteor Strike"],"picked":"Echo Form","floor":16},{"not_picked":["Beam Cell","Go for the Eyes+1"],"picked":"Hologram+1","floor":18},{"not_picked":["Gash","FTL+1"],"picked":"White Noise","floor":19},{"not_picked":["Blizzard+1","Stack+1","Fusion+1"],"picked":"SKIP","floor":21},{"not_picked":["Cold Snap","Barrage","Ball Lightning"],"picked":"SKIP","floor":22},{"not_picked":["Turbo","Cold Snap+1"],"picked":"Loop","floor":24},{"not_picked":["Gash+1","Multi-Cast"],"picked":"Darkness","floor":31},{"not_picked":["Buffer","Machine Learning"],"picked":"Seek","floor":33},{"not_picked":["Turbo+1","Barrage+1","Loop"],"picked":"SKIP","floor":35},{"not_picked":["White Noise+1","Ball Lightning","Biased Cognition"],"picked":"SKIP","floor":39},{"not_picked":["Genetic Algorithm","Ball Lightning","Cold Snap+1"],"picked":"SKIP","floor":44},{"not_picked":["Streamline+1","Steam Power+1"],"picked":"BootSequence+1","floor":46},{"not_picked":["Turbo","Ball Lightning","Stack+1"],"picked":"SKIP","floor":47},{"not_picked":["Reprogram+1","Chill+1","Beam Cell"],"picked":"SKIP","floor":48},{"not_picked":["Reprogram+1","Chill+1","Beam Cell"],"picked":"SKIP","floor":48},{"not_picked":["Ball Lightning","Gash"],"picked":"Force Field+1","floor":49}],"player_experience":198249,"relics_obtained":[{"floor":6,"key":"Bronze Scales"},{"floor":9,"key":"Sundial"},{"floor":26,"key":"Dream Catcher"},{"floor":36,"key":"Ginger"},{"floor":43,"key":"Strawberry"},{"floor":47,"key":"Bag of Preparation"}],"event_choices":[{"damage_healed":0,"gold_gain":0,"player_choice":"Take Damage","damage_taken":18,"relics_obtained":["Golden Idol"],"max_hp_gain":0,"max_hp_loss":0,"event_name":"Golden Idol","floor":3,"gold_loss":0},{"damage_healed":0,"gold_gain":0,"player_choice":"Donut","damage_taken":0,"max_hp_gain":5,"max_hp_loss":0,"event_name":"Big Fish","floor":4,"gold_loss":0},{"damage_healed":0,"gold_gain":75,"player_choice":"Gather Gold","damage_taken":11,"max_hp_gain":0,"max_hp_loss":0,"event_name":"World of Goop","floor":5,"gold_loss":0},{"cards_removed":["Strike_B"],"damage_healed":0,"gold_gain":0,"player_choice":"Forget","damage_taken":0,"max_hp_gain":0,"max_hp_loss":0,"event_name":"Living Wall","floor":7,"gold_loss":0},{"damage_healed":0,"gold_gain":0,"player_choice":"Entered Light","damage_taken":16,"max_hp_gain":0,"max_hp_loss":0,"event_name":"Shining Light","floor":14,"gold_loss":0,"cards_upgraded":["Zap","Defend_B"]},{"damage_healed":0,"gold_gain":0,"cards_transformed":["Defend_B","Defend_B"],"player_choice":"Became Test Subject","damage_taken":0,"max_hp_gain":0,"max_hp_loss":0,"event_name":"Drug Dealer","floor":28,"gold_loss":0,"cards_obtained":["Heatsinks","Defragment"]},{"damage_healed":0,"gold_gain":0,"player_choice":"Forge","damage_taken":0,"max_hp_gain":0,"max_hp_loss":0,"event_name":"Accursed Blacksmith","floor":30,"gold_loss":0,"cards_upgraded":["Echo Form"]},{"damage_healed":0,"gold_gain":0,"player_choice":"Fight","damage_taken":0,"max_hp_gain":0,"max_hp_loss":0,"event_name":"MindBloom","floor":36,"gold_loss":0},{"damage_healed":0,"gold_gain":0,"player_choice":"Ignored","damage_taken":0,"max_hp_gain":0,"max_hp_loss":0,"event_name":"Mysterious Sphere","floor":37,"gold_loss":0},{"cards_removed":["Heatsinks"],"damage_healed":0,"gold_gain":0,"player_choice":"Purged","damage_taken":0,"max_hp_gain":0,"max_hp_loss":0,"event_name":"Purifier","floor":38,"gold_loss":0}],"is_beta":false,"boss_relics":[{"not_picked":["Coffee Dripper","Orrery"],"picked":"Cursed Key"},{"not_picked":["Fusion Hammer","Black Star"],"picked":"FrozenCore"}],"items_purged_floors":[2,11,20,27,41],"is_endless":false,"potions_floor_spawned":[6,16,21,22,24,31,36,46],"ascension_level":0}