{"gold_per_floor":[114,132,132,145,145,145,160,160,187,187,207,207,236,236,236,341,341,354,373,84,103,103,103,103,103,103,118,131,131,131,143,143,246,246,259,272,13,33,43,61,61,61,140,140,155,174,174,22,22,22],"floor_reached":51,"playtime":3547,"items_purged":["Grand Finale","Decay"],"score":651,"play_id":"edc0efd2-fe58-4e5a-9c81-d5ee46117c87","local_time":"20181215225304","is_ascension_mode":false,"campfire_choices":[{"data":"After Image","floor":6.0,"key":"SMITH"},{"data":"Riddle With Holes","floor":8.0,"key":"SMITH"},{"data":"Neutralize","floor":10.0,"key":"SMITH"},{"data":"Prepared","floor":12.0,"key":"SMITH"},{"data":"Terror","floor":15.0,"key":"SMITH"},{"data":"Cloak And Dagger","floor":23.0,"key":"SMITH"},{"data":"Adrenaline","floor":25.0,"key":"SMITH"},{"data":"Bullet Time","floor":30.0,"key":"SMITH"},{"data":"Burst","floor":32.0,"key":"SMITH"},{"floor":41,"key":"REST"},{"data":"Cloak And Dagger","floor":44,"key":"SMITH"},{"floor":49,"key":"REST"}],"neow_cost":"NONE","seed_source_timestamp":39904136156527,"circlet_count":0,"master_deck":["Survivor","Neutralize+1","Prepared+1","Riddle With Holes+1","After Image+1","Terror+1","Calculated Gamble","Venomology","Bullet Time+1","Accuracy","Leg Sweep+1","Choke","Die Die Die","Heel Hook","Grand Finale","All Out Attack","Heel Hook","Caltrops+1","Cloak And Dagger+1","Adrenaline+1","Backflip","PiercingWail+1","Burst+1","Blade Dance+1","Outmaneuver+1","Cloak And Dagger+1","Backflip+1","Acrobatics+1","Distraction+1","Thinking Ahead"],"special_seed":0,"relics":["Ring of the Snake","Centennial Puzzle","Potion Belt","Strawberry","Pandora\u0027s Box","Pen Nib","Pear","Philosopher\u0027s Stone","Kunai","Sundial"],"potions_floor_usage":[36,39,39,40,46,50,50,50,50],"damage_taken":[{"damage":1.0,"enemies":"Cultist","floor":1.0,"turns":5.0},{"damage":0.0,"enemies":"Jaw Worm","floor":2.0,"turns":5.0},{"damage":0.0,"enemies":"Small Slimes","floor":4.0,"turns":3.0},{"damage":10.0,"enemies":"Gremlin Gang","floor":7.0,"turns":7.0},{"damage":0.0,"enemies":"2 Fungi Beasts","floor":11.0,"turns":3.0},{"damage":6.0,"enemies":"Lagavulin","floor":13.0,"turns":6.0},{"damage":26.0,"enemies":"Hexaghost","floor":16.0,"turns":12.0},{"damage":6.0,"enemies":"Chosen","floor":18.0,"turns":3.0},{"damage":11.0,"enemies":"Spheric Guardian","floor":19.0,"turns":3.0},{"damage":5.0,"enemies":"3 Cultists","floor":21.0,"turns":4.0},{"damage":2.0,"enemies":"Snecko","floor":27.0,"turns":4.0},{"damage":5.0,"enemies":"Snake Plant","floor":28.0,"turns":2.0},{"damage":4.0,"enemies":"Cultist and Chosen","floor":31.0,"turns":3.0},{"damage":42.0,"enemies":"Champ","floor":33.0,"turns":15.0},{"damage":0.0,"enemies":"Orb Walker","floor":35.0,"turns":2.0},{"damage":15,"enemies":"3 Darklings","floor":36,"turns":5},{"damage":0,"enemies":"Transient","floor":38,"turns":5},{"damage":20,"enemies":"Writhing Mass","floor":39,"turns":5},{"damage":4,"enemies":"3 Darklings","floor":40,"turns":5},{"damage":12,"enemies":"Maw","floor":45,"turns":5},{"damage":0,"enemies":"Transient","floor":46,"turns":5},{"damage":11,"enemies":"Donu and Deca","floor":50,"turns":12}],"seed_played":"3125343915621308500","potions_obtained":[{"floor":2.0,"key":"EssenceOfSteel"},{"floor":3.0,"key":"FearPotion"},{"floor":3.0,"key":"Block Potion"},{"floor":7.0,"key":"GhostInAJar"},{"floor":13.0,"key":"GhostInAJar"},{"floor":16.0,"key":"Block Potion"},{"floor":19.0,"key":"Fire Potion"},{"floor":27.0,"key":"GhostInAJar"},{"floor":33.0,"key":"Dexterity Potion"},{"floor":40,"key":"PowerPotion"}],"is_trial":false,"path_per_floor":["M","M","?","M","?","R","M","R","T","R","M","R","E","?","R","B",null,"M","M","$","M","?","R","?","R","T","M","M","?","R","M","R","B",null,"M","M","$","M","M","M","R","?","T","R","M","M","?","$","R","B",null],"character_chosen":"THE_SILENT","items_purchased":["Adrenaline","Pen Nib","Kunai","Dexterity Potion"],"campfire_rested":2,"item_purchase_floors":[20,20,37,48],"current_hp_per_floor":[69,69,69,69,69,69,59,59,59,59,59,59,60,60,60,34,77,71,60,60,55,55,55,55,55,65,63,58,58,58,54,54,12,87,87,72,72,72,52,48,74,74,74,74,62,62,62,62,87,76],"gold":22,"neow_bonus":"RANDOM_COMMON_RELIC","is_prod":false,"is_daily":false,"chose_seed":false,"campfire_upgraded":10,"win_rate":0,"timestamp":1544903584,"path_taken":["M","M","?","?","?","R","M","R","T","R","?","R","E","?","R","BOSS","M","M","$","?","?","R","?","R","T","M","?","?","R","M","R","BOSS","M","M","$","M","M","M","R","?","T","R","M","M","?","$","R","BOSS"],"build_version":"2018-12-13","purchased_purges":2,"victory":true,"max_hp_per_floor":[70,70,70,70,70,70,70,70,70,70,70,70,77,77,77,77,77,77,77,77,77,77,77,77,77,87,87,87,87,87,87,87,87,87,87,87,87,87,87,87,87,87,87,87,87,87,87,87,87,87],"card_choices":[{"not_picked":["Slice","Flechettes"],"picked":"Prepared","floor":1.0},{"not_picked":["All Out Attack","Prepared","Deflect"],"picked":"SKIP","floor":2.0},{"not_picked":["Slice","Flying Knee"],"picked":"Riddle With Holes","floor":4.0},{"not_picked":["Acrobatics","Dagger Throw"],"picked":"Terror","floor":7.0},{"not_picked":["Prepared","Dagger Throw","All Out Attack"],"picked":"SKIP","floor":11.0},{"not_picked":["Flying Knee","Outmaneuver"],"picked":"Calculated Gamble","floor":13.0},{"not_picked":["Bullet Time","Adrenaline"],"picked":"Venomology","floor":16.0},{"not_picked":["Flechettes+1","Noxious Fumes"],"picked":"Caltrops+1","floor":18.0},{"not_picked":["Heel Hook","Bane"],"picked":"Cloak And Dagger","floor":19.0},{"not_picked":["Outmaneuver","PiercingWail","Sucker Punch"],"picked":"SKIP","floor":21.0},{"not_picked":["PiercingWail","Dagger Spray","Endless Agony"],"picked":"SKIP","floor":27.0},{"not_picked":["Eviscerate+1","Cloak And Dagger"],"picked":"PiercingWail+1","floor":28.0},{"not_picked":["Dodge and Roll","Endless Agony"],"picked":"Burst","floor":31.0},{"not_picked":["Outmaneuver+1","Flying Knee+1"],"picked":"Blade Dance+1","floor":35.0},{"not_picked":["Slice","Setup"],"picked":"Outmaneuver+1","floor":36},{"not_picked":["Deflect+1","Storm of Steel"],"picked":"Cloak And Dagger","floor":38},{"not_picked":["Acrobatics","Underhanded Strike"],"picked":"Backflip+1","floor":39},{"not_picked":["Dagger Throw","Flechettes+1","Predator+1"],"picked":"SKIP","floor":40},{"not_picked":["Blur","Masterful Stab+1"],"picked":"Acrobatics+1","floor":45},{"not_picked":["Endless Agony+1","Bane+1"],"picked":"Distraction+1","floor":46},{"not_picked":["Enlightenment","Impatience"],"picked":"Thinking Ahead","floor":47}],"player_experience":325771,"relics_obtained":[{"floor":9.0,"key":"Potion Belt"},{"floor":13.0,"key":"Strawberry"},{"floor":26.0,"key":"Pear"},{"floor":43,"key":"Sundial"}],"event_choices":[{"damage_healed":0.0,"max_hp_gain":0.0,"max_hp_loss":0.0,"gold_gain":0.0,"event_name":"Lab","player_choice":"Got Potions","floor":3.0,"gold_loss":0.0,"damage_taken":0.0},{"damage_healed":0.0,"max_hp_gain":0.0,"max_hp_loss":0.0,"gold_gain":0.0,"event_name":"Match and Keep!","player_choice":"1 cards matched","floor":5.0,"gold_loss":0.0,"damage_taken":0.0,"cards_obtained":["After Image"]},{"damage_healed":0.0,"max_hp_gain":0.0,"max_hp_loss":0.0,"gold_gain":0.0,"event_name":"NoteForYourself","player_choice":"Ignored","floor":14.0,"gold_loss":0.0,"damage_taken":0.0},{"damage_healed":0.0,"max_hp_gain":0.0,"max_hp_loss":0.0,"gold_gain":0.0,"event_name":"The Library","player_choice":"Read","floor":22.0,"gold_loss":0.0,"damage_taken":0.0,"cards_obtained":["Backflip"]},{"damage_healed":0.0,"max_hp_gain":0.0,"max_hp_loss":0.0,"gold_gain":0.0,"event_name":"Wheel of Change","player_choice":"Cursed","floor":24.0,"gold_loss":0.0,"damage_taken":0.0,"cards_obtained":["Decay"]},{"damage_healed":0.0,"max_hp_gain":0.0,"max_hp_loss":0.0,"gold_gain":0.0,"event_name":"Upgrade Shrine","player_choice":"Upgraded","floor":29.0,"gold_loss":0.0,"damage_taken":0.0,"cards_upgraded":["Leg Sweep"]},{"damage_healed":0,"gold_gain":0,"player_choice":"Ignored","damage_taken":0,"max_hp_gain":0,"max_hp_loss":0,"event_name":"Mysterious Sphere","floor":42,"gold_loss":0},{"damage_healed":0,"gold_gain":0,"player_choice":"Memory 1","damage_taken":0,"max_hp_gain":0,"max_hp_loss":0,"event_name":"SensoryStone","floor":47,"gold_loss":0}],"is_beta":false,"boss_relics":[{"not_picked":["Orrery","Tiny House"],"picked":"Pandora\u0027s Box"},{"not_picked":["Calling Bell","White Beast Statue"],"picked":"Philosopher\u0027s Stone"}],"items_purged_floors":[20,48],"is_endless":false,"potions_floor_spawned":[2,7,13,16,19,27,33,39,40,46],"ascension_level":0}