{"gold_per_floor":[209,221,221,50,61,61,31,60,60,60,72,72,90,122,122,225,225,235,252,252,36,54,54,54,79,158,218,235,253,253,61,61,158,158,169,181,231,331,351,351,351,60,60,60,93,110,127,140,140,140],"floor_reached":51,"playtime":4223,"items_purged":["Strike_G","Strike_G"],"score":802,"play_id":"0c60cc4c-16ca-46d9-aa24-0436a93b43e7","local_time":"20190118211209","is_ascension_mode":false,"campfire_choices":[{"data":"Neutralize","floor":6.0,"key":"SMITH"},{"data":"Envenom","floor":10.0,"key":"SMITH"},{"data":"Choke","floor":12.0,"key":"SMITH"},{"data":"Footwork","floor":15.0,"key":"SMITH"},{"floor":23.0,"key":"REST"},{"floor":30.0,"key":"REST"},{"data":"Leg Sweep","floor":32.0,"key":"SMITH"},{"data":"Strike_G","floor":40.0,"key":"PURGE"},{"data":"Choke","floor":44.0,"key":"SMITH"},{"floor":49.0,"key":"REST"}],"neow_cost":"NONE","seed_source_timestamp":0,"circlet_count":0,"master_deck":["Defend_G","Defend_G","Defend_G","Defend_G","Defend_G","Survivor","Neutralize+1","Deadly Poison","Blur","Corpse Explosion","Bandage Up","Dagger Throw","Good Instincts","Footwork+1","Envenom+1","Choke+1","Slice","Footwork","Bullet Time","PiercingWail","Well Laid Plans","Envenom","Choke+1","Sadistic Nature","Infinite Blades","Backflip","Bullet Time","PiercingWail+1","Backflip+1","Poisoned Stab+1","Leg Sweep+1","Slice+1","After Image","Acrobatics+1","Footwork+1","Heel Hook+1","Blade Dance+1","Prepared+1","Backflip+1","Terror+1","Adrenaline+1","PiercingWail+1","Cloak And Dagger+1"],"special_seed":0,"relics":["Ring of the Snake","Question Card","Regal Pillow","Torii","Sozu","Oddly Smooth Stone","Molten Egg 2","Tiny Chest","Lizard Tail","Mango","Peace Pipe","Vajra","Toxic Egg 2","Lantern","Bag of Preparation"],"potions_floor_usage":[50,50,50],"damage_taken":[{"damage":2.0,"enemies":"Small Slimes","floor":1.0,"turns":4.0},{"damage":1.0,"enemies":"Cultist","floor":2.0,"turns":3.0},{"damage":0.0,"enemies":"2 Louse","floor":5.0,"turns":3.0},{"damage":8.0,"enemies":"3 Sentries","floor":8.0,"turns":7.0},{"damage":0.0,"enemies":"Large Slime","floor":11.0,"turns":6.0},{"damage":0.0,"enemies":"Blue Slaver","floor":13.0,"turns":5.0},{"damage":23.0,"enemies":"Lagavulin","floor":14.0,"turns":7.0},{"damage":7.0,"enemies":"Hexaghost","floor":16.0,"turns":11.0},{"damage":29.0,"enemies":"Spheric Guardian","floor":18.0,"turns":8.0},{"damage":11.0,"enemies":"2 Thieves","floor":19.0,"turns":3.0},{"damage":8.0,"enemies":"Snecko","floor":22.0,"turns":3.0},{"damage":27.0,"enemies":"Gremlin Leader","floor":25.0,"turns":8.0},{"damage":14.0,"enemies":"Slavers","floor":27.0,"turns":3.0},{"damage":0.0,"enemies":"Snake Plant","floor":28.0,"turns":4.0},{"damage":25.0,"enemies":"Sentry and Sphere","floor":29.0,"turns":6.0},{"damage":16.0,"enemies":"Champ","floor":33.0,"turns":9.0},{"damage":1.0,"enemies":"Orb Walker","floor":35.0,"turns":3.0},{"damage":0.0,"enemies":"3 Darklings","floor":36.0,"turns":3.0},{"damage":2.0,"enemies":"2 Orb Walkers","floor":37.0,"turns":7.0},{"damage":0.0,"enemies":"Mind Bloom Boss Battle","floor":38.0,"turns":5.0},{"damage":0.0,"enemies":"4 Shapes","floor":39.0,"turns":6.0},{"damage":42.0,"enemies":"Nemesis","floor":45.0,"turns":7.0},{"damage":0.0,"enemies":"Sphere and 2 Shapes","floor":46.0,"turns":6.0},{"damage":2.0,"enemies":"3 Darklings","floor":47.0,"turns":4.0},{"damage":0.0,"enemies":"Transient","floor":48.0,"turns":5.0},{"damage":0,"enemies":"Donu and Deca","floor":50,"turns":8}],"seed_played":"-1963810502164596125","potions_obtained":[{"floor":2.0,"key":"LiquidBronze"},{"floor":7.0,"key":"Dexterity Potion"},{"floor":7.0,"key":"Ancient Potion"},{"floor":8.0,"key":"FearPotion"},{"floor":13.0,"key":"Dexterity Potion"}],"is_trial":false,"path_per_floor":["M","M","?","$","M","R","?","E","T","R","M","R","M","E","R","B",null,"M","M","?","$","M","R","?","E","T","E","M","M","R","$","R","B",null,"M","M","?","?","M","R","T","$","T","R","E","M","M","M","R","B",null],"character_chosen":"THE_SILENT","items_purchased":["Good Instincts","Sadistic Nature","Infinite Blades","Leg Sweep","Slice+1","Toxic Egg 2","Backflip+1"],"campfire_rested":3,"item_purchase_floors":[4,21,21,31,31,42,42],"current_hp_per_floor":[68,67,67,67,70,70,70,62,62,62,66,66,70,51,51,48,70,45,38,38,38,30,66,66,43,43,29,33,12,48,48,48,36,70,69,69,83,84,84,84,84,84,84,84,46,50,52,56,84,84],"gold":140,"neow_bonus":"HUNDRED_GOLD","is_prod":false,"is_daily":false,"chose_seed":false,"campfire_upgraded":6,"win_rate":0,"timestamp":1547835129,"path_taken":["M","M","?","$","?","R","?","E","T","R","M","R","?","E","R","BOSS","M","M","?","$","M","R","?","E","T","E","M","M","R","$","R","BOSS","M","M","?","?","M","R","?","$","T","R","E","?","M","M","R","BOSS"],"build_version":"2019-01-17v2","purchased_purges":2,"victory":true,"max_hp_per_floor":[70,70,70,70,70,70,70,70,70,70,70,70,70,70,70,70,70,70,70,70,70,70,70,70,70,70,70,70,70,70,70,70,70,70,70,70,84,84,84,84,84,84,84,84,84,84,84,84,84,84],"card_choices":[{"not_picked":["Cloak And Dagger","Bouncing Flask"],"picked":"Deadly Poison","floor":1.0},{"not_picked":["Crippling Poison","Bane"],"picked":"Blur","floor":2.0},{"not_picked":["Backflip","Dagger Throw"],"picked":"Footwork","floor":5.0},{"not_picked":["Deflect","Cloak And Dagger"],"picked":"Envenom","floor":8.0},{"not_picked":["Riddle With Holes","Slice","Backflip"],"picked":"Choke","floor":11.0},{"not_picked":["Acrobatics","Reflex","Tactician"],"picked":"Slice","floor":13.0},{"not_picked":["Cloak And Dagger","Phantasmal Killer","Deadly Poison"],"picked":"Footwork","floor":14.0},{"not_picked":["Venomology","Malaise","A Thousand Cuts"],"picked":"Bullet Time","floor":16.0},{"not_picked":["Sucker Punch","Quick Slash+1","Deadly Poison"],"picked":"PiercingWail","floor":18.0},{"not_picked":["Backflip","Blade Dance","Flechettes"],"picked":"Well Laid Plans","floor":19.0},{"not_picked":["Skewer","Setup","Prepared"],"picked":"Backflip","floor":22.0},{"not_picked":["Dodge and Roll","Flying Knee","Underhanded Strike+1"],"picked":"Bullet Time","floor":25.0},{"not_picked":["Eviscerate+1","Riddle With Holes+1","Tactician"],"picked":"PiercingWail+1","floor":27.0},{"not_picked":["Underhanded Strike+1","Dagger Throw+1","Noxious Fumes"],"picked":"Backflip+1","floor":28.0},{"not_picked":["Distraction","Grand Finale+1","Riddle With Holes+1"],"picked":"Poisoned Stab+1","floor":29.0},{"not_picked":["Malaise","Burst","A Thousand Cuts"],"picked":"After Image","floor":33.0},{"not_picked":["All Out Attack+1","Endless Agony+1","Backflip"],"picked":"Acrobatics+1","floor":35.0},{"not_picked":["Flying Knee+1","PiercingWail","Concentrate+1"],"picked":"Footwork+1","floor":36.0},{"not_picked":["Sucker Punch+1","Quick Slash+1","Deadly Poison"],"picked":"Heel Hook+1","floor":37.0},{"not_picked":["Calculated Gamble","Outmaneuver","Caltrops+1"],"picked":"Blade Dance+1","floor":38.0},{"not_picked":["Heel Hook+1","Quick Slash+1","PiercingWail+1"],"picked":"Prepared+1","floor":39.0},{"not_picked":["Finisher+1","Slice+1","Sucker Punch+1"],"picked":"Terror+1","floor":45.0},{"not_picked":["Masterful Stab+1","Backflip+1","Slice+1"],"picked":"Adrenaline+1","floor":46.0},{"not_picked":["Underhanded Strike+1","Caltrops+1","Infinite Blades"],"picked":"PiercingWail+1","floor":47.0},{"not_picked":["Phantasmal Killer+1","Calculated Gamble+1","Outmaneuver+1"],"picked":"Cloak And Dagger+1","floor":48.0}],"player_experience":480703,"relics_obtained":[{"floor":8.0,"key":"Question Card"},{"floor":9.0,"key":"Regal Pillow"},{"floor":14.0,"key":"Torii"},{"floor":25.0,"key":"Oddly Smooth Stone"},{"floor":26.0,"key":"Molten Egg 2"},{"floor":27.0,"key":"Tiny Chest"},{"floor":37.0,"key":"Mango"},{"floor":38.0,"key":"Peace Pipe"},{"floor":41.0,"key":"Vajra"},{"floor":43.0,"key":"Lantern"},{"floor":45.0,"key":"Bag of Preparation"}],"event_choices":[{"damage_healed":0.0,"max_hp_gain":0.0,"max_hp_loss":0.0,"gold_gain":0.0,"event_name":"Match and Keep!","player_choice":"3 cards matched","floor":3.0,"gold_loss":0.0,"damage_taken":0.0,"cards_obtained":["Corpse Explosion","Bandage Up","Dagger Throw"]},{"damage_healed":0.0,"max_hp_gain":0.0,"max_hp_loss":0.0,"gold_gain":0.0,"event_name":"Match and Keep!","player_choice":"3 cards matched","floor":3.0,"gold_loss":0.0,"damage_taken":0.0,"cards_obtained":["Corpse Explosion","Bandage Up","Dagger Throw"]},{"damage_healed":0.0,"max_hp_gain":0.0,"max_hp_loss":0.0,"gold_gain":0.0,"event_name":"The Woman in Blue","player_choice":"Bought 2 Potions","floor":7.0,"gold_loss":0.0,"damage_taken":0.0},{"damage_healed":0.0,"max_hp_gain":0.0,"max_hp_loss":0.0,"gold_gain":0.0,"cards_transformed":["Strike_G","Strike_G"],"event_name":"Drug Dealer","player_choice":"Became Test Subject","floor":20.0,"gold_loss":0.0,"damage_taken":0.0,"cards_obtained":["Envenom","Choke"]},{"damage_healed":0.0,"max_hp_gain":0.0,"max_hp_loss":0.0,"gold_gain":0.0,"event_name":"Vampires","player_choice":"Ignored","floor":24.0,"gold_loss":0.0,"damage_taken":0.0},{"damage_healed":0.0,"max_hp_gain":0.0,"max_hp_loss":0.0,"gold_gain":0.0,"event_name":"Mysterious Sphere","player_choice":"Fight","floor":37.0,"gold_loss":0.0,"damage_taken":0.0},{"damage_healed":0.0,"max_hp_gain":0.0,"max_hp_loss":0.0,"gold_gain":0.0,"event_name":"MindBloom","player_choice":"Fight","floor":38.0,"gold_loss":0.0,"damage_taken":0.0}],"is_beta":false,"boss_relics":[{"not_picked":["Empty Cage","Eternal Feather"],"picked":"Sozu"},{"not_picked":["Velvet Choker","Fusion Hammer"],"picked":"Lizard Tail"}],"items_purged_floors":[4,31],"is_endless":false,"potions_floor_spawned":[2,8,13,16,18,22,28,29,35,45,46,48],"ascension_level":0}