{"gold_per_floor":[19,19,19,19,31,65,65,90,90,109,284,132,132,148,148,245,245,255,265,265,165,165,165,40,60,138,138,66,3,3,31,31,31],"floor_reached":33,"playtime":1335,"items_purged":["Doubt","Decay","Strike_B"],"score":284,"play_id":"dcc78745-3b8a-4ced-939f-3ae5b9667f23","local_time":"20190228101904","is_ascension_mode":false,"campfire_choices":[{"data":"Consume","floor":15.0,"key":"SMITH"},{"data":"Machine Learning","floor":23.0,"key":"SMITH"},{"data":"Cold Snap","floor":27.0,"key":"SMITH"},{"floor":32,"key":"REST"}],"neow_cost":"NO_GOLD","seed_source_timestamp":0,"circlet_count":0,"master_deck":["Strike_B","Defend_B","Defend_B","Defend_B","Zap","Dualcast","Consume+1","Machine Learning+1","Cold Snap+1","Cold Snap","Cold Snap"],"special_seed":0,"relics":["Cracked Core","FossilizedHelix","Prayer Wheel","Juzu Bracelet","Dream Catcher","Singing Bowl","Eternal Feather","Bottled Lightning","Turnip","Anchor"],"potions_floor_usage":[31,31,33],"damage_taken":[{"damage":0.0,"enemies":"Small Slimes","floor":1.0,"turns":4.0},{"damage":0.0,"enemies":"2 Louse","floor":5.0,"turns":2.0},{"damage":39.0,"enemies":"3 Sentries","floor":6.0,"turns":9.0},{"damage":0.0,"enemies":"Cultist","floor":10.0,"turns":3.0},{"damage":6.0,"enemies":"Large Slime","floor":14.0,"turns":5.0},{"damage":32.0,"enemies":"The Guardian","floor":16.0,"turns":12.0},{"damage":11.0,"enemies":"Chosen","floor":18.0,"turns":5.0},{"damage":1.0,"enemies":"Shell Parasite","floor":19.0,"turns":12.0},{"damage":25.0,"enemies":"Centurion and Healer","floor":25.0,"turns":11.0},{"damage":69,"enemies":"Slavers","floor":31,"turns":10},{"damage":64,"enemies":"Automaton","floor":33,"turns":12}],"seed_played":"2191852081690722535","potions_obtained":[{"floor":5.0,"key":"Swift Potion"},{"floor":10.0,"key":"Fruit Juice"},{"floor":14.0,"key":"Fruit Juice"},{"floor":25.0,"key":"FearPotion"},{"floor":31,"key":"AttackPotion"}],"is_trial":false,"path_per_floor":["M","?","?","?","M","E","?","T","T","M","?","$","?","M","R","B",null,"M","M","?","$","?","R","$","M","T","R","$","?","?","E","R","B"],"character_chosen":"DEFECT","items_purchased":["Regen Potion","Regen Potion"],"campfire_rested":1,"item_purchase_floors":[12,28],"current_hp_per_floor":[75,68,61,61,61,22,22,22,22,29,29,29,56,71,71,39,91,82,85,85,85,85,91,91,68,68,74,74,74,74,22,58,0],"gold":31,"neow_bonus":"ONE_RARE_RELIC","is_prod":false,"is_daily":false,"chose_seed":true,"campfire_upgraded":3,"win_rate":0,"timestamp":1551338344,"path_taken":["M","?","?","?","?","E","?","?","T","M","?","$","?","M","R","BOSS","M","M","?","$","?","R","$","M","T","R","?","?","?","E","R","BOSS"],"build_version":"2019-01-23","purchased_purges":3,"victory":false,"max_hp_per_floor":[75,75,75,75,75,75,75,75,75,82,82,82,82,91,91,91,91,93,97,97,97,97,97,97,99,99,99,99,99,99,101,101,101],"card_choices":[{"not_picked":["Sweeping Beam","Rebound","Capacitor"],"picked":"SKIP","floor":1.0},{"not_picked":["Redo","Reinforced Body","Conserve Battery"],"picked":"SKIP","floor":5.0},{"not_picked":["Undo","Streamline","White Noise"],"picked":"SKIP","floor":5.0},{"not_picked":["Redo","Reinforced Body","Conserve Battery"],"picked":"SKIP","floor":5.0},{"not_picked":["Undo","Streamline","White Noise"],"picked":"SKIP","floor":5.0},{"not_picked":["Reboot","Gash","Sweeping Beam"],"picked":"SKIP","floor":6.0},{"not_picked":["Sweeping Beam","Reprogram"],"picked":"Consume","floor":10.0},{"not_picked":["Redo","Capacitor","Barrage"],"picked":"SKIP","floor":10.0},{"not_picked":["Redo","Capacitor","Barrage"],"picked":"Singing Bowl","floor":10.0},{"not_picked":["Thunder Strike","Storm","Reinforced Body"],"picked":"Singing Bowl","floor":14.0},{"not_picked":["Rebound","Barrage","Glacier"],"picked":"Singing Bowl","floor":14.0},{"not_picked":["Core Surge","Buffer"],"picked":"Machine Learning","floor":16.0},{"not_picked":["Go for the Eyes","Coolheaded"],"picked":"Cold Snap","floor":18.0},{"not_picked":["Steam","Stack","Conserve Battery"],"picked":"Singing Bowl","floor":18.0},{"not_picked":["Leap","Hologram","Steam"],"picked":"Singing Bowl","floor":19.0},{"not_picked":["Streamline+1","Heatsinks+1","Melter"],"picked":"Singing Bowl","floor":19.0},{"not_picked":["Gash","Turbo+1"],"picked":"Cold Snap","floor":25.0},{"not_picked":["Barrage","Hello World","Double Energy"],"picked":"Singing Bowl","floor":25.0},{"not_picked":["Chaos","Hyperbeam","Turbo"],"picked":"Singing Bowl","floor":31},{"not_picked":["Rebound+1","Sunder"],"picked":"Cold Snap","floor":32}],"player_experience":934121,"relics_obtained":[{"floor":6.0,"key":"Juzu Bracelet"},{"floor":8.0,"key":"Dream Catcher"},{"floor":9.0,"key":"Singing Bowl"},{"floor":26.0,"key":"Bottled Lightning"},{"floor":31,"key":"Anchor"}],"event_choices":[{"damage_healed":0.0,"max_hp_gain":0.0,"max_hp_loss":0.0,"gold_gain":0.0,"event_name":"Scrap Ooze","player_choice":"Success","floor":2.0,"gold_loss":0.0,"damage_taken":7.0,"relics_obtained":["Prayer Wheel"]},{"cards_removed":["Strike_B"],"damage_healed":0.0,"max_hp_gain":0.0,"max_hp_loss":0.0,"gold_gain":0.0,"event_name":"Golden Wing","player_choice":"Card Removal","floor":3.0,"gold_loss":0.0,"damage_taken":7.0},{"cards_removed":["Defend_B"],"damage_healed":0.0,"max_hp_gain":0.0,"max_hp_loss":0.0,"gold_gain":0.0,"event_name":"Bonfire Elementals","player_choice":"Offered Basic","floor":4.0,"gold_loss":0.0,"damage_taken":0.0},{"cards_removed":["Strike_B"],"damage_healed":0.0,"max_hp_gain":0.0,"max_hp_loss":0.0,"gold_gain":0.0,"event_name":"Living Wall","player_choice":"Forget","floor":7.0,"gold_loss":0.0,"damage_taken":0.0},{"damage_healed":0.0,"max_hp_gain":0.0,"max_hp_loss":0.0,"gold_gain":175.0,"event_name":"Liars Game","player_choice":"AGREE","floor":11.0,"gold_loss":0.0,"damage_taken":0.0,"cards_obtained":["Doubt"]},{"damage_healed":27.0,"max_hp_gain":0.0,"max_hp_loss":0.0,"gold_gain":0.0,"event_name":"Big Fish","player_choice":"Banana","floor":13.0,"gold_loss":0.0,"damage_taken":0.0},{"damage_healed":0.0,"max_hp_gain":0.0,"max_hp_loss":0.0,"gold_gain":0.0,"event_name":"Wheel of Change","player_choice":"Cursed","floor":20.0,"gold_loss":0.0,"damage_taken":0.0,"cards_obtained":["Decay"]},{"damage_healed":0.0,"max_hp_gain":0.0,"max_hp_loss":0.0,"gold_gain":0.0,"event_name":"N\u0027loth","player_choice":"Ignored","floor":22.0,"gold_loss":0.0,"damage_taken":0.0},{"damage_healed":0.0,"max_hp_gain":0.0,"max_hp_loss":0.0,"gold_gain":0.0,"event_name":"WeMeetAgain","player_choice":"Paid Gold","floor":29.0,"gold_loss":63.0,"damage_taken":0.0,"relics_obtained":["Turnip"]},{"damage_healed":0.0,"max_hp_gain":0.0,"max_hp_loss":0.0,"gold_gain":0.0,"event_name":"Ghosts","player_choice":"Ignored","floor":30.0,"gold_loss":0.0,"damage_taken":0.0}],"is_beta":false,"boss_relics":[{"not_picked":["White Beast Statue","Lizard Tail"],"picked":"Eternal Feather"}],"items_purged_floors":[12,21,24],"is_endless":false,"potions_floor_spawned":[5,10,14,25,31],"killed_by":"Automaton","ascension_level":0}