{"gold_per_floor":[113,188,113,113,133,161,161,194,272,292,292,305,305,318,318,422,422,432,38,38,38,398,431,431,457,457,477,496,496,496,508,508,610,610,623,623,623,642,657,689,700,700,700,700,117,217,217,237,237,237],"floor_reached":51,"playtime":2818,"items_purged":["Strike_R","Barricade"],"score":928,"play_id":"cc05cac9-7d28-4b99-944e-b940e88e6cf5","local_time":"20190112190531","is_ascension_mode":true,"campfire_choices":[{"data":"Warcry","floor":7,"key":"SMITH"},{"data":"Iron Wave","floor":13,"key":"SMITH"},{"data":"Rampage","floor":15,"key":"SMITH"},{"floor":24,"key":"DIG"},{"floor":29,"key":"DIG"},{"floor":32,"key":"DIG"},{"data":"Barricade","floor":42,"key":"SMITH"},{"floor":44,"key":"DIG"},{"floor":47,"key":"DIG"},{"floor":49,"key":"DIG"}],"neow_cost":"NONE","seed_source_timestamp":80086962126728,"circlet_count":0,"master_deck":["Bash+1","Warcry+1","Clash","Shrug It Off","Rampage+1","Iron Wave+1","Armaments+1","Rage+1","Burning Pact+1","Barricade+1","Flex+1","Warcry+1","Metallicize","Anger","Rage+1","Cleave","Battle Trance+1","Headbutt","Thunderclap+1","Heavy Blade+1","Offering+1","True Grit+1","Clash+1","Clash+1","Thunderclap+1","Armaments+1","Infernal Blade+1","Pommel Strike+1","Warcry+1","Warcry+1"],"relics":["Burning Blood","NeowsBlessing","Pen Nib","Centennial Puzzle","Incense Burner","Toxic Egg 2","Pandora\u0027s Box","Shovel","Bag of Preparation","Mercury Hourglass","Red Skull","The Courier","Sundial","Kunai","Coffee Dripper","Matryoshka","Bottled Lightning","Orichalcum","Question Card","ClockworkSouvenir","Happy Flower","Anchor","Boot","Prayer Wheel","Blood Vial","Bag of Marbles"],"potions_floor_usage":[8,28,33,40],"damage_taken":[{"damage":0,"enemies":"Cultist","floor":1,"turns":1},{"damage":0,"enemies":"Jaw Worm","floor":5,"turns":1},{"damage":0,"enemies":"3 Sentries","floor":6,"turns":1},{"damage":14,"enemies":"Gremlin Nob","floor":8,"turns":4},{"damage":3,"enemies":"Small Slimes","floor":10,"turns":3},{"damage":4,"enemies":"Exordium Thugs","floor":12,"turns":5},{"damage":0,"enemies":"Red Slaver","floor":14,"turns":3},{"damage":25,"enemies":"The Guardian","floor":16,"turns":12},{"damage":4,"enemies":"2 Thieves","floor":18,"turns":3},{"damage":18,"enemies":"Slavers","floor":23,"turns":6},{"damage":36,"enemies":"Gremlin Leader","floor":25,"turns":6},{"damage":0,"enemies":"3 Byrds","floor":27,"turns":3},{"damage":0,"enemies":"Centurion and Healer","floor":28,"turns":4},{"damage":2,"enemies":"Cultist and Chosen","floor":31,"turns":5},{"damage":1,"enemies":"Automaton","floor":33,"turns":7},{"damage":14,"enemies":"3 Shapes","floor":35,"turns":2},{"damage":1,"enemies":"3 Darklings","floor":38,"turns":3},{"damage":6,"enemies":"4 Shapes","floor":39,"turns":1},{"damage":20,"enemies":"Nemesis","floor":40,"turns":5},{"damage":6,"enemies":"Jaw Worm Horde","floor":41,"turns":3},{"damage":6,"enemies":"Mind Bloom Boss Battle","floor":46,"turns":3},{"damage":0,"enemies":"Sphere and 2 Shapes","floor":48,"turns":2},{"damage":25,"enemies":"Time Eater","floor":50,"turns":10}],"seed_played":"-4085868186662637081","potions_obtained":[{"floor":6,"key":"FearPotion"},{"floor":12,"key":"PowerPotion"},{"floor":14,"key":"FairyPotion"},{"floor":23,"key":"PowerPotion"},{"floor":25,"key":"Fire Potion"},{"floor":27,"key":"Regen Potion"},{"floor":31,"key":"Swift Potion"},{"floor":39,"key":"Swift Potion"},{"floor":41,"key":"SteroidPotion"},{"floor":46,"key":"EssenceOfSteel"}],"is_trial":false,"path_per_floor":["M","?","$","?","M","E","R","E","T","M","?","M","R","M","R","B",null,"M","$","?","?","?","E","R","E","T","M","M","R","T","M","R","B",null,"M","?","?","M","M","E","M","R","T","R","$","?","R","M","R","B",null],"character_chosen":"IRONCLAD","items_purchased":["Shovel","ClockworkSouvenir","Happy Flower","Infernal Blade+1","Anchor","Boot"],"campfire_rested":0,"item_purchase_floors":[19,45,45,45,45,45],"current_hp_per_floor":[80,69,69,44,50,56,56,48,48,51,51,53,53,59,59,40,80,80,80,80,80,40,28,28,14,14,20,38,38,38,42,42,47,80,72,72,76,76,76,62,62,62,62,62,62,62,62,70,70,53],"gold":237,"neow_bonus":"THREE_ENEMY_KILL","is_prod":false,"is_daily":false,"chose_seed":false,"campfire_upgraded":4,"win_rate":0,"timestamp":1547291131,"path_taken":["M","?","$","?","M","E","R","E","T","M","?","M","R","?","R","BOSS","M","?","?","?","?","E","R","E","T","M","?","R","?","M","R","BOSS","M","?","?","?","M","E","M","R","T","R","$","?","R","M","R","BOSS"],"build_version":"2019-01-10","purchased_purges":2,"victory":true,"max_hp_per_floor":[80,80,80,80,80,80,80,80,80,80,80,80,80,80,80,80,80,80,80,80,80,80,80,80,80,80,80,80,80,80,80,80,80,80,80,76,76,76,76,76,76,76,76,76,76,76,76,76,76,76],"card_choices":[{"not_picked":["Pommel Strike","Rage"],"picked":"Warcry","floor":1},{"not_picked":["Rupture","Pommel Strike"],"picked":"Clash","floor":5},{"not_picked":["Clothesline","Battle Trance"],"picked":"Shrug It Off","floor":6},{"not_picked":["Flame Barrier","Metallicize"],"picked":"Rampage","floor":8},{"not_picked":["Twin Strike","Sentinel+1"],"picked":"Iron Wave","floor":10},{"not_picked":["Iron Wave","Havoc+1"],"picked":"Armaments+1","floor":12},{"not_picked":["Thunderclap","True Grit+1"],"picked":"Rage+1","floor":14},{"not_picked":["Berserk","Bludgeon"],"picked":"Barricade","floor":16},{"not_picked":["Anger","Spot Weakness+1"],"picked":"Rage+1","floor":18},{"not_picked":["Clash","Metallicize"],"picked":"Cleave","floor":23},{"not_picked":["Perfected Strike","Carnage"],"picked":"Battle Trance+1","floor":25},{"not_picked":["Clash","Heavy Blade"],"picked":"Headbutt","floor":27},{"not_picked":["Battle Trance+1","Sword Boomerang"],"picked":"Thunderclap+1","floor":28},{"not_picked":["Sentinel+1","Anger"],"picked":"Heavy Blade+1","floor":31},{"not_picked":["Berserk","Brutality"],"picked":"Offering+1","floor":33},{"not_picked":["Second Wind+1","Feel No Pain+1"],"picked":"True Grit+1","floor":35},{"not_picked":["Ghostly Armor+1","Body Slam"],"picked":"Clash+1","floor":38},{"not_picked":["Wild Strike+1","Shrug It Off+1"],"picked":"Clash+1","floor":39},{"not_picked":["Body Slam+1","Heavy Blade+1"],"picked":"Thunderclap+1","floor":40},{"not_picked":["Headbutt+1","Flex+1"],"picked":"Armaments+1","floor":41},{"not_picked":["Cleave+1","Sever Soul+1","Carnage"],"picked":"Pommel Strike+1","floor":46},{"not_picked":["Havoc+1","Sword Boomerang","Ghostly Armor+1"],"picked":"Warcry+1","floor":48},{"not_picked":["Spot Weakness+1","True Grit+1","Whirlwind+1"],"picked":"Warcry+1","floor":48}],"player_experience":134449,"relics_obtained":[{"floor":6,"key":"Centennial Puzzle"},{"floor":8,"key":"Incense Burner"},{"floor":9,"key":"Toxic Egg 2"},{"floor":23,"key":"Bag of Preparation"},{"floor":24,"key":"Mercury Hourglass"},{"floor":25,"key":"Red Skull"},{"floor":26,"key":"The Courier"},{"floor":29,"key":"Sundial"},{"floor":32,"key":"Kunai"},{"floor":40,"key":"Matryoshka"},{"floor":43,"key":"Bottled Lightning"},{"floor":43,"key":"Orichalcum"},{"floor":44,"key":"Question Card"},{"floor":46,"key":"Prayer Wheel"},{"floor":47,"key":"Blood Vial"},{"floor":49,"key":"Bag of Marbles"}],"event_choices":[{"damage_healed":0,"gold_gain":75,"player_choice":"Gather Gold","damage_taken":11,"max_hp_gain":0,"max_hp_loss":0,"event_name":"World of Goop","floor":2,"gold_loss":0},{"damage_healed":0,"gold_gain":0,"player_choice":"Success","damage_taken":25,"relics_obtained":["Pen Nib"],"max_hp_gain":0,"max_hp_loss":0,"event_name":"Scrap Ooze","floor":4,"gold_loss":0},{"damage_healed":0,"gold_gain":0,"player_choice":"Upgraded","damage_taken":0,"max_hp_gain":0,"max_hp_loss":0,"event_name":"Upgrade Shrine","floor":11,"gold_loss":0,"cards_upgraded":["Bash"]},{"cards_removed":["Fiend Fire"],"damage_healed":0,"gold_gain":0,"player_choice":"Elegance","damage_taken":0,"max_hp_gain":0,"max_hp_loss":0,"event_name":"Back to Basics","floor":20,"gold_loss":0},{"damage_healed":0,"gold_gain":360,"player_choice":"GOLD GOLD GOLD GOLD ","damage_taken":40,"max_hp_gain":0,"max_hp_loss":0,"event_name":"Knowing Skull","floor":22,"potions_obtained":[],"gold_loss":0,"cards_obtained":[]},{"damage_healed":0,"gold_gain":0,"player_choice":"Max HP","damage_taken":0,"max_hp_gain":0,"max_hp_loss":4,"event_name":"Winding Halls","floor":36,"gold_loss":0},{"cards_removed":["Spot Weakness"],"damage_healed":4,"gold_gain":0,"player_choice":"Offered Uncommon","damage_taken":0,"max_hp_gain":0,"max_hp_loss":0,"event_name":"Bonfire Elementals","floor":37,"gold_loss":0},{"damage_healed":0,"gold_gain":0,"player_choice":"Fight","damage_taken":0,"max_hp_gain":0,"max_hp_loss":0,"event_name":"MindBloom","floor":46,"gold_loss":0}],"is_beta":false,"boss_relics":[{"not_picked":["Astrolabe","Runic Cube"],"picked":"Pandora\u0027s Box"},{"not_picked":["Black Star","Mark of Pain"],"picked":"Coffee Dripper"}],"items_purged_floors":[3,19],"is_endless":false,"potions_floor_spawned":[6,12,14,23,25,27,31,39,41,46],"ascension_level":3}