{"gold_per_floor":[115,132,29,29,48,48,62,27,27,27,98,116,116,132,132,237,237,250,250,250,48,66,66,84,84],"floor_reached":25,"playtime":2190,"items_purged":[],"score":193,"play_id":"39dc301f-fc80-45e7-935e-4e8cf5a35977","local_time":"20190501015224","is_ascension_mode":false,"campfire_choices":[{"data":"Searing Blow","floor":6,"key":"SMITH"},{"data":"Searing Blow+1","floor":10,"key":"SMITH"},{"data":"Searing Blow+2","floor":13,"key":"SMITH"},{"data":"Searing Blow+3","floor":15,"key":"SMITH"},{"floor":23,"key":"REST"}],"neow_cost":"TEN_PERCENT_HP_LOSS","seed_source_timestamp":15521563646811,"circlet_count":0,"master_deck":["Strike_R","Strike_R","Strike_R","Strike_R","Defend_R","Defend_R","Defend_R","Defend_R","Bash","Burning Pact","Combust","Fire Breathing","Flex","Burning Pact","Searing Blow+5","Bloodletting","Offering","Carnage","Reaper","Flex","Writhe","Dual Wield","Armaments","Headbutt","Headbutt"],"relics":["Burning Blood","Torii","Question Card","White Beast Statue","Bird Faced Urn"],"potions_floor_usage":[16,16,16,18,22,22,22,22,22,24,25],"damage_taken":[{"damage":10,"enemies":"Small Slimes","floor":1,"turns":3},{"damage":11,"enemies":"Jaw Worm","floor":2,"turns":2},{"damage":3,"enemies":"Cultist","floor":5,"turns":4},{"damage":20,"enemies":"Exordium Thugs","floor":7,"turns":4},{"damage":15,"enemies":"3 Louse","floor":12,"turns":3},{"damage":1,"enemies":"Looter","floor":14,"turns":2},{"damage":41,"enemies":"The Guardian","floor":16,"turns":8},{"damage":34,"enemies":"3 Byrds","floor":18,"turns":4},{"damage":51,"enemies":"Shell Parasite","floor":22,"turns":6},{"damage":29,"enemies":"Snake Plant","floor":24,"turns":4},{"damage":44,"enemies":"Chosen and Byrds","floor":25,"turns":4}],"seed_played":"-1577341136018328863","potions_obtained":[{"floor":2,"key":"Strength Potion"},{"floor":5,"key":"FearPotion"},{"floor":7,"key":"SpeedPotion"},{"floor":16,"key":"Weak Potion"},{"floor":18,"key":"EntropicBrew"},{"floor":22,"key":"SteroidPotion"},{"floor":24,"key":"GamblersBrew"}],"is_trial":false,"path_per_floor":["M","M","$","?","M","R","M","?","T","R","?","M","R","M","R","B",null,"M","?","?","$","M","R","M","M"],"character_chosen":"IRONCLAD","items_purchased":["Fire Breathing","Flex","Dual Wield","Armaments","Regen Potion"],"campfire_rested":1,"item_purchase_floors":[3,3,21,21,21],"current_hp_per_floor":[68,63,63,63,66,66,52,70,70,70,70,61,61,66,66,31,72,50,50,50,50,22,43,20,0],"gold":84,"neow_bonus":"ONE_RARE_RELIC","is_prod":false,"is_daily":false,"chose_seed":false,"campfire_upgraded":4,"win_rate":0.0,"timestamp":1556689944,"path_taken":["M","M","$","?","M","R","M","?","T","R","?","M","R","M","R","BOSS","M","?","?","$","M","R","M","M"],"build_version":"2019-01-23","purchased_purges":0,"victory":false,"max_hp_per_floor":[72,72,72,72,72,72,72,72,72,72,72,72,72,72,72,72,72,72,72,72,72,72,72,72,72],"card_choices":[{"not_picked":["Pommel Strike","Spot Weakness"],"picked":"Burning Pact","floor":1},{"not_picked":["Sever Soul","Cleave"],"picked":"Combust","floor":2},{"not_picked":["Shockwave","Perfected Strike"],"picked":"Searing Blow","floor":5},{"not_picked":["Limit Break","Anger"],"picked":"Bloodletting","floor":7},{"not_picked":["Cleave","Headbutt","Armaments"],"picked":"Offering","floor":12},{"not_picked":["Pommel Strike","Entrench","Blood for Blood"],"picked":"Carnage","floor":14},{"not_picked":["Feed","Bludgeon","Juggernaut"],"picked":"Reaper","floor":16},{"not_picked":["Uppercut+1","Perfected Strike+1","Sword Boomerang"],"picked":"Flex","floor":18},{"not_picked":["Anger","Infernal Blade+1","Pommel Strike"],"picked":"Headbutt","floor":22},{"not_picked":["Clash","Clothesline","True Grit"],"picked":"Headbutt","floor":24}],"player_experience":27967,"relics_obtained":[{"floor":9,"key":"Question Card"}],"event_choices":[{"damage_healed":0,"gold_gain":0,"cards_transformed":["Strike_R"],"player_choice":"Change","damage_taken":0,"max_hp_gain":0,"max_hp_loss":0,"event_name":"Living Wall","floor":4,"gold_loss":0,"cards_obtained":["Burning Pact"]},{"damage_healed":18,"gold_gain":0,"player_choice":"Healed","damage_taken":0,"max_hp_gain":0,"max_hp_loss":0,"event_name":"The Cleric","floor":8,"gold_loss":35},{"damage_healed":0,"gold_gain":71,"player_choice":"Gained Gold","damage_taken":0,"max_hp_gain":0,"max_hp_loss":0,"event_name":"Golden Wing","floor":11,"gold_loss":0},{"damage_healed":0,"gold_gain":0,"player_choice":"Opened","damage_taken":0,"relics_obtained":["Bird Faced Urn"],"max_hp_gain":0,"max_hp_loss":0,"event_name":"The Mausoleum","floor":19,"gold_loss":0,"cards_obtained":["Writhe"]},{"damage_healed":0,"gold_gain":0,"player_choice":"Forge","damage_taken":0,"max_hp_gain":0,"max_hp_loss":0,"event_name":"Accursed Blacksmith","floor":20,"gold_loss":0,"cards_upgraded":["Searing Blow"]}],"is_beta":false,"boss_relics":[{"not_picked":["Coffee Dripper","Mark of Pain"],"picked":"White Beast Statue"}],"items_purged_floors":[],"is_endless":false,"potions_floor_spawned":[2,5,7,16,18,22,24],"killed_by":"Chosen and Byrds","ascension_level":0}