{"gold_per_floor":[109,127,127,137,137,137,148,148,174,186,208,145,178,4,4,108,108,124,44,59,59,73,73,173,189,189,199,0,14,14,27,27,126,126,141,154,170,45,63,63,83,83,109,109,119,135,0,11,11,11],"floor_reached":51,"playtime":4691,"items_purged":["Defend_R","Strike_R","Defend_R"],"score":680,"play_id":"231e45ef-ee8e-4a8e-a30d-a582f6cdc3ad","local_time":"20180901012839","is_ascension_mode":false,"campfire_choices":[{"data":"Iron Wave","floor":6.0,"key":"SMITH"},{"data":"Headbutt","floor":8.0,"key":"SMITH"},{"data":"Shrug It Off","floor":15.0,"key":"SMITH"},{"data":"Inflame","floor":30,"key":"SMITH"},{"data":"Flame Barrier","floor":32,"key":"SMITH"},{"data":"Limit Break","floor":40,"key":"SMITH"},{"data":"Madness","floor":44,"key":"SMITH"},{"data":"Flex","floor":49,"key":"SMITH"}],"neow_cost":"NONE","seed_source_timestamp":0,"circlet_count":0,"master_deck":["Strike_R","Strike_R","Strike_R","Strike_R","Defend_R","Bash+1","Flex+1","Iron Wave+1","Shrug It Off+1","Headbutt+1","Inflame+1","Dropkick","Reaper","Flame Barrier+1","Thunderclap+1","True Grit+1","Immolate","Battle Trance","Dropkick","Whirlwind+1","Limit Break+1","Heavy Blade","Heavy Blade+1","Pommel Strike+1","Inflame+1","Madness+1","Madness","Warcry+1"],"special_seed":0,"relics":["Burning Blood","Centennial Puzzle","MawBank","GremlinMask","Mercury Hourglass","Coffee Dripper","Enchiridion","Magic Flower","Question Card","Incense Burner","Lee\u0027s Waffle","Eternal Feather","Orichalcum","Red Mask"],"potions_floor_usage":[22,24,27,31,33,50,50],"damage_taken":[{"damage":7.0,"enemies":"2 Louse","floor":1.0,"turns":4.0},{"damage":1.0,"enemies":"Jaw Worm","floor":2.0,"turns":3.0},{"damage":1.0,"enemies":"Cultist","floor":4.0,"turns":3.0},{"damage":10.0,"enemies":"Large Slime","floor":7.0,"turns":6.0},{"damage":7.0,"enemies":"2 Fungi Beasts","floor":11.0,"turns":3.0},{"damage":21.0,"enemies":"Lagavulin","floor":13.0,"turns":6.0},{"damage":0,"enemies":"Slime Boss","floor":16,"turns":7},{"damage":8,"enemies":"Shell Parasite","floor":18,"turns":3},{"damage":4,"enemies":"Spheric Guardian","floor":20,"turns":4},{"damage":9,"enemies":"Snake Plant","floor":22,"turns":3},{"damage":11,"enemies":"Colosseum Slavers","floor":24,"turns":3},{"damage":33,"enemies":"Colosseum Nobs","floor":24,"turns":5},{"damage":2,"enemies":"Cultist and Chosen","floor":25,"turns":5},{"damage":18,"enemies":"Sentry and Sphere","floor":27,"turns":6},{"damage":21,"enemies":"Snake Plant","floor":29,"turns":3},{"damage":8,"enemies":"Centurion and Healer","floor":31,"turns":4},{"damage":68,"enemies":"Automaton","floor":33,"turns":8},{"damage":3,"enemies":"3 Darklings","floor":35,"turns":3},{"damage":24,"enemies":"3 Shapes","floor":36,"turns":3},{"damage":22,"enemies":"Reptomancer","floor":37,"turns":4},{"damage":15,"enemies":"Maw","floor":39,"turns":6},{"damage":8,"enemies":"3 Darklings","floor":41,"turns":4},{"damage":10,"enemies":"Spire Growth","floor":45,"turns":4},{"damage":17,"enemies":"Reptomancer","floor":46,"turns":4},{"damage":14,"enemies":"4 Shapes","floor":48,"turns":4},{"damage":72,"enemies":"Awakened One","floor":50,"turns":7}],"seed_played":"4007619959042595862","potions_obtained":[{"floor":2.0,"key":"SteroidPotion"},{"floor":16,"key":"LiquidBronze"},{"floor":22,"key":"BloodPotion"},{"floor":25,"key":"Regen Potion"},{"floor":27,"key":"Fire Potion"},{"floor":29,"key":"Swift Potion"},{"floor":39,"key":"SpeedPotion"},{"floor":41,"key":"Fire Potion"},{"floor":45,"key":"FearPotion"}],"is_trial":false,"path_per_floor":["M","M","?","M","?","R","M","R","T","?","M","$","E","$","R","B",null,"M","$","M","?","M","?","?","M","T","M","$","M","R","M","R","B",null,"M","M","M","$","M","R","M","?","T","R","M","M","?","M","R","B"],"character_chosen":"IRONCLAD","items_purchased":["Dropkick","Flame Barrier","Lee\u0027s Waffle"],"campfire_rested":0,"item_purchase_floors":[14,19,28],"current_hp_per_floor":[79,80,62,67,67,67,63,63,63,63,62,62,47,47,47,53,80,78,78,80,80,77,61,37,62,62,72,87,75,75,76,76,40,87,87,72,59,59,53,65,87,76,76,87,87,79,79,74,87,24],"gold":11,"neow_bonus":"UPGRADE_CARD","is_prod":false,"is_daily":false,"chose_seed":false,"campfire_upgraded":8,"win_rate":0,"timestamp":1535790519,"path_taken":["M","M","?","M","?","R","M","R","T","?","M","$","E","$","R","BOSS","M","$","M","?","M","?","?","?","T","M","$","M","R","M","R","BOSS","M","M","M","$","M","R","M","?","T","R","M","?","?","M","R","BOSS"],"build_version":"2018-08-30","purchased_purges":3,"victory":true,"max_hp_per_floor":[80,80,80,80,80,80,80,80,80,80,80,80,80,80,80,80,80,80,80,80,80,80,80,80,80,80,80,87,87,87,87,87,87,87,87,87,87,87,87,87,87,87,87,87,87,87,87,87,87,87],"card_choices":[{"not_picked":["Bloodletting","Rage"],"picked":"Flex","floor":1.0},{"not_picked":["Perfected Strike","Clothesline"],"picked":"Iron Wave","floor":2.0},{"not_picked":["Heavy Blade","Metallicize"],"picked":"Shrug It Off","floor":4.0},{"not_picked":["Corruption","Power Through"],"picked":"Headbutt","floor":7.0},{"not_picked":["Carnage","Wild Strike","Clash"],"picked":"SKIP","floor":11.0},{"not_picked":["Metallicize","Heavy Blade"],"picked":"Inflame","floor":13.0},{"not_picked":["Juggernaut","Exhume"],"picked":"Reaper","floor":16},{"not_picked":["Metallicize","Perfected Strike+1","Entrench"],"picked":"SKIP","floor":18},{"not_picked":["Body Slam","Sever Soul"],"picked":"Thunderclap+1","floor":20},{"not_picked":["Headbutt","Second Wind"],"picked":"True Grit+1","floor":22},{"not_picked":["Twin Strike+1","Sword Boomerang"],"picked":"Immolate","floor":24},{"not_picked":["Sever Soul","Clothesline","Thunderclap"],"picked":"Battle Trance","floor":25},{"not_picked":["Corruption","Battle Trance+1","Body Slam"],"picked":"Dropkick","floor":27},{"not_picked":["Havoc","Clothesline+1","Rage"],"picked":"Whirlwind+1","floor":29},{"not_picked":["Clothesline","Burning Pact","Reckless Charge+1","Thunderclap"],"picked":"SKIP","floor":31},{"not_picked":["Brutality","Demon Form","Feed"],"picked":"Limit Break","floor":33},{"not_picked":["Rage","Power Through","Warcry+1"],"picked":"Heavy Blade","floor":35},{"not_picked":["Pummel","Thunderclap","Dual Wield+1"],"picked":"Heavy Blade+1","floor":36},{"not_picked":["Feel No Pain+1","Body Slam+1","Cleave","Thunderclap+1"],"picked":"SKIP","floor":37},{"not_picked":["Rupture+1","Berserk","Cleave+1"],"picked":"Pommel Strike+1","floor":39},{"not_picked":["Headbutt+1","Clothesline","Fire Breathing"],"picked":"Inflame+1","floor":41},{"not_picked":["Headbutt","Twin Strike+1","Anger+1"],"picked":"Warcry+1","floor":45},{"not_picked":["Feel No Pain","Headbutt+1","Pommel Strike","Infernal Blade+1"],"picked":"SKIP","floor":46},{"not_picked":["Perfected Strike+1","Warcry+1","Limit Break","Shockwave+1"],"picked":"SKIP","floor":48}],"player_experience":217458,"relics_obtained":[{"floor":9.0,"key":"MawBank"},{"floor":13.0,"key":"Mercury Hourglass"},{"floor":23,"key":"Enchiridion"},{"floor":24,"key":"Magic Flower"},{"floor":24,"key":"Question Card"},{"floor":26,"key":"Incense Burner"},{"floor":43,"key":"Orichalcum"}],"event_choices":[{"event_name":"Scrap Ooze","player_choice":"success","floor":3.0,"damage_taken":18.0},{"event_name":"Living Wall","player_choice":"Forget","floor":5.0,"damage_taken":0.0},{"event_name":"FaceTrader","player_choice":"Trade","floor":10.0,"damage_taken":0.0},{"event_name":"The Mausoleum","player_choice":"No","floor":21,"damage_taken":0},{"event_name":"Cursed Tome","player_choice":"Obtained Book","floor":23,"damage_taken":0},{"event_name":"Colosseum","player_choice":"Fight","floor":24,"damage_taken":0},{"event_name":"Colosseum","player_choice":"Fought Nobs","floor":24,"damage_taken":0},{"event_name":"Winding Halls","player_choice":"Embrace Madness","floor":42,"damage_taken":0},{"event_name":"Tomb of Lord Red Mask","player_choice":"Paid","floor":47,"damage_taken":0}],"is_beta":false,"boss_relics":[{"not_picked":["Busted Crown","Runic Dome"],"picked":"Coffee Dripper"},{"not_picked":["Lizard Tail","Calling Bell"],"picked":"Eternal Feather"}],"items_purged_floors":[12,14,38],"is_endless":false,"potions_floor_spawned":[2,16,22,25,27,29,39,41,45,46],"ascension_level":0}