{"gold_per_floor":[118,130,130,230,84,84,96,106,130,55,72,87,11,36,36,36],"floor_reached":16,"playtime":593,"items_purged":["Strike_B"],"score":102,"play_id":"bb1faa88-fc2e-44d8-b4ea-d2b641fc7e92","local_time":"20181208150043","is_ascension_mode":false,"campfire_choices":[{"data":"Dualcast","floor":6,"key":"SMITH"},{"floor":15,"key":"REST"}],"neow_cost":"TEN_PERCENT_HP_LOSS","seed_source_timestamp":117228312962600,"circlet_count":0,"master_deck":["Strike_B","Strike_B","Strike_B","Defend_B","Defend_B","Defend_B","Defend_B","Zap+1","Dualcast+1","FTL","Fission","Capacitor","Barrage","Barrage","Conserve Battery","Self Repair","Echo Form"],"relics":["Cracked Core","StoneCalendar","Oddly Smooth Stone","Omamori"],"potions_floor_usage":[14],"damage_taken":[{"damage":1,"enemies":"Jaw Worm","floor":1,"turns":3},{"damage":2,"enemies":"2 Louse","floor":2,"turns":2},{"damage":0,"enemies":"Cultist","floor":7,"turns":3},{"damage":8,"enemies":"Red Slaver","floor":8,"turns":3},{"damage":22,"enemies":"Large Slime","floor":11,"turns":6},{"damage":13,"enemies":"Blue Slaver","floor":12,"turns":5},{"damage":25,"enemies":"3 Sentries","floor":14,"turns":7},{"damage":57,"enemies":"The Guardian","floor":16,"turns":12}],"seed_played":"-4423021356982436968","potions_obtained":[{"floor":1,"key":"AttackPotion"},{"floor":7,"key":"FairyPotion"},{"floor":12,"key":"Regen Potion"},{"floor":14,"key":"SpeedPotion"}],"is_trial":false,"path_per_floor":["M","M","?","?","$","R","M","M","T","$","M","M","$","E","R","B"],"character_chosen":"DEFECT","items_purchased":["Fission","Capacitor","Self Repair"],"campfire_rested":1,"item_purchase_floors":[5,5,13],"current_hp_per_floor":[67,65,65,65,65,65,65,57,57,57,35,22,22,19,39,0],"gold":36,"neow_bonus":"ONE_RARE_RELIC","is_prod":false,"is_daily":false,"chose_seed":false,"campfire_upgraded":1,"win_rate":0,"timestamp":1544277643,"path_taken":["M","M","?","?","$","R","M","?","T","$","M","M","?","E","R","BOSS"],"build_version":"2018-12-06","purchased_purges":1,"victory":false,"max_hp_per_floor":[68,68,68,68,68,68,68,68,68,68,68,68,68,68,68,68],"card_choices":[{"not_picked":["Scrape","Rebound","Darkness"],"picked":"SKIP","floor":1},{"not_picked":["Static Discharge","Chill"],"picked":"FTL","floor":2},{"not_picked":["Chill","Blizzard"],"picked":"Barrage","floor":7},{"not_picked":["Leap","Reprogram"],"picked":"Barrage","floor":8},{"not_picked":["Blizzard","Sweeping Beam"],"picked":"Conserve Battery","floor":11},{"not_picked":["Stack","Rebound","Aggregate"],"picked":"SKIP","floor":12},{"not_picked":["Go for the Eyes","Static Discharge"],"picked":"Echo Form","floor":14}],"player_experience":242592,"relics_obtained":[{"floor":9,"key":"Oddly Smooth Stone"},{"floor":14,"key":"Omamori"}],"event_choices":[{"damage_healed":0,"gold_gain":0,"player_choice":"Grow","damage_taken":0,"max_hp_gain":0,"max_hp_loss":0,"event_name":"Living Wall","floor":3,"gold_loss":0,"cards_upgraded":["Zap"]},{"damage_healed":0,"gold_gain":100,"player_choice":"Pray","damage_taken":0,"max_hp_gain":0,"max_hp_loss":0,"event_name":"Golden Shrine","floor":4,"gold_loss":0}],"is_beta":false,"boss_relics":[],"items_purged_floors":[10],"is_endless":false,"potions_floor_spawned":[1,7,12,14],"killed_by":"The Guardian","ascension_level":0}