{"gold_per_floor":[115,115,134,144,157,157,191,191,216,216,228,239,259,270,270,369,369,384,399,150,161,161,161,181,181,207,207,207,82,82,82,82,185,185,201,219,219,33,43,43,43],"floor_reached":41,"playtime":1402,"items_purged":[],"score":420,"play_id":"9400bee2-1e78-4469-aeac-2a9652de9fce","local_time":"20190220154610","is_ascension_mode":false,"campfire_choices":[{"data":"Whirlwind","floor":6,"key":"SMITH"},{"data":"Limit Break","floor":8,"key":"SMITH"},{"data":"Twin Strike","floor":10,"key":"SMITH"},{"data":"Heavy Blade","floor":15,"key":"SMITH"},{"floor":23,"key":"REST"},{"data":"Bludgeon","floor":25,"key":"SMITH"},{"data":"RitualDagger","floor":28,"key":"SMITH"},{"data":"Rampage","floor":30,"key":"SMITH"},{"data":"Flame Barrier","floor":32,"key":"SMITH"},{"floor":40,"key":"REST"}],"neow_cost":"NONE","seed_source_timestamp":10628724739158,"circlet_count":0,"master_deck":["Strike_R","Strike_R","Strike_R","Strike_R","Strike_R","Defend_R","Defend_R","Defend_R","Defend_R","Wild Strike","Twin Strike+1","Limit Break+1","Flame Barrier+1","Heavy Blade+1","Iron Wave","Bludgeon+1","Rampage+1","Flame Barrier+1","Battle Trance","RitualDagger+1","Reaper","Flex+1","Carnage","Double Tap","Body Slam+1"],"relics":["Burning Blood","Centennial Puzzle","Vajra","Omamori","Philosopher\u0027s Stone","Pen Nib","Potion Belt","Strawberry","Meat on the Bone","Runic Pyramid"],"potions_floor_usage":[7,7,18,18,33,33,33,33,35,39,41],"damage_taken":[{"damage":1,"enemies":"Cultist","floor":1,"turns":3},{"damage":1,"enemies":"Jaw Worm","floor":3,"turns":3},{"damage":0,"enemies":"2 Louse","floor":4,"turns":1},{"damage":7,"enemies":"Looter","floor":5,"turns":4},{"damage":17,"enemies":"3 Sentries","floor":7,"turns":6},{"damage":4,"enemies":"Blue Slaver","floor":11,"turns":3},{"damage":0,"enemies":"3 Louse","floor":12,"turns":1},{"damage":5,"enemies":"Looter","floor":13,"turns":3},{"damage":10,"enemies":"Exordium Thugs","floor":14,"turns":3},{"damage":39,"enemies":"Hexaghost","floor":16,"turns":9},{"damage":6,"enemies":"2 Thieves","floor":18,"turns":3},{"damage":25,"enemies":"Spheric Guardian","floor":19,"turns":4},{"damage":4,"enemies":"Snecko","floor":21,"turns":3},{"damage":0,"enemies":"Chosen and Byrds","floor":24,"turns":3},{"damage":8,"enemies":"Automaton","floor":33,"turns":6},{"damage":25,"enemies":"3 Darklings","floor":35,"turns":3},{"damage":21,"enemies":"3 Shapes","floor":36,"turns":5},{"damage":32,"enemies":"Writhing Mass","floor":39,"turns":3},{"damage":122,"enemies":"Giant Head","floor":41,"turns":8}],"seed_played":"3971747140787027717","potions_obtained":[{"floor":4,"key":"PowerPotion"},{"floor":5,"key":"AttackPotion"},{"floor":11,"key":"SkillPotion"},{"floor":12,"key":"Fire Potion"},{"floor":16,"key":"Ancient Potion"},{"floor":21,"key":"Weak Potion"},{"floor":33,"key":"Swift Potion"}],"is_trial":false,"path_per_floor":["M","?","M","M","M","R","E","R","T","R","M","M","M","M","R","B",null,"M","M","$","M","?","R","M","R","T","?","R","$","R","T","R","B",null,"M","M","?","$","M","R","E"],"character_chosen":"IRONCLAD","items_purchased":["Pen Nib","Fire Potion","PowerPotion","Explosive Potion","EssenceOfSteel","Double Tap","Fire Potion"],"campfire_rested":2,"item_purchase_floors":[20,20,20,29,29,38,38],"current_hp_per_floor":[80,80,80,80,79,79,68,68,68,68,70,76,77,73,73,40,80,80,61,61,63,57,80,80,80,80,87,87,87,87,87,87,85,87,68,59,59,59,51,77,0],"gold":43,"neow_bonus":"RANDOM_COMMON_RELIC","is_prod":false,"is_daily":false,"chose_seed":false,"campfire_upgraded":8,"win_rate":0,"timestamp":1550699170,"path_taken":["M","?","M","M","M","R","E","R","T","R","M","M","M","M","R","BOSS","M","M","?","?","?","R","M","R","T","?","R","$","R","?","R","BOSS","M","M","?","$","M","R","E"],"build_version":"2019-01-23","purchased_purges":0,"victory":false,"max_hp_per_floor":[80,80,80,80,80,80,80,80,80,80,80,80,80,80,80,80,80,80,80,80,80,80,80,80,80,80,87,87,87,87,87,87,87,87,87,87,87,87,87,87,87],"card_choices":[{"not_picked":["Infernal Blade","Thunderclap"],"picked":"Wild Strike","floor":1},{"not_picked":["Sentinel","Headbutt"],"picked":"Whirlwind","floor":3},{"not_picked":["Anger","Thunderclap","Perfected Strike"],"picked":"SKIP","floor":4},{"not_picked":["Headbutt","Heavy Blade"],"picked":"Twin Strike","floor":5},{"not_picked":["Armaments","Anger"],"picked":"Limit Break","floor":7},{"not_picked":["Evolve","Rage"],"picked":"Flame Barrier","floor":11},{"not_picked":["Clash","Headbutt"],"picked":"Heavy Blade","floor":12},{"not_picked":["Shrug It Off","Shockwave"],"picked":"Iron Wave","floor":13},{"not_picked":["Reckless Charge","Clothesline","Rage"],"picked":"SKIP","floor":14},{"not_picked":["Dark Embrace","Juggernaut"],"picked":"Bludgeon","floor":16},{"not_picked":["Shockwave","Twin Strike"],"picked":"Rampage","floor":18},{"not_picked":["Sentinel","Thunderclap"],"picked":"Flame Barrier+1","floor":19},{"not_picked":["Metallicize","Reckless Charge+1"],"picked":"Battle Trance","floor":21},{"not_picked":["Body Slam","Battle Trance","Thunderclap+1"],"picked":"SKIP","floor":24},{"not_picked":["Impervious","Brutality"],"picked":"Reaper","floor":33},{"not_picked":["Body Slam+1","Anger"],"picked":"Flex+1","floor":35},{"not_picked":["Pommel Strike","Cleave"],"picked":"Carnage","floor":36},{"not_picked":["Flex+1","Dropkick+1"],"picked":"Body Slam+1","floor":39}],"player_experience":275901,"relics_obtained":[{"floor":7,"key":"Vajra"},{"floor":9,"key":"Omamori"},{"floor":26,"key":"Potion Belt"},{"floor":31,"key":"Meat on the Bone"}],"event_choices":[{"cards_removed":["Bash"],"damage_healed":0,"gold_gain":0,"player_choice":"Offered Basic","damage_taken":0,"max_hp_gain":0,"max_hp_loss":0,"event_name":"Bonfire Elementals","floor":2,"gold_loss":0},{"damage_healed":0,"gold_gain":0,"player_choice":"Joined the Cult","damage_taken":6,"max_hp_gain":0,"max_hp_loss":0,"event_name":"Nest","floor":22,"gold_loss":0,"cards_obtained":["RitualDagger"]},{"damage_healed":0,"gold_gain":0,"player_choice":"Opened","damage_taken":0,"relics_obtained":["Strawberry"],"max_hp_gain":0,"max_hp_loss":0,"event_name":"The Mausoleum","floor":27,"gold_loss":0,"cards_obtained":["Writhe"]},{"cards_removed":["Whirlwind"],"damage_healed":0,"gold_gain":0,"player_choice":"Removed Attack","damage_taken":0,"max_hp_gain":0,"max_hp_loss":0,"event_name":"Falling","floor":37,"gold_loss":0}],"is_beta":false,"boss_relics":[{"not_picked":["Snecko Eye","Ectoplasm"],"picked":"Philosopher\u0027s Stone"},{"not_picked":["Busted Crown","Empty Cage"],"picked":"Runic Pyramid"}],"items_purged_floors":[],"is_endless":false,"potions_floor_spawned":[4,5,11,12,16,21,33],"killed_by":"Giant Head","ascension_level":0}