{"gold_per_floor":[119,69,83,97,116,141,88,88,136,147,178,194,194,205,205,303,303,284,296,296,315,111,111,123,141,141,60,76,76],"floor_reached":29,"playtime":1450,"items_purged":[],"score":253,"play_id":"148e8e75-be11-4303-8a93-20dab1e6a057","local_time":"20190215132847","is_ascension_mode":true,"campfire_choices":[{"data":"Neutralize","floor":8,"key":"SMITH"},{"data":"Reflex","floor":13,"key":"SMITH"},{"floor":15,"key":"REST"},{"floor":23,"key":"REST"}],"neow_cost":"NONE","seed_source_timestamp":4139314537509,"circlet_count":0,"master_deck":["Defend_G","Defend_G","Defend_G","Defend_G","Defend_G","Strike_G","Strike_G","Strike_G","Strike_G","Survivor","Neutralize+1","Flying Knee","Prepared","Predator+1","Caltrops","Dagger Spray","Reflex+1","Noxious Fumes","Grand Finale","Cloak And Dagger","Bane+1","Backstab","Blade Dance"],"relics":["Busted Crown","Darkstone Periapt","Boot","Orichalcum","Sozu","Lantern","Letter Opener"],"potions_floor_usage":[6,6,10,11,16,18],"damage_taken":[{"damage":0,"enemies":"Small Slimes","floor":1,"turns":3},{"damage":0,"enemies":"Jaw Worm","floor":3,"turns":3},{"damage":0,"enemies":"Cultist","floor":4,"turns":3},{"damage":6,"enemies":"Large Slime","floor":5,"turns":8},{"damage":16,"enemies":"3 Sentries","floor":6,"turns":7},{"damage":0,"enemies":"Gremlin Gang","floor":10,"turns":2},{"damage":8,"enemies":"Gremlin Nob","floor":11,"turns":3},{"damage":2,"enemies":"Looter","floor":12,"turns":3},{"damage":0,"enemies":"Exordium Thugs","floor":14,"turns":3},{"damage":21,"enemies":"Slime Boss","floor":16,"turns":9},{"damage":7,"enemies":"2 Thieves","floor":18,"turns":4},{"damage":26,"enemies":"Spheric Guardian","floor":19,"turns":6},{"damage":21,"enemies":"3 Cultists","floor":21,"turns":5},{"damage":3,"enemies":"Cultist and Chosen","floor":24,"turns":6},{"damage":19,"enemies":"Centurion and Healer","floor":25,"turns":5},{"damage":11,"enemies":"Shelled Parasite and Fungi","floor":28,"turns":6},{"damage":9,"enemies":"Snake Plant","floor":29,"turns":1}],"seed_played":"7273434249623234248","potions_obtained":[{"floor":3,"key":"Explosive Potion"},{"floor":5,"key":"Poison Potion"},{"floor":6,"key":"Fire Potion"},{"floor":10,"key":"Fire Potion"},{"floor":14,"key":"AttackPotion"},{"floor":16,"key":"GamblersBrew"}],"is_trial":false,"path_per_floor":["M","?","M","M","M","E","$","R","T","M","E","M","R","M","R","B",null,"M","M","?","M","$","R","M","M","T","$","M","M"],"character_chosen":"THE_SILENT","items_purchased":["Dagger Spray","Lantern","Cloak And Dagger","Backstab"],"campfire_rested":2,"item_purchase_floors":[7,22,22,27],"current_hp_per_floor":[70,70,70,70,64,48,48,48,48,48,40,38,38,38,59,38,70,63,37,37,16,16,37,34,15,15,15,4,0],"gold":76,"neow_bonus":"BOSS_RELIC","is_prod":false,"is_daily":false,"chose_seed":false,"campfire_upgraded":2,"win_rate":0,"timestamp":1550258927,"path_taken":["M","?","M","M","M","E","?","R","T","M","E","?","R","M","R","BOSS","M","M","?","?","$","R","M","M","T","$","M","M"],"build_version":"2019-01-23","purchased_purges":0,"victory":false,"max_hp_per_floor":[70,70,70,70,70,70,70,70,70,70,70,70,70,70,70,70,70,70,70,70,70,70,70,70,70,70,70,70,70],"card_choices":[{"not_picked":[],"picked":"Flying Knee","floor":1},{"not_picked":[],"picked":"Prepared","floor":3},{"not_picked":[],"picked":"Predator","floor":4},{"not_picked":[],"picked":"Caltrops","floor":5},{"not_picked":["Bane"],"picked":"SKIP","floor":6},{"not_picked":["Prepared"],"picked":"SKIP","floor":10},{"not_picked":["Prepared"],"picked":"SKIP","floor":11},{"not_picked":[],"picked":"Reflex","floor":12},{"not_picked":[],"picked":"Noxious Fumes","floor":14},{"not_picked":[],"picked":"Grand Finale","floor":16},{"not_picked":["Bane"],"picked":"SKIP","floor":18},{"not_picked":["Prepared"],"picked":"SKIP","floor":19},{"not_picked":["Well Laid Plans"],"picked":"SKIP","floor":21},{"not_picked":[],"picked":"Bane+1","floor":24},{"not_picked":["Flying Knee"],"picked":"SKIP","floor":25},{"not_picked":[],"picked":"Blade Dance","floor":28}],"player_experience":131270,"relics_obtained":[{"floor":6,"key":"Darkstone Periapt"},{"floor":9,"key":"Boot"},{"floor":11,"key":"Orichalcum"},{"floor":26,"key":"Letter Opener"}],"event_choices":[{"cards_removed":["Strike_G"],"damage_healed":0,"gold_gain":0,"player_choice":"Card Removal","damage_taken":0,"max_hp_gain":0,"max_hp_loss":0,"event_name":"The Cleric","floor":2,"gold_loss":50},{"damage_healed":0,"gold_gain":0,"player_choice":"Forge","damage_taken":0,"max_hp_gain":0,"max_hp_loss":0,"event_name":"Accursed Blacksmith","floor":20,"gold_loss":0,"cards_upgraded":["Predator"]}],"is_beta":false,"boss_relics":[{"not_picked":["Velvet Choker","Cursed Key"],"picked":"Sozu"}],"items_purged_floors":[],"is_endless":false,"potions_floor_spawned":[3,5,6,10,14,16,19,21,28],"killed_by":"Snake Plant","ascension_level":1}