{"gold_per_floor":[19,30,40,56,66,66,66,101,101,101,101,132,144,171,183,195],"floor_reached":16,"playtime":1719,"items_purged":[],"score":151,"play_id":"c35feb9e-8bd9-44e3-a797-78971ac40cf0","local_time":"20190119092839","is_ascension_mode":true,"campfire_choices":[{"data":"Glacier","floor":6,"key":"SMITH"},{"data":"Hologram","floor":10,"key":"SMITH"},{"data":"Zap","floor":13,"key":"SMITH"},{"data":"Dualcast","floor":15,"key":"SMITH"}],"neow_cost":"NO_GOLD","seed_source_timestamp":149987187574300,"circlet_count":0,"master_deck":["Strike_B","Strike_B","Strike_B","Strike_B","Defend_B","Defend_B","Defend_B","Defend_B","Zap+1","Dualcast+1","Flash of Steel","Trip","Scrape","Glacier+1","Hologram+1","Seek"],"relics":["Cracked Core","Happy Flower","Orichalcum","MawBank"],"potions_floor_usage":[12,16],"damage_taken":[{"damage":0,"enemies":"Small Slimes","floor":1,"turns":2},{"damage":2,"enemies":"Jaw Worm","floor":2,"turns":2},{"damage":0,"enemies":"2 Louse","floor":3,"turns":2},{"damage":5,"enemies":"Gremlin Gang","floor":4,"turns":5},{"damage":0,"enemies":"Large Slime","floor":5,"turns":4},{"damage":32,"enemies":"Gremlin Nob","floor":8,"turns":5},{"damage":22,"enemies":"3 Sentries","floor":12,"turns":10},{"damage":2,"enemies":"Lots of Slimes","floor":14,"turns":5},{"damage":46,"enemies":"Hexaghost","floor":16,"turns":12}],"seed_played":"594310960843658190","potions_obtained":[{"floor":2,"key":"Regen Potion"},{"floor":3,"key":"Dexterity Potion"},{"floor":5,"key":"Block Potion"},{"floor":14,"key":"Explosive Potion"}],"is_trial":false,"path_per_floor":["M","M","M","M","M","R","$","E","T","R","?","E","R","M","R","B"],"character_chosen":"DEFECT","items_purchased":[],"campfire_rested":0,"item_purchase_floors":[],"current_hp_per_floor":[68,66,66,61,61,61,61,29,29,29,54,47,47,45,45,0],"gold":195,"neow_bonus":"RANDOM_COLORLESS_2","is_prod":false,"is_daily":false,"chose_seed":false,"campfire_upgraded":4,"win_rate":0,"timestamp":1547915319,"path_taken":["M","M","M","M","M","R","$","E","T","R","?","E","R","M","R","BOSS"],"build_version":"2019-01-17v2","purchased_purges":0,"victory":false,"max_hp_per_floor":[75,75,75,75,75,75,75,75,75,75,75,75,75,75,75,75],"card_choices":[{"not_picked":["Conserve Battery","Blizzard","Coolheaded"],"picked":"SKIP","floor":1},{"not_picked":["Barrage","Steam Power"],"picked":"Scrape","floor":2},{"not_picked":["Stack","Turbo","Steam"],"picked":"SKIP","floor":3},{"not_picked":["Redo","Ball Lightning","Compile Driver"],"picked":"SKIP","floor":4},{"not_picked":["Barrage","Conserve Battery"],"picked":"Glacier","floor":5},{"not_picked":["Barrage","Doom and Gloom"],"picked":"Hologram","floor":8},{"not_picked":["Skim","Compile Driver"],"picked":"Seek","floor":12},{"not_picked":["Stack","Hologram","Lockon"],"picked":"SKIP","floor":14}],"player_experience":356607,"relics_obtained":[{"floor":8,"key":"Happy Flower"},{"floor":9,"key":"Orichalcum"},{"floor":12,"key":"MawBank"}],"event_choices":[{"damage_healed":25,"gold_gain":0,"player_choice":"Banana","damage_taken":0,"max_hp_gain":0,"max_hp_loss":0,"event_name":"Big Fish","floor":11,"gold_loss":0}],"is_beta":false,"boss_relics":[],"items_purged_floors":[],"is_endless":false,"potions_floor_spawned":[2,3,5,14],"killed_by":"Hexaghost","ascension_level":7}