{"gold_per_floor":[118,68,28,28,47,61,61,35,60,60,83,10,24,44,44,139,189,206,406,420,420,440,440,450,137,137,155,167,179,194,48,48,147,147,161,161,172,172,192,192,192,192,192,211,221,221],"floor_reached":46,"playtime":2087,"items_purged":["Gash"],"score":462,"play_id":"f2c1528a-1cca-4f0f-8fb0-64afe281a619","local_time":"20190217183358","is_ascension_mode":true,"campfire_choices":[{"data":"Rip and Tear","floor":7,"key":"SMITH"},{"data":"Zap","floor":10,"key":"SMITH"},{"data":"Static Discharge","floor":15,"key":"SMITH"},{"floor":23,"key":"REST"},{"floor":32,"key":"REST"},{"floor":40,"key":"RECALL"},{"floor":42,"key":"REST"}],"neow_cost":"NONE","seed_source_timestamp":25161328437833,"circlet_count":0,"master_deck":["Strike_B+1","Strike_B+1","Strike_B+1","Defend_B+1","Defend_B+1","Defend_B+1","Defend_B+1","Zap+1","Dualcast+1","Undo+1","Rip and Tear+1","Undo+1","Go for the Eyes+1","Redo+1","Static Discharge+1","Hologram+1","Electrodynamics+1","Ball Lightning+1","Stack+1","Leap+1","Auto Shields+1","Coolheaded+1","Chill+1","Self Repair+1","Tempest+1","Melter+1","Echo Form+1","Sunder+1","Leap+1","Stack+1","Hologram+1","Stack"],"relics":["Cracked Core","Bag of Preparation","Odd Mushroom","Tiny House","Ginger","Shuriken","Orrery","Mark of the Bloom","Anchor"],"potions_floor_usage":[16,16,17,20,22,33,33,44],"damage_taken":[{"damage":0,"enemies":"Small Slimes","floor":1,"turns":2},{"damage":0,"enemies":"2 Louse","floor":5,"turns":3},{"damage":0,"enemies":"Jaw Worm","floor":6,"turns":3},{"damage":6,"enemies":"The Mushroom Lair","floor":11,"turns":3},{"damage":7,"enemies":"Exordium Thugs","floor":13,"turns":6},{"damage":0,"enemies":"Looter","floor":14,"turns":3},{"damage":33,"enemies":"The Guardian","floor":16,"turns":7},{"damage":0,"enemies":"Chosen","floor":18,"turns":4},{"damage":10,"enemies":"2 Thieves","floor":20,"turns":3},{"damage":16,"enemies":"3 Cultists","floor":22,"turns":4},{"damage":7,"enemies":"Centurion and Healer","floor":24,"turns":6},{"damage":15,"enemies":"Shelled Parasite and Fungi","floor":27,"turns":5},{"damage":0,"enemies":"Cultist and Chosen","floor":28,"turns":6},{"damage":2,"enemies":"Sentry and Sphere","floor":29,"turns":8},{"damage":6,"enemies":"Snake Plant","floor":30,"turns":6},{"damage":57,"enemies":"Automaton","floor":33,"turns":11},{"damage":1,"enemies":"Orb Walker","floor":35,"turns":5},{"damage":0,"enemies":"3 Darklings","floor":37,"turns":4},{"damage":12,"enemies":"4 Shapes","floor":39,"turns":4},{"damage":0,"enemies":"Jaw Worm Horde","floor":44,"turns":4},{"damage":57,"enemies":"Maw","floor":45,"turns":10},{"damage":36,"enemies":"Giant Head","floor":46,"turns":6}],"seed_played":"-1932026809138741210","potions_obtained":[{"floor":0,"key":"Poison Potion"},{"floor":0,"key":"FairyPotion"},{"floor":0,"key":"SneckoOil"},{"floor":1,"key":"Poison Potion"},{"floor":6,"key":"PowerPotion"},{"floor":16,"key":"SkillPotion"},{"floor":17,"key":"Fruit Juice"},{"floor":20,"key":"GamblersBrew"},{"floor":29,"key":"Poison Potion"},{"floor":30,"key":"Block Potion"},{"floor":39,"key":"SpeedPotion"}],"is_trial":false,"path_per_floor":["M","?","$","?","M","M","R","$","T","R","?","$","M","M","R","B",null,"M","?","M","?","M","R","M","$","T","M","M","M","M","$","R","B",null,"M","?","M","?","M","R","?","R","T","M","M","E"],"character_chosen":"DEFECT","items_purchased":["Rip and Tear","Go for the Eyes","Static Discharge","Ginger","Melter"],"campfire_rested":3,"item_purchase_floors":[3,8,12,25,31],"current_hp_per_floor":[75,75,75,80,80,80,80,80,80,80,74,74,67,67,67,34,90,90,90,80,80,64,90,83,83,83,68,68,66,67,67,90,33,90,90,90,90,85,73,73,73,73,73,73,16,0],"gold":221,"neow_bonus":"THREE_SMALL_POTIONS","is_prod":false,"is_daily":false,"chose_seed":false,"campfire_upgraded":3,"win_rate":0,"timestamp":1550450038,"path_taken":["M","?","$","?","M","M","R","$","T","R","?","?","M","?","R","BOSS","M","?","?","?","M","R","M","?","T","M","M","M","M","?","R","BOSS","M","?","M","?","M","R","?","R","T","M","?","E"],"build_version":"2019-01-23","purchased_purges":1,"victory":false,"max_hp_per_floor":[75,75,75,80,80,80,80,80,80,80,80,80,80,80,80,80,90,90,90,90,90,90,90,90,90,90,90,90,90,90,90,90,90,90,90,90,90,85,85,85,95,95,95,95,95,95],"card_choices":[{"not_picked":["Hologram","Steam"],"picked":"Undo","floor":1},{"not_picked":["Blizzard","Hologram"],"picked":"Gash","floor":5},{"not_picked":["Fusion","Consume"],"picked":"Undo","floor":6},{"not_picked":["Aggregate","Coolheaded"],"picked":"Redo","floor":11},{"not_picked":["Barrage","Rebound"],"picked":"Hologram","floor":13},{"not_picked":["Rebound","Hologram"],"picked":"Hyperbeam","floor":14},{"not_picked":["Hyperbeam","Seek"],"picked":"Electrodynamics","floor":16},{"not_picked":["Hello World","Beam Cell"],"picked":"Ball Lightning+1","floor":18},{"not_picked":["Sweeping Beam+1","Turbo"],"picked":"Stack","floor":20},{"not_picked":["Blizzard","Melter"],"picked":"Leap+1","floor":22},{"not_picked":["Darkness","Lockon"],"picked":"Auto Shields","floor":24},{"not_picked":["Cold Snap","Ball Lightning"],"picked":"Coolheaded+1","floor":27},{"not_picked":["Storm","Compile Driver"],"picked":"Chill","floor":28},{"not_picked":["Compile Driver","Aggregate"],"picked":"Self Repair","floor":29},{"not_picked":["Steam Power","Cold Snap"],"picked":"Tempest+1","floor":30},{"not_picked":["Machine Learning","Meteor Strike"],"picked":"Echo Form","floor":33},{"not_picked":["Ball Lightning","Hologram"],"picked":"Sunder","floor":34},{"not_picked":["Compile Driver","Turbo"],"picked":"Leap+1","floor":34},{"not_picked":["Hologram","Steam Power"],"picked":"Stack+1","floor":34},{"not_picked":["Coolheaded","Streamline+1","Steam Power+1"],"picked":"SKIP","floor":35},{"not_picked":["Machine Learning","Leap+1"],"picked":"Hologram+1","floor":37},{"not_picked":["Sweeping Beam+1","Barrage+1","Scrape"],"picked":"SKIP","floor":39},{"not_picked":["Beam Cell","Gash+1"],"picked":"Stack","floor":44},{"not_picked":["Glacier","Cold Snap+1","Barrage+1"],"picked":"SKIP","floor":45}],"player_experience":191622,"relics_obtained":[{"floor":9,"key":"Bag of Preparation"},{"floor":11,"key":"Odd Mushroom"},{"floor":26,"key":"Shuriken"},{"floor":43,"key":"Anchor"}],"event_choices":[{"cards_removed":["Strike_B"],"damage_healed":0,"gold_gain":0,"player_choice":"Card Removal","damage_taken":0,"max_hp_gain":0,"max_hp_loss":0,"event_name":"The Cleric","floor":2,"gold_loss":50},{"damage_healed":0,"gold_gain":0,"player_choice":"Donut","damage_taken":0,"max_hp_gain":5,"max_hp_loss":0,"event_name":"Big Fish","floor":4,"gold_loss":0},{"damage_healed":0,"gold_gain":0,"player_choice":"Fought Mushrooms","damage_taken":0,"max_hp_gain":0,"max_hp_loss":0,"event_name":"Mushrooms","floor":11,"gold_loss":0},{"damage_healed":0,"gold_gain":200,"player_choice":"Gold","damage_taken":0,"max_hp_gain":0,"max_hp_loss":0,"event_name":"Wheel of Change","floor":19,"gold_loss":0},{"damage_healed":0,"gold_gain":0,"player_choice":"Simplicity","damage_taken":0,"max_hp_gain":0,"max_hp_loss":0,"event_name":"Back to Basics","floor":21,"gold_loss":0,"cards_upgraded":["Strike_B","Strike_B","Strike_B","Defend_B","Defend_B","Defend_B"]},{"damage_healed":0,"gold_gain":0,"player_choice":"Upgrade","damage_taken":0,"relics_obtained":["Mark of the Bloom"],"max_hp_gain":0,"max_hp_loss":0,"event_name":"MindBloom","floor":36,"gold_loss":0,"cards_upgraded":["Dualcast","Undo","Undo","Go for the Eyes","Redo","Hologram","Hyperbeam","Electrodynamics","Stack","Auto Shields","Chill","Self Repair","Melter","Echo Form","Sunder"]},{"damage_healed":0,"gold_gain":0,"player_choice":"Max HP","damage_taken":0,"max_hp_gain":0,"max_hp_loss":5,"event_name":"Winding Halls","floor":38,"gold_loss":0},{"cards_removed":["Hyperbeam"],"damage_healed":12,"gold_gain":0,"player_choice":"Offered Rare","damage_taken":0,"max_hp_gain":10,"max_hp_loss":0,"event_name":"Bonfire Elementals","floor":41,"gold_loss":0}],"is_beta":false,"boss_relics":[{"not_picked":["Runic Dome","Busted Crown"],"picked":"Tiny House"},{"not_picked":["Calling Bell","Runic Pyramid"],"picked":"Orrery"}],"items_purged_floors":[31],"is_endless":false,"potions_floor_spawned":[1,5,6,16,20,29,30,39],"killed_by":"Giant Head","ascension_level":1}