{"gold_per_floor":[110,110,126,126,143,143,175,194,194,206,222,222,322,333,333,432,432,445,535,515,529,76,76,111,111,134,166,166,183,196,0,0,103,103,120,45,45,100,14,14,14,27,27,27,46,46,46,46,46,46],"floor_reached":50,"playtime":1701,"items_purged":[],"score":577,"play_id":"408c1f27-e7b4-4f49-bcef-1d98477cd9de","local_time":"20190221194340","is_ascension_mode":true,"campfire_choices":[{"data":"Perfected Strike","floor":6,"key":"SMITH"},{"data":"Rampage","floor":12,"key":"SMITH"},{"floor":15,"key":"REST"},{"floor":23,"key":"REST"},{"floor":25,"key":"REST"},{"floor":28,"key":"REST"},{"floor":32,"key":"REST"},{"floor":40,"key":"REST"},{"floor":44,"key":"REST"},{"floor":47,"key":"REST"},{"floor":49,"key":"RECALL"}],"neow_cost":"PERCENT_DAMAGE","seed_source_timestamp":25599589603693,"circlet_count":0,"master_deck":["Strike_R+1","Strike_R+1","Strike_R+1","Strike_R+1","Strike_R+1","Defend_R+1","Defend_R+1","Defend_R+1","Bash+1","Battle Trance+1","Perfected Strike+1","Rampage+1","Shrug It Off+1","Spot Weakness+1","Evolve+1","Barricade+1","Wild Strike+1","Iron Wave+1","Infernal Blade+1","Dropkick+1","Limit Break+1","Fire Breathing+1","Wild Strike+1","Corruption+1","Dark Embrace+1","Heavy Blade+1","Flame Barrier+1","Writhe","Decay","The Bomb+1","Writhe"],"relics":["Burning Blood","Blood Vial","Frozen Egg 2","Happy Flower","Fusion Hammer","Toxic Egg 2","Bag of Preparation","Bronze Scales","Ginger","Cursed Key","Juzu Bracelet","Art of War","Whetstone","Mark of the Bloom"],"potions_floor_usage":[7,16,16,21,24,27,29,30,30,30,33,33,33,50,50],"damage_taken":[{"damage":4,"enemies":"Jaw Worm","floor":1,"turns":4},{"damage":1,"enemies":"2 Louse","floor":3,"turns":4},{"damage":1,"enemies":"Cultist","floor":5,"turns":3},{"damage":15,"enemies":"3 Sentries","floor":7,"turns":5},{"damage":0,"enemies":"Blue Slaver","floor":8,"turns":4},{"damage":9,"enemies":"Red Slaver","floor":10,"turns":4},{"damage":13,"enemies":"Lots of Slimes","floor":11,"turns":5},{"damage":9,"enemies":"Looter","floor":14,"turns":3},{"damage":35,"enemies":"Slime Boss","floor":16,"turns":6},{"damage":19,"enemies":"Spheric Guardian","floor":18,"turns":4},{"damage":23,"enemies":"2 Thieves","floor":20,"turns":4},{"damage":24,"enemies":"Snake Plant","floor":21,"turns":3},{"damage":58,"enemies":"Slavers","floor":24,"turns":4},{"damage":30,"enemies":"Book of Stabbing","floor":27,"turns":3},{"damage":17,"enemies":"3 Cultists","floor":29,"turns":4},{"damage":3,"enemies":"Sentry and Sphere","floor":30,"turns":5},{"damage":61,"enemies":"Collector","floor":33,"turns":8},{"damage":48,"enemies":"3 Darklings","floor":35,"turns":3},{"damage":25,"enemies":"3 Shapes","floor":42,"turns":3},{"damage":27,"enemies":"Maw","floor":45,"turns":5},{"damage":98,"enemies":"Donu and Deca","floor":50,"turns":6}],"seed_played":"531557343530993539","potions_obtained":[{"floor":1,"key":"Explosive Potion"},{"floor":7,"key":"GamblersBrew"},{"floor":11,"key":"PowerPotion"},{"floor":14,"key":"Energy Potion"},{"floor":16,"key":"Explosive Potion"},{"floor":20,"key":"FearPotion"},{"floor":21,"key":"Ancient Potion"},{"floor":27,"key":"PowerPotion"},{"floor":29,"key":"EntropicBrew"},{"floor":30,"key":"Ancient Potion"},{"floor":35,"key":"Weak Potion"},{"floor":45,"key":"Weak Potion"}],"is_trial":false,"path_per_floor":["M","?","M","?","M","R","E","M","T","M","M","R","?","M","R","B",null,"M","?","M","M","$","R","E","R","T","E","R","M","M","?","R","B",null,"M","$","?","T","?","R","?","M","T","R","M","$","R","?","R","B"],"character_chosen":"IRONCLAD","items_purchased":["Dropkick","Limit Break","Fire Breathing+1","Toxic Egg 2","Flame Barrier+1"],"campfire_rested":8,"item_purchase_floors":[22,22,22,22,36],"current_hp_per_floor":[74,71,78,78,85,85,78,86,86,85,80,80,80,79,96,67,96,83,65,50,34,34,62,12,40,40,18,46,37,42,42,70,17,96,54,54,78,78,78,96,96,77,77,96,75,75,96,96,96,0],"gold":46,"neow_bonus":"TWENTY_PERCENT_HP_BONUS","is_prod":false,"is_daily":false,"chose_seed":false,"campfire_upgraded":2,"win_rate":0,"timestamp":1550799820,"path_taken":["M","?","M","?","?","R","E","M","T","M","M","R","?","M","R","BOSS","M","?","M","M","$","R","E","R","T","E","R","M","?","?","R","BOSS","M","$","?","?","?","R","?","M","T","R","M","$","R","?","R","BOSS"],"build_version":"2019-01-23","purchased_purges":0,"victory":false,"max_hp_per_floor":[96,96,96,96,96,96,96,96,96,96,96,96,96,96,96,96,96,96,96,96,96,96,96,96,96,96,96,96,96,96,96,96,96,96,96,96,96,96,96,96,96,96,96,96,96,96,96,96,96,96],"card_choices":[{"not_picked":["Combust","Ghostly Armor"],"picked":"Battle Trance","floor":1},{"not_picked":["Flex","Evolve"],"picked":"Perfected Strike","floor":3},{"not_picked":["Entrench","Sword Boomerang"],"picked":"Rampage","floor":5},{"not_picked":["Rupture","Thunderclap"],"picked":"Shrug It Off","floor":7},{"not_picked":["Anger","Armaments"],"picked":"Spot Weakness","floor":8},{"not_picked":["Clash","Rupture+1"],"picked":"Evolve+1","floor":10},{"not_picked":["Battle Trance","True Grit","Carnage"],"picked":"SKIP","floor":11},{"not_picked":["Headbutt","Combust+1","Evolve+1"],"picked":"SKIP","floor":14},{"not_picked":["Double Tap","Immolate"],"picked":"Barricade+1","floor":16},{"not_picked":["Iron Wave","Anger"],"picked":"Wild Strike+1","floor":18},{"not_picked":["Headbutt","Wild Strike"],"picked":"Iron Wave+1","floor":20},{"not_picked":["Clash","Thunderclap"],"picked":"Infernal Blade","floor":21},{"not_picked":["Armaments+1","Sentinel+1"],"picked":"Wild Strike+1","floor":24},{"not_picked":["Rage+1","Thunderclap"],"picked":"Corruption+1","floor":27},{"not_picked":["Searing Blow","Uppercut+1","Carnage"],"picked":"SKIP","floor":29},{"not_picked":["Body Slam","True Grit+1","Clothesline"],"picked":"SKIP","floor":30},{"not_picked":["Immolate","Bludgeon"],"picked":"Dark Embrace+1","floor":33},{"not_picked":["Iron Wave","Anger+1"],"picked":"Heavy Blade+1","floor":35},{"not_picked":["Discovery+1","Forethought+1"],"picked":"The Bomb+1","floor":41},{"not_picked":["Power Through+1","Reckless Charge","Warcry+1"],"picked":"SKIP","floor":42},{"not_picked":["Anger","Uppercut","Rupture+1"],"picked":"SKIP","floor":45}],"player_experience":289906,"relics_obtained":[{"floor":7,"key":"Frozen Egg 2"},{"floor":9,"key":"Happy Flower"},{"floor":24,"key":"Bag of Preparation"},{"floor":26,"key":"Bronze Scales"},{"floor":27,"key":"Ginger"},{"floor":38,"key":"Juzu Bracelet"},{"floor":43,"key":"Whetstone"}],"event_choices":[{"damage_healed":0,"gold_gain":0,"player_choice":"Success","damage_taken":3,"relics_obtained":["Blood Vial"],"max_hp_gain":0,"max_hp_loss":0,"event_name":"Scrap Ooze","floor":2,"gold_loss":0},{"cards_removed":["Defend_R"],"damage_healed":0,"gold_gain":0,"player_choice":"Card Removal","damage_taken":0,"max_hp_gain":0,"max_hp_loss":0,"event_name":"Wheel of Change","floor":4,"gold_loss":0},{"damage_healed":0,"gold_gain":100,"player_choice":"Pray","damage_taken":0,"max_hp_gain":0,"max_hp_loss":0,"event_name":"Golden Shrine","floor":13,"gold_loss":0},{"damage_healed":0,"gold_gain":90,"player_choice":"GOLD ","damage_taken":18,"max_hp_gain":0,"max_hp_loss":0,"event_name":"Knowing Skull","floor":19,"potions_obtained":[],"gold_loss":0,"cards_obtained":[]},{"damage_healed":0,"gold_gain":0,"player_choice":"Paid Fearfully","damage_taken":0,"max_hp_gain":0,"max_hp_loss":0,"event_name":"Masked Bandits","floor":31,"gold_loss":196},{"damage_healed":24,"gold_gain":0,"player_choice":"Writhe","damage_taken":0,"max_hp_gain":0,"max_hp_loss":0,"event_name":"Winding Halls","floor":37,"gold_loss":0,"cards_obtained":["Writhe"]},{"damage_healed":0,"gold_gain":0,"player_choice":"Paid Gold","damage_taken":0,"relics_obtained":["Art of War"],"max_hp_gain":0,"max_hp_loss":0,"event_name":"WeMeetAgain","floor":39,"gold_loss":86},{"damage_healed":0,"gold_gain":0,"player_choice":"Memory 1","damage_taken":0,"max_hp_gain":0,"max_hp_loss":0,"event_name":"SensoryStone","floor":41,"gold_loss":0},{"damage_healed":0,"gold_gain":0,"player_choice":"Upgrade","damage_taken":0,"relics_obtained":["Mark of the Bloom"],"max_hp_gain":0,"max_hp_loss":0,"event_name":"MindBloom","floor":48,"gold_loss":0,"cards_upgraded":["Strike_R","Strike_R","Strike_R","Strike_R","Defend_R","Defend_R","Defend_R","Battle Trance","Shrug It Off","Spot Weakness","Infernal Blade","Dropkick","Limit Break"]}],"is_beta":false,"boss_relics":[{"not_picked":["Velvet Choker","Coffee Dripper"],"picked":"Fusion Hammer"},{"not_picked":["Snecko Eye","White Beast Statue"],"picked":"Cursed Key"}],"items_purged_floors":[],"is_endless":false,"potions_floor_spawned":[1,7,11,14,16,20,21,27,29,30,35,45],"killed_by":"Donu and Deca","ascension_level":3}