{"path_per_floor":["M","?","M","M","?","E","?","M","T","E","$","R","E","M","R"],"character_chosen":"IRONCLAD","items_purchased":[],"gold_per_floor":[117,117,133,153,228,256,256,267,290,315,240,240,268,285,285,285],"floor_reached":16,"campfire_rested":0,"playtime":1180,"current_hp_per_floor":[80,80,80,79,68,22,22,26,26,12,12,12,7,13,13,0],"items_purged":["Regret"],"gold":285,"score":120,"play_id":"efa525b9-7a0f-43fb-8731-fe69c17a747b","local_time":"20180515215744","is_prod":false,"is_daily":false,"chose_seed":false,"is_ascension_mode":false,"campfire_upgraded":2,"timestamp":1526414264,"path_taken":["M","?","M","M","?","E","?","?","T","E","$","R","E","M","R","BOSS"],"build_version":"2018-05-10","seed_source_timestamp":175155096200485,"purchased_purges":1,"victory":false,"master_deck":["Strike_R","Strike_R","Strike_R","Strike_R","Defend_R","Defend_R","Defend_R","Defend_R+1","Bash","Ghostly Armor","Carnage","Disarm+1","Rage","Feed+1","Rampage+1","Impervious","Juggernaut"],"max_hp_per_floor":[80,80,80,80,80,80,80,80,80,83,83,83,83,87,87,87],"relics":["Burning Blood","Regal Pillow","Dream Catcher","War Paint","Vajra","Orichalcum"],"card_choices":[{"not_picked":["Entrench","Evolve"],"picked":"Ghostly Armor","floor":1},{"not_picked":["Shrug It Off","Anger"],"picked":"Carnage","floor":3},{"not_picked":["Perfected Strike","Anger"],"picked":"Disarm","floor":4},{"not_picked":["Fire Breathing","Pommel Strike"],"picked":"Rage","floor":6},{"not_picked":["Armaments","Power Through"],"picked":"Impervious","floor":8},{"not_picked":["Flex","Battle Trance"],"picked":"Juggernaut","floor":10}],"player_experience":245483,"potions_floor_usage":[6,13,16],"damage_taken":[{"damage":1,"enemies":"Jaw Worm","floor":1,"turns":4},{"damage":3,"enemies":"2 Louse","floor":3,"turns":4},{"damage":7,"enemies":"Small Slimes","floor":4,"turns":4},{"damage":52,"enemies":"Lagavulin","floor":6,"turns":8},{"damage":2,"enemies":"Looter","floor":8,"turns":4},{"damage":23,"enemies":"3 Sentries","floor":10,"turns":9},{"damage":11,"enemies":"Gremlin Nob","floor":13,"turns":5},{"damage":4,"enemies":"3 Louse","floor":14,"turns":3},{"damage":24,"enemies":"The Guardian","floor":16,"turns":11}],"event_choices":[{"event_name":"Big Fish","player_choice":"Box","floor":2,"damage_taken":0},{"event_name":"World of Goop","player_choice":"Gather Gold","floor":5,"damage_taken":0},{"event_name":"Match and Keep!","player_choice":"2 cards matched","floor":7,"damage_taken":0}],"boss_relics":[],"potions_floor_spawned":[1,6,8,13],"seed_played":"1444437029511345716","killed_by":"The Guardian","ascension_level":0,"is_trial":false}