{"gold_per_floor":[118,136,155,5,17,43,56,56,56,56,69,104,122,149,149,244,244,254,268,280,291,309,309],"floor_reached":23,"playtime":1411,"items_purged":["Strike_B"],"score":354,"play_id":"5aedbda9-f20c-4773-82d8-7ae96ecfb531","local_time":"20190120034610","is_ascension_mode":true,"campfire_choices":[{"floor":8,"key":"REST"},{"floor":15,"key":"REST"}],"neow_cost":"NONE","seed_source_timestamp":32363243973899,"circlet_count":0,"master_deck":["AscendersBane","Strike_B","Strike_B","Strike_B","Defend_B","Defend_B","Defend_B","Defend_B","Zap","Dualcast","Sunder","Fusion","Self Repair","Glacier","Chill","Self Repair","Chill","Redo","Echo Form","White Noise","White Noise","Compile Driver","Cold Snap","Steam+1","Coolheaded"],"relics":["Cracked Core","Dodecahedron","Pantograph","Nunchaku","Singing Bowl","DataDisk","Orrery"],"potions_floor_usage":[12,12,12,14,21,23],"damage_taken":[{"damage":9,"enemies":"2 Louse","floor":1,"turns":2},{"damage":10,"enemies":"Small Slimes","floor":2,"turns":4},{"damage":2,"enemies":"Jaw Worm","floor":3,"turns":3},{"damage":16,"enemies":"Looter","floor":5,"turns":4},{"damage":30,"enemies":"Lagavulin","floor":6,"turns":7},{"damage":7,"enemies":"Blue Slaver","floor":7,"turns":5},{"damage":3,"enemies":"3 Louse","floor":11,"turns":5},{"damage":17,"enemies":"3 Sentries","floor":12,"turns":10},{"damage":8,"enemies":"Looter","floor":13,"turns":4},{"damage":20,"enemies":"Lagavulin","floor":14,"turns":8},{"damage":57,"enemies":"The Guardian","floor":16,"turns":15},{"damage":41,"enemies":"Chosen","floor":18,"turns":9},{"damage":3,"enemies":"Spheric Guardian","floor":19,"turns":8},{"damage":8,"enemies":"3 Cultists","floor":20,"turns":7},{"damage":41,"enemies":"Snake Plant","floor":21,"turns":7},{"damage":31,"enemies":"Shelled Parasite and Fungi","floor":22,"turns":10},{"damage":60,"enemies":"Slavers","floor":23,"turns":4}],"seed_played":"2185146227034474738","potions_obtained":[{"floor":1,"key":"PowerPotion"},{"floor":5,"key":"Regen Potion"},{"floor":6,"key":"Explosive Potion"},{"floor":13,"key":"FocusPotion"},{"floor":18,"key":"Energy Potion"},{"floor":21,"key":"LiquidBronze"}],"is_trial":false,"path_per_floor":["M","M","M","$","M","E","M","R","T","?","M","E","M","E","R","B",null,"M","M","M","M","M","E"],"character_chosen":"DEFECT","items_purchased":["Self Repair"],"campfire_rested":2,"item_purchase_floors":[4],"current_hp_per_floor":[66,56,54,54,45,22,22,46,46,13,17,22,28,22,46,28,73,46,57,72,54,44,0],"gold":309,"neow_bonus":"TEN_PERCENT_HP_BONUS","is_prod":false,"is_daily":false,"chose_seed":false,"campfire_upgraded":0,"win_rate":0,"timestamp":1547952370,"path_taken":["M","M","M","$","M","E","M","R","T","?","M","E","M","E","R","BOSS","M","M","M","M","M","E"],"build_version":"2019-01-17v2","purchased_purges":1,"victory":false,"max_hp_per_floor":[82,82,82,82,82,82,82,82,82,82,82,82,82,82,82,82,86,86,86,88,90,90,90],"card_choices":[{"not_picked":["Hello World","Ball Lightning","Double Energy"],"picked":"SKIP","floor":1},{"not_picked":["Ball Lightning","Turbo"],"picked":"Sunder","floor":2},{"not_picked":["Go for the Eyes","Streamline"],"picked":"Fusion","floor":3},{"not_picked":["Steam Power","Hologram","Streamline"],"picked":"SKIP","floor":5},{"not_picked":["Steam","Creative AI"],"picked":"Glacier","floor":6},{"not_picked":["Rebound","Darkness"],"picked":"Chill","floor":7},{"not_picked":["Compile Driver","Leap","Gash"],"picked":"SKIP","floor":11},{"not_picked":["Coolheaded","Cold Snap"],"picked":"Self Repair","floor":12},{"not_picked":["Sweeping Beam","Gash"],"picked":"Chill","floor":13},{"not_picked":["Steam Power","Lockon"],"picked":"Redo","floor":14},{"not_picked":["Amplify","Meteor Strike"],"picked":"Echo Form","floor":16},{"not_picked":["Streamline","Leap"],"picked":"White Noise","floor":17},{"not_picked":["Machine Learning","Lockon"],"picked":"White Noise","floor":17},{"not_picked":["Recycle","Leap","Steam Power"],"picked":"Singing Bowl","floor":17},{"not_picked":["Rebound","Sweeping Beam"],"picked":"Compile Driver","floor":17},{"not_picked":["Skim","Go for the Eyes","Undo"],"picked":"Singing Bowl","floor":17},{"not_picked":["Rebound+1","Recycle"],"picked":"Cold Snap","floor":18},{"not_picked":["Fusion","Cold Snap"],"picked":"Steam+1","floor":19},{"not_picked":["Undo","Ball Lightning","Compile Driver"],"picked":"Singing Bowl","floor":20},{"not_picked":["Gash","Rebound","Compile Driver"],"picked":"Singing Bowl","floor":21},{"not_picked":["Hologram+1","Sweeping Beam"],"picked":"Coolheaded","floor":22}],"player_experience":690965,"relics_obtained":[{"floor":6,"key":"Dodecahedron"},{"floor":9,"key":"Pantograph"},{"floor":12,"key":"Singing Bowl"},{"floor":14,"key":"DataDisk"}],"event_choices":[{"damage_healed":0,"gold_gain":0,"player_choice":"Success","damage_taken":33,"relics_obtained":["Nunchaku"],"max_hp_gain":0,"max_hp_loss":0,"event_name":"Scrap Ooze","floor":10,"gold_loss":0}],"is_beta":false,"boss_relics":[{"not_picked":["Fusion Hammer","Runic Pyramid"],"picked":"Orrery"}],"items_purged_floors":[4],"is_endless":false,"potions_floor_spawned":[1,5,6,11,13,18,21],"killed_by":"Slavers","ascension_level":10}