{"gold_per_floor":[17,17,92,67,78,78,108,108,108,38,63,77,93,127,127,127],"floor_reached":16,"playtime":1292,"items_purged":[],"score":178,"play_id":"6a59e710-d109-4ecd-952a-769af7d199d6","local_time":"20181221235541","is_ascension_mode":true,"campfire_choices":[{"data":"Evolve","floor":6,"key":"SMITH"},{"data":"Havoc","floor":8,"key":"SMITH"},{"floor":15,"key":"REST"}],"neow_cost":"NO_GOLD","seed_source_timestamp":169850024071300,"circlet_count":0,"master_deck":["Strike_R","Strike_R","Strike_R","Strike_R","Strike_R","Defend_R","Defend_R","Defend_R","Defend_R","Bash","Evolve+1","Havoc+1","Reckless Charge","Pummel","Power Through","Feel No Pain","Evolve"],"relics":["Burning Blood","Mercury Hourglass","Mummified Hand","Singing Bowl","PreservedInsect"],"potions_floor_usage":[14],"damage_taken":[{"damage":0,"enemies":"2 Louse","floor":1,"turns":2},{"damage":12,"enemies":"Jaw Worm","floor":5,"turns":3},{"damage":39,"enemies":"Gremlin Nob","floor":7,"turns":5},{"damage":15,"enemies":"3 Sentries","floor":11,"turns":6},{"damage":2,"enemies":"Small Slimes","floor":12,"turns":3},{"damage":5,"enemies":"Blue Slaver","floor":13,"turns":3},{"damage":29,"enemies":"Lagavulin","floor":14,"turns":8},{"damage":58,"enemies":"Slime Boss","floor":16,"turns":10}],"seed_played":"-8542989934703804142","potions_obtained":[{"floor":12,"key":"PowerPotion"},{"floor":13,"key":"Explosive Potion"},{"floor":14,"key":"Strength Potion"}],"is_trial":false,"path_per_floor":["M","?","?","$","M","R","E","R","T","$","E","M","M","E","R","B"],"character_chosen":"IRONCLAD","items_purchased":["Havoc","Power Through"],"campfire_rested":1,"item_purchase_floors":[4,10],"current_hp_per_floor":[94,99,88,88,82,82,49,49,49,49,40,44,47,26,57,0],"gold":127,"neow_bonus":"TWENTY_PERCENT_HP_BONUS","is_prod":false,"is_daily":false,"chose_seed":false,"campfire_upgraded":2,"win_rate":0,"timestamp":1545461741,"path_taken":["M","?","?","$","M","R","E","R","T","?","E","M","M","E","R","BOSS"],"build_version":"2018-12-20","purchased_purges":0,"victory":false,"max_hp_per_floor":[96,101,101,101,101,101,101,101,101,101,101,101,103,105,105,105],"card_choices":[{"not_picked":["Wild Strike","Havoc"],"picked":"Evolve","floor":1},{"not_picked":["Anger","Heavy Blade"],"picked":"Reckless Charge","floor":5},{"not_picked":["Sword Boomerang","Shockwave"],"picked":"Pummel","floor":7},{"not_picked":["Armaments","Pommel Strike"],"picked":"Feel No Pain","floor":11},{"not_picked":["Warcry","Body Slam"],"picked":"Evolve","floor":12},{"not_picked":["Burning Pact","Bloodletting","Pommel Strike"],"picked":"Singing Bowl","floor":13},{"not_picked":["Twin Strike","Ghostly Armor","Thunderclap"],"picked":"Singing Bowl","floor":14}],"player_experience":284551,"relics_obtained":[{"floor":7,"key":"Mercury Hourglass"},{"floor":9,"key":"Mummified Hand"},{"floor":11,"key":"Singing Bowl"},{"floor":14,"key":"PreservedInsect"}],"event_choices":[{"damage_healed":0,"gold_gain":0,"player_choice":"Donut","damage_taken":0,"max_hp_gain":5,"max_hp_loss":0,"event_name":"Big Fish","floor":2,"gold_loss":0},{"damage_healed":0,"gold_gain":75,"player_choice":"Gather Gold","damage_taken":11,"max_hp_gain":0,"max_hp_loss":0,"event_name":"World of Goop","floor":3,"gold_loss":0}],"is_beta":false,"boss_relics":[],"items_purged_floors":[],"is_endless":false,"potions_floor_spawned":[12,13,14],"killed_by":"Slime Boss","ascension_level":6}