{"gold_per_floor":[111,111,111,123,133,133,146,146,146,146,166,186,199,10,10,106,106,117,117,42,62,62],"floor_reached":22,"playtime":1005,"items_purged":[],"score":342,"play_id":"f7bc0c9c-fe70-4d05-b8e7-8dd73dc08810","local_time":"20190103184524","is_ascension_mode":true,"campfire_choices":[{"data":"Dualcast","floor":6.0,"key":"SMITH"},{"data":"Conserve Battery","floor":8.0,"key":"SMITH"},{"data":"Capacitor","floor":10.0,"key":"SMITH"},{"floor":15.0,"key":"REST"}],"neow_cost":"PERCENT_DAMAGE","seed_source_timestamp":1233028945686959,"circlet_count":0,"master_deck":["AscendersBane","Strike_B","Strike_B","Strike_B","Defend_B","Defend_B","Defend_B","Defend_B","Zap+1","Dualcast+1","Cold Snap","Capacitor+1","Conserve Battery+1","Defragment","Coolheaded","Consume","Amplify","Echo Form","Defragment"],"special_seed":0,"relics":["Cracked Core","Emotion Chip","Unceasing Top","Busted Crown"],"potions_floor_usage":[],"damage_taken":[{"damage":2.0,"enemies":"2 Louse","floor":1.0,"turns":3.0},{"damage":5.0,"enemies":"Jaw Worm","floor":4.0,"turns":3.0},{"damage":0.0,"enemies":"Cultist","floor":5.0,"turns":4.0},{"damage":4.0,"enemies":"Blue Slaver","floor":7.0,"turns":4.0},{"damage":0.0,"enemies":"Large Slime","floor":11.0,"turns":7.0},{"damage":18.0,"enemies":"Exordium Thugs","floor":12.0,"turns":6.0},{"damage":2.0,"enemies":"2 Fungi Beasts","floor":13.0,"turns":4.0},{"damage":0.0,"enemies":"Slime Boss","floor":16.0,"turns":14.0},{"damage":7.0,"enemies":"Chosen","floor":18.0,"turns":7.0},{"damage":38.0,"enemies":"Colosseum Slavers","floor":19.0,"turns":6.0},{"damage":15.0,"enemies":"2 Thieves","floor":21.0,"turns":5.0},{"damage":7,"enemies":"Snake Plant","floor":22,"turns":1}],"seed_played":"-8038673432483702657","potions_obtained":[{"floor":5.0,"key":"Weak Potion"},{"floor":12.0,"key":"Energy Potion"},{"floor":16.0,"key":"FocusPotion"}],"is_trial":false,"path_per_floor":["M","?","?","M","M","R","M","R","T","R","M","M","M","$","R","B",null,"M","?","$","M","M"],"character_chosen":"DEFECT","items_purchased":["Amplify","PowerPotion","Defragment"],"campfire_rested":1,"item_purchase_floors":[14,14,20],"current_hp_per_floor":[48,48,48,43,43,43,39,39,39,39,39,21,19,19,41,41,67,60,22,22,7,0],"gold":62,"neow_bonus":"ONE_RARE_RELIC","is_prod":false,"is_daily":false,"chose_seed":false,"campfire_upgraded":3,"win_rate":0,"timestamp":1546559124,"path_taken":["M","?","?","M","M","R","M","R","T","R","?","M","M","$","R","BOSS","M","?","$","M","M"],"build_version":"2019-01-02","purchased_purges":0,"victory":false,"max_hp_per_floor":[75,75,75,75,75,75,75,75,75,75,75,75,75,75,75,75,75,75,75,75,75,75],"card_choices":[{"not_picked":["Reprogram","Gash"],"picked":"Cold Snap","floor":1.0},{"not_picked":["Barrage","BootSequence"],"picked":"Capacitor","floor":4.0},{"not_picked":["Steam Power","Gash"],"picked":"Conserve Battery","floor":5.0},{"not_picked":["Compile Driver","All For One","Storm"],"picked":"SKIP","floor":7.0},{"not_picked":["Beam Cell","Coolheaded"],"picked":"Defragment","floor":11.0},{"not_picked":["Streamline","Static Discharge"],"picked":"Coolheaded","floor":12.0},{"not_picked":["Compile Driver","Barrage"],"picked":"Consume","floor":13.0},{"not_picked":["Meteor Strike","Rainbow"],"picked":"Echo Form","floor":16.0},{"not_picked":["Tempest"],"picked":"SKIP","floor":18.0},{"not_picked":["Rip and Tear"],"picked":"SKIP","floor":21.0}],"player_experience":441461,"relics_obtained":[{"floor":9.0,"key":"Unceasing Top"}],"event_choices":[{"damage_healed":0.0,"max_hp_gain":0.0,"max_hp_loss":0.0,"gold_gain":0.0,"event_name":"Living Wall","player_choice":"Grow","floor":2.0,"gold_loss":0.0,"damage_taken":0.0,"cards_upgraded":["Zap"]},{"cards_removed":["Strike_B"],"damage_healed":0.0,"max_hp_gain":0.0,"max_hp_loss":0.0,"gold_gain":0.0,"event_name":"Purifier","player_choice":"Purged","floor":3.0,"gold_loss":0.0,"damage_taken":0.0},{"damage_healed":0.0,"max_hp_gain":0.0,"max_hp_loss":0.0,"gold_gain":0.0,"event_name":"Colosseum","player_choice":"Fight","floor":19.0,"gold_loss":0.0,"damage_taken":0.0},{"damage_healed":0.0,"max_hp_gain":0.0,"max_hp_loss":0.0,"gold_gain":0.0,"event_name":"Colosseum","player_choice":"Fled From Nobs","floor":19.0,"gold_loss":0.0,"damage_taken":0.0}],"is_beta":true,"boss_relics":[{"not_picked":["Orrery","Astrolabe"],"picked":"Busted Crown"}],"items_purged_floors":[],"is_endless":false,"potions_floor_spawned":[5,12,16],"killed_by":"Snake Plant","ascension_level":10}