{"gold_per_floor":[111,131,150,161,64,64,74,74,74,93,93,110,123,70,70,175,175,195,95,106,120,120,120,135,135,208,228,245,263,274,274,274,373,373,387,22,42,91,109,109,127,127,127,127,127,127],"floor_reached":46,"playtime":2211,"items_purged":["Strike_R","Defend_R","Strike_R"],"score":445,"play_id":"ce05b48e-1536-4e72-8162-0b840c88775e","local_time":"20181009205112","is_ascension_mode":false,"campfire_choices":[{"data":"Armaments","floor":6,"key":"SMITH"},{"data":"Clash","floor":8,"key":"SMITH"},{"data":"Shrug It Off","floor":11,"key":"SMITH"},{"data":"Demon Form","floor":15,"key":"SMITH"},{"data":"Cleave","floor":23,"key":"SMITH"},{"floor":25,"key":"REST"},{"floor":32,"key":"REST"},{"floor":40,"key":"REST"},{"floor":44,"key":"REST"}],"neow_cost":"","seed_source_timestamp":129598514615500,"circlet_count":0,"master_deck":["Strike_R","Strike_R","Strike_R","Defend_R","Defend_R","Defend_R","Bash","Armaments+1","Headbutt","Clash+1","Shrug It Off+1","Demon Form+1","Pommel Strike","Cleave+1","Flex","Impervious","Heavy Blade+1","Reaper"],"relics":["Black Blood","Darkstone Periapt","Shuriken","Pear","Busted Crown","Peace Pipe","Nunchaku","Potion Belt"],"potions_floor_usage":[4,18,20,20,29,33,38,38,39,41],"damage_taken":[{"damage":11,"enemies":"Jaw Worm","floor":1,"turns":5},{"damage":1,"enemies":"Cultist","floor":2,"turns":3},{"damage":5,"enemies":"Small Slimes","floor":3,"turns":4},{"damage":1,"enemies":"2 Fungi Beasts","floor":4,"turns":3},{"damage":0,"enemies":"Large Slime","floor":7,"turns":5},{"damage":8,"enemies":"Lots of Slimes","floor":10,"turns":4},{"damage":2,"enemies":"Blue Slaver","floor":12,"turns":4},{"damage":0,"enemies":"3 Louse","floor":13,"turns":4},{"damage":30,"enemies":"Slime Boss","floor":16,"turns":6},{"damage":12,"enemies":"2 Thieves","floor":18,"turns":4},{"damage":37,"enemies":"Chosen","floor":20,"turns":7},{"damage":20,"enemies":"Snecko","floor":21,"turns":5},{"damage":42,"enemies":"Snake Plant","floor":24,"turns":5},{"damage":24,"enemies":"Sentry and Sphere","floor":27,"turns":5},{"damage":12,"enemies":"Centurion and Healer","floor":28,"turns":6},{"damage":6,"enemies":"Snecko","floor":29,"turns":4},{"damage":17,"enemies":"Sentry and Sphere","floor":30,"turns":5},{"damage":54,"enemies":"Champ","floor":33,"turns":10},{"damage":23,"enemies":"3 Shapes","floor":35,"turns":7},{"damage":9,"enemies":"Orb Walker","floor":37,"turns":4},{"damage":96,"enemies":"Mysterious Sphere","floor":38,"turns":8},{"damage":37,"enemies":"Spire Growth","floor":39,"turns":6},{"damage":25,"enemies":"Maw","floor":41,"turns":7},{"damage":30,"enemies":"Mind Bloom Boss Battle","floor":42,"turns":6},{"damage":70,"enemies":"Giant Head","floor":46,"turns":7}],"seed_played":"-5447683271612660239","potions_obtained":[{"floor":1,"key":"AttackPotion"},{"floor":7,"key":"Energy Potion"},{"floor":12,"key":"Poison Potion"},{"floor":16,"key":"Regen Potion"},{"floor":28,"key":"Explosive Potion"},{"floor":29,"key":"Explosive Potion"},{"floor":30,"key":"Block Potion"},{"floor":37,"key":"SneckoOil"},{"floor":38,"key":"Fire Potion"}],"is_trial":false,"path_per_floor":["M","M","M","M","$","R","M","R","T","M","R","M","M","?","R","B",null,"M","$","M","M","?","R","M","R","T","M","M","M","M","?","R","B",null,"M","$","M","?","M","R","M","?","T","R","$"],"character_chosen":"IRONCLAD","items_purchased":["Clash","Reaper","Regen Potion"],"campfire_rested":4,"item_purchase_floors":[5,36,36],"current_hp_per_floor":[75,80,80,80,80,80,80,80,80,78,78,80,80,80,80,56,80,78,78,56,46,46,46,14,38,48,34,32,36,29,29,56,12,90,77,77,84,45,31,58,55,35,35,62,62,0],"gold":127,"neow_bonus":"","is_prod":false,"is_daily":false,"chose_seed":false,"campfire_upgraded":5,"win_rate":0,"timestamp":1539111072,"path_taken":["M","M","M","M","$","R","M","R","T","M","R","M","M","?","R","BOSS","M","$","M","M","?","R","M","R","T","M","M","M","M","?","R","BOSS","M","$","M","?","?","R","M","?","T","R","?","E"],"build_version":"2018-10-04v2","purchased_purges":3,"victory":false,"max_hp_per_floor":[80,80,80,80,80,80,80,80,80,80,80,80,80,80,80,80,80,80,80,80,80,80,80,80,80,90,90,90,90,90,90,90,90,90,90,90,90,90,90,90,90,90,90,90,90,90],"card_choices":[{"not_picked":["Thunderclap","Warcry"],"picked":"Armaments","floor":1},{"not_picked":["Disarm","Bloodletting"],"picked":"Headbutt","floor":2},{"not_picked":["Clothesline","Fire Breathing","Warcry"],"picked":"SKIP","floor":3},{"not_picked":["Second Wind","Clothesline","Infernal Blade"],"picked":"SKIP","floor":4},{"not_picked":["Anger","Pummel"],"picked":"Shrug It Off","floor":7},{"not_picked":["Clash","Flame Barrier","Twin Strike"],"picked":"SKIP","floor":10},{"not_picked":["Heavy Blade","Havoc","Pummel"],"picked":"SKIP","floor":12},{"not_picked":["Power Through","Disarm"],"picked":"Demon Form","floor":13},{"not_picked":["Disarm+1","Shrug It Off"],"picked":"Pommel Strike","floor":18},{"not_picked":["Pommel Strike","Twin Strike"],"picked":"Cleave","floor":20},{"not_picked":["True Grit","Fiend Fire","Twin Strike"],"picked":"SKIP","floor":21},{"not_picked":["Clash","Sever Soul+1","True Grit"],"picked":"SKIP","floor":24},{"not_picked":["Shrug It Off","Clothesline"],"picked":"Flex","floor":27},{"not_picked":["Rupture","Shockwave","Havoc"],"picked":"SKIP","floor":28},{"not_picked":["Body Slam","Havoc"],"picked":"Impervious","floor":29},{"not_picked":["Iron Wave+1","Rampage"],"picked":"Heavy Blade","floor":30},{"not_picked":["Armaments"],"picked":"SKIP","floor":35},{"not_picked":["Evolve"],"picked":"SKIP","floor":37},{"not_picked":["Sentinel+1"],"picked":"SKIP","floor":39},{"not_picked":["Thunderclap"],"picked":"SKIP","floor":41}],"player_experience":104268,"relics_obtained":[{"floor":9,"key":"Darkstone Periapt"},{"floor":26,"key":"Pear"},{"floor":38,"key":"Peace Pipe"},{"floor":42,"key":"Nunchaku"},{"floor":43,"key":"Potion Belt"}],"event_choices":[{"event_name":"WeMeetAgain","player_choice":"Gold","floor":14,"damage_taken":0},{"event_name":"Ghosts","player_choice":"Ignored","floor":22,"damage_taken":0},{"event_name":"Upgrade Shrine","player_choice":"Upgraded","floor":31,"damage_taken":0},{"event_name":"Mysterious Sphere","player_choice":"Fight","floor":38,"damage_taken":0},{"event_name":"MindBloom","player_choice":"Fight","floor":42,"damage_taken":0}],"is_beta":false,"boss_relics":[{"not_picked":["Velvet Choker","Runic Cube"],"picked":"Black Blood"},{"not_picked":["Coffee Dripper","Pandora\u0027s Box"],"picked":"Busted Crown"}],"items_purged_floors":[5,19,36],"is_endless":false,"potions_floor_spawned":[1,7,12,16,28,29,30,37,38],"killed_by":"Giant Head","ascension_level":0}