{"gold_per_floor":[118,133,133,145,145,145,179,196,246,246,277,293,293,252,252,357,357,375,375,375,391,166,193,193,223,223,138,153,172,123,137,137,235,235,255,255,273,71,90,90,106,0,26,36,48,48,22,42,42,42],"floor_reached":51,"playtime":2450,"items_purged":["Regret"],"score":783,"play_id":"aade624e-6aed-4ece-b3be-c41cdd9daded","local_time":"20190224014516","is_ascension_mode":true,"campfire_choices":[{"data":"Zap","floor":6,"key":"SMITH"},{"floor":10,"key":"REST"},{"floor":13,"key":"REST"},{"data":"Streamline","floor":15,"key":"SMITH"},{"data":"Buffer","floor":24,"key":"SMITH"},{"floor":32,"key":"REST"},{"floor":40,"key":"REST"},{"data":"Echo Form","floor":46,"key":"SMITH"},{"data":"Double Energy","floor":49,"key":"SMITH"}],"neow_cost":"CURSE","seed_source_timestamp":25122056949006,"circlet_count":0,"master_deck":["Strike_B","Strike_B+1","Strike_B+1","Strike_B","Defend_B","Defend_B","Defend_B","Defend_B","Zap+1","Dualcast","Streamline+1","Beam Cell","Melter","Barrage","Buffer+1","Leap","Coolheaded","Echo Form+1","Auto Shields+1","RitualDagger","Redo+1","Double Energy+1","White Noise","Defragment","BootSequence+1","Go for the Eyes+1","Redo+1","Skim+1","Amplify+1","Cold Snap+1","Madness+1","Madness+1","Self Repair+1","Hologram+1","Ball Lightning","Stack+1","Machine Learning","Stack+1","Conserve Battery+1"],"relics":["Cracked Core","Unceasing Top","Smiling Mask","Bronze Scales","Strawberry","Bag of Marbles","Philosopher\u0027s Stone","Symbiotic Virus","Centennial Puzzle","Toxic Egg 2","Question Card","Busted Crown","Whetstone","Red Mask","Potion Belt"],"potions_floor_usage":[7,11,12,18,21,23,23,25,33,48,48,50,50],"damage_taken":[{"damage":8,"enemies":"Jaw Worm","floor":1,"turns":4},{"damage":2,"enemies":"2 Louse","floor":2,"turns":2},{"damage":7,"enemies":"Small Slimes","floor":4,"turns":2},{"damage":14,"enemies":"Gremlin Nob","floor":7,"turns":3},{"damage":12,"enemies":"2 Fungi Beasts","floor":8,"turns":2},{"damage":18,"enemies":"Lagavulin","floor":11,"turns":4},{"damage":0,"enemies":"3 Louse","floor":12,"turns":2},{"damage":46,"enemies":"Hexaghost","floor":16,"turns":10},{"damage":24,"enemies":"3 Byrds","floor":18,"turns":3},{"damage":0,"enemies":"Spheric Guardian","floor":21,"turns":3},{"damage":1,"enemies":"Book of Stabbing","floor":23,"turns":5},{"damage":0,"enemies":"Gremlin Leader","floor":25,"turns":8},{"damage":12,"enemies":"3 Cultists","floor":28,"turns":5},{"damage":11,"enemies":"Centurion and Healer","floor":29,"turns":6},{"damage":0,"enemies":"Chosen and Byrds","floor":31,"turns":4},{"damage":7,"enemies":"Collector","floor":33,"turns":8},{"damage":13,"enemies":"3 Darklings","floor":35,"turns":6},{"damage":0,"enemies":"Orb Walker","floor":37,"turns":2},{"damage":9,"enemies":"4 Shapes","floor":39,"turns":6},{"damage":0,"enemies":"Maw","floor":41,"turns":6},{"damage":0,"enemies":"Spire Growth","floor":44,"turns":3},{"damage":8,"enemies":"Writhing Mass","floor":45,"turns":4},{"damage":0,"enemies":"Sphere and 2 Shapes","floor":48,"turns":4},{"damage":24,"enemies":"Time Eater","floor":50,"turns":12}],"seed_played":"-247110864747226987","potions_obtained":[{"floor":4,"key":"PowerPotion"},{"floor":7,"key":"Block Potion"},{"floor":8,"key":"PowerPotion"},{"floor":12,"key":"FocusPotion"},{"floor":16,"key":"Regen Potion"},{"floor":23,"key":"GamblersBrew"},{"floor":29,"key":"AttackPotion"},{"floor":39,"key":"Energy Potion"},{"floor":44,"key":"Explosive Potion"},{"floor":45,"key":"Poison Potion"},{"floor":48,"key":"PowerPotion"}],"is_trial":false,"path_per_floor":["M","M","?","M","T","R","E","M","T","R","E","M","R","?","R","B",null,"M","?","?","M","$","E","R","E","T","?","M","M","$","M","R","B",null,"M","?","M","$","M","R","M","?","T","M","M","R","$","M","R","B",null],"character_chosen":"DEFECT","items_purchased":["Double Energy","Block Potion","SkillPotion","Redo+1","Hologram+1","Whetstone","Stack+1"],"campfire_rested":4,"item_purchase_floors":[22,22,22,30,38,38,47],"current_hp_per_floor":[67,65,65,58,58,58,44,32,39,63,45,45,69,69,69,23,82,58,58,52,61,61,60,60,60,60,60,48,37,37,37,61,54,82,69,59,59,59,60,82,82,82,82,82,82,82,82,82,82,68],"gold":42,"neow_bonus":"ONE_RARE_RELIC","is_prod":false,"is_daily":false,"chose_seed":false,"campfire_upgraded":5,"win_rate":0,"timestamp":1550994316,"path_taken":["M","M","?","M","?","R","E","M","T","R","E","M","R","?","R","BOSS","M","?","?","M","$","E","R","E","T","?","M","M","$","M","R","BOSS","M","?","M","$","M","R","M","?","T","M","M","R","$","M","R","BOSS"],"build_version":"2019-01-23","purchased_purges":1,"victory":true,"max_hp_per_floor":[75,75,75,75,75,75,75,75,82,82,82,82,82,82,82,82,82,82,82,82,82,82,82,82,82,82,82,82,82,82,82,82,82,82,82,82,82,82,82,82,82,82,82,82,82,82,82,82,82,82],"card_choices":[{"not_picked":["Beam Cell","Hologram"],"picked":"Streamline","floor":1},{"not_picked":["Coolheaded","Chill"],"picked":"Beam Cell","floor":2},{"not_picked":["Conserve Battery","Hologram"],"picked":"Melter","floor":4},{"not_picked":["Beam Cell","Stack"],"picked":"Barrage","floor":7},{"not_picked":["Cold Snap","Auto Shields"],"picked":"Buffer","floor":8},{"not_picked":["Reinforced Body","Aggregate"],"picked":"Leap","floor":11},{"not_picked":["Barrage","Compile Driver"],"picked":"Coolheaded","floor":12},{"not_picked":["Meteor Strike","Machine Learning"],"picked":"Echo Form","floor":16},{"not_picked":["Streamline","Blizzard"],"picked":"Auto Shields+1","floor":18},{"not_picked":["Stack","Auto Shields"],"picked":"Redo+1","floor":21},{"not_picked":["Machine Learning","Aggregate"],"picked":"White Noise","floor":23},{"not_picked":["Redo","Leap"],"picked":"Defragment","floor":25},{"not_picked":["Steam Power+1","Streamline","Rip and Tear"],"picked":"BootSequence+1","floor":28},{"not_picked":["Aggregate+1","Conserve Battery+1","Steam+1"],"picked":"Go for the Eyes+1","floor":29},{"not_picked":["Gash","Sweeping Beam+1","Doom and Gloom"],"picked":"Skim+1","floor":31},{"not_picked":["Rainbow+1","Reboot+1","Fission+1"],"picked":"Amplify+1","floor":33},{"not_picked":["Beam Cell"],"picked":"Cold Snap+1","floor":35},{"not_picked":["Go for the Eyes+1"],"picked":"Self Repair+1","floor":37},{"not_picked":["Rebound","Compile Driver+1"],"picked":"SKIP","floor":39},{"not_picked":["Steam+1"],"picked":"Ball Lightning","floor":41},{"not_picked":["Compile Driver"],"picked":"Stack+1","floor":44},{"not_picked":["Doom and Gloom+1"],"picked":"Machine Learning","floor":45},{"not_picked":["Doom and Gloom+1"],"picked":"Conserve Battery+1","floor":48}],"player_experience":323232,"relics_obtained":[{"floor":5,"key":"Smiling Mask"},{"floor":7,"key":"Bronze Scales"},{"floor":9,"key":"Strawberry"},{"floor":11,"key":"Bag of Marbles"},{"floor":23,"key":"Symbiotic Virus"},{"floor":25,"key":"Centennial Puzzle"},{"floor":26,"key":"Toxic Egg 2"},{"floor":43,"key":"Potion Belt"}],"event_choices":[{"damage_healed":0,"gold_gain":0,"player_choice":"Ignored","damage_taken":0,"max_hp_gain":0,"max_hp_loss":0,"event_name":"Liars Game","floor":3,"gold_loss":0},{"damage_healed":0,"gold_gain":0,"player_choice":"Left Gold","damage_taken":0,"max_hp_gain":0,"max_hp_loss":0,"event_name":"World of Goop","floor":14,"gold_loss":41},{"damage_healed":0,"gold_gain":0,"player_choice":"Ignored","damage_taken":0,"max_hp_gain":0,"max_hp_loss":0,"event_name":"Ghosts","floor":19,"gold_loss":0},{"damage_healed":0,"gold_gain":0,"player_choice":"Joined the Cult","damage_taken":6,"max_hp_gain":0,"max_hp_loss":0,"event_name":"Nest","floor":20,"gold_loss":0,"cards_obtained":["RitualDagger"]},{"damage_healed":0,"gold_gain":0,"player_choice":"Obtained Relic","damage_taken":0,"relics_obtained":["Question Card"],"max_hp_gain":0,"max_hp_loss":0,"event_name":"Addict","floor":27,"gold_loss":85},{"damage_healed":0,"gold_gain":0,"player_choice":"Embrace Madness","damage_taken":10,"max_hp_gain":0,"max_hp_loss":0,"event_name":"Winding Halls","floor":36,"gold_loss":0,"cards_obtained":["Madness","Madness"]},{"damage_healed":0,"gold_gain":0,"player_choice":"Paid","damage_taken":0,"relics_obtained":["Red Mask"],"max_hp_gain":0,"max_hp_loss":0,"event_name":"Tomb of Lord Red Mask","floor":42,"gold_loss":106}],"is_beta":false,"boss_relics":[{"not_picked":["Nuclear Battery","Empty Cage"],"picked":"Philosopher\u0027s Stone"},{"not_picked":["Snecko Eye","Runic Dome"],"picked":"Busted Crown"}],"items_purged_floors":[22],"is_endless":false,"potions_floor_spawned":[4,7,8,12,16,23,29,39,44,45,48],"ascension_level":1}