{"gold_per_floor":[117,135,147,97,97,97,124,124,124,152,170,182,182,182,182,279,279,295,394,375,375,386,386,419,419,443,455,467,493,520,532],"floor_reached":31,"playtime":1491,"items_purged":[],"score":358,"play_id":"0acbe9fa-eaa1-421c-aa76-c8b85c1eeffe","local_time":"20181110191927","is_ascension_mode":true,"campfire_choices":[{"data":"Bash","floor":6.0,"key":"SMITH"},{"data":"Seeing Red","floor":8.0,"key":"SMITH"},{"floor":15.0,"key":"REST"},{"data":"True Grit","floor":23,"key":"SMITH"},{"data":"Juggernaut","floor":25,"key":"SMITH"},{"floor":27,"key":"REST"}],"neow_cost":"NONE","seed_source_timestamp":0,"circlet_count":0,"master_deck":["Strike_R","Strike_R","Strike_R","Defend_R","Defend_R","Defend_R","Defend_R+1","Bash+1","Dark Embrace+1","Seeing Red+1","Spot Weakness+1","Ghostly Armor","True Grit+1","Shrug It Off","Juggernaut+1","Rampage+1","Heavy Blade"],"special_seed":0,"relics":["Burning Blood","Regal Pillow","Matryoshka","Boot","Art of War","Velvet Choker","Blood Vial","Centennial Puzzle","MawBank"],"potions_floor_usage":[18,24,31,31],"damage_taken":[{"damage":4.0,"enemies":"Small Slimes","floor":1.0,"turns":5.0},{"damage":4.0,"enemies":"Jaw Worm","floor":2.0,"turns":6.0},{"damage":15.0,"enemies":"Cultist","floor":3.0,"turns":5.0},{"damage":27.0,"enemies":"Gremlin Nob","floor":7.0,"turns":4.0},{"damage":30.0,"enemies":"3 Sentries","floor":10.0,"turns":8.0},{"damage":5.0,"enemies":"2 Fungi Beasts","floor":11.0,"turns":5.0},{"damage":10.0,"enemies":"Large Slime","floor":12.0,"turns":5.0},{"damage":38.0,"enemies":"Hexaghost","floor":16.0,"turns":10.0},{"damage":25,"enemies":"Chosen","floor":18,"turns":8},{"damage":17,"enemies":"2 Thieves","floor":20,"turns":4},{"damage":6,"enemies":"Cultist and Chosen","floor":22,"turns":8},{"damage":28,"enemies":"Gremlin Leader","floor":24,"turns":10},{"damage":44,"enemies":"Chosen and Byrds","floor":29,"turns":7},{"damage":9,"enemies":"Shelled Parasite and Fungi","floor":30,"turns":7},{"damage":31,"enemies":"Book of Stabbing","floor":31,"turns":4}],"seed_played":"4317286693249986393","potions_obtained":[{"floor":1.0,"key":"BloodPotion"},{"floor":7.0,"key":"Weak Potion"},{"floor":10.0,"key":"Explosive Potion"},{"floor":11.0,"key":"GamblersBrew"},{"floor":20,"key":"Strength Potion"},{"floor":29,"key":"Ancient Potion"},{"floor":30,"key":"SkillPotion"}],"is_trial":false,"path_per_floor":["M","M","M","?","?","R","E","R","T","E","M","M","?","?","R","B",null,"M","?","M","?","M","R","E","R","T","R","?","M","M","E"],"character_chosen":"IRONCLAD","items_purchased":[],"campfire_rested":2,"item_purchase_floors":[],"current_hp_per_floor":[74,76,67,67,67,67,46,46,46,30,31,27,11,8,47,15,64,45,45,34,60,60,60,38,38,38,77,62,26,25,0],"gold":532,"neow_bonus":"TRANSFORM_CARD","is_prod":false,"is_daily":false,"chose_seed":false,"campfire_upgraded":4,"win_rate":0,"timestamp":1541873967,"path_taken":["M","M","M","?","?","R","E","R","T","E","?","M","?","?","R","BOSS","M","?","M","?","M","R","E","R","T","R","?","M","M","E"],"build_version":"2018-11-08","purchased_purges":0,"victory":false,"max_hp_per_floor":[80,80,80,80,80,80,80,80,80,80,80,80,80,80,80,80,80,80,80,80,80,80,80,80,80,80,80,85,85,85,85],"card_choices":[{"not_picked":["Infernal Blade","Sword Boomerang"],"picked":"Seeing Red","floor":1.0},{"not_picked":["Wild Strike","Clash"],"picked":"Spot Weakness","floor":2.0},{"not_picked":["Perfected Strike","Armaments","Corruption"],"picked":"SKIP","floor":3.0},{"not_picked":["Bloodletting","Dual Wield","Body Slam"],"picked":"SKIP","floor":7.0},{"not_picked":["Clash","Hemokinesis"],"picked":"Ghostly Armor","floor":10.0},{"not_picked":["Burning Pact","Heavy Blade","Corruption"],"picked":"SKIP","floor":11.0},{"not_picked":["Armaments","Power Through","Warcry"],"picked":"SKIP","floor":12.0},{"not_picked":["Corruption","Spot Weakness"],"picked":"True Grit","floor":18},{"not_picked":["Entrench","Wild Strike+1","Armaments"],"picked":"SKIP","floor":20},{"not_picked":["Warcry","Metallicize"],"picked":"Shrug It Off","floor":22},{"not_picked":["Heavy Blade","Shrug It Off"],"picked":"Juggernaut","floor":24},{"not_picked":["Searing Blow+1","Wild Strike+1"],"picked":"Rampage+1","floor":29},{"not_picked":["Clothesline+1","Ghostly Armor"],"picked":"Heavy Blade","floor":30}],"player_experience":533460,"relics_obtained":[{"floor":7.0,"key":"Regal Pillow"},{"floor":9.0,"key":"Matryoshka"},{"floor":10.0,"key":"Boot"},{"floor":24,"key":"Blood Vial"},{"floor":26,"key":"Centennial Puzzle"},{"floor":26,"key":"MawBank"}],"event_choices":[{"cards_removed":["Strike_R"],"damage_healed":0.0,"max_hp_gain":0.0,"max_hp_loss":0.0,"gold_gain":0.0,"event_name":"The Cleric","player_choice":"Card Removal","floor":4.0,"gold_loss":50.0,"damage_taken":0.0},{"damage_healed":0.0,"max_hp_gain":0.0,"max_hp_loss":0.0,"gold_gain":0.0,"event_name":"Accursed Blacksmith","player_choice":"Forge","floor":5.0,"gold_loss":0.0,"damage_taken":0.0,"cards_upgraded":["Spot Weakness"]},{"damage_healed":0.0,"max_hp_gain":0.0,"max_hp_loss":0.0,"gold_gain":0.0,"event_name":"Shining Light","player_choice":"Entered Light","floor":13.0,"gold_loss":0.0,"damage_taken":16.0,"cards_upgraded":["Defend_R","Dark Embrace"]},{"damage_healed":0.0,"max_hp_gain":0.0,"max_hp_loss":0.0,"gold_gain":0.0,"event_name":"Scrap Ooze","player_choice":"Success","floor":14.0,"gold_loss":0.0,"damage_taken":3.0,"relics_obtained":["Art of War"]},{"damage_healed":0,"gold_gain":99,"player_choice":"Stole From Cult","damage_taken":0,"max_hp_gain":0,"max_hp_loss":0,"event_name":"Nest","floor":19,"gold_loss":0},{"damage_healed":26,"gold_gain":0,"player_choice":"Heal","damage_taken":0,"max_hp_gain":0,"max_hp_loss":0,"event_name":"The Library","floor":21,"gold_loss":0},{"damage_healed":0,"gold_gain":0,"player_choice":"Shed Blood","damage_taken":20,"max_hp_gain":5,"max_hp_loss":0,"event_name":"Forgotten Altar","floor":28,"gold_loss":0}],"is_beta":false,"boss_relics":[{"not_picked":["Snecko Eye","Philosopher\u0027s Stone"],"picked":"Velvet Choker"}],"items_purged_floors":[],"is_endless":false,"potions_floor_spawned":[1,7,10,11,20,29,30],"killed_by":"Book of Stabbing","ascension_level":7}