{"gold_per_floor":[118,118,134,134,309,309,353,382,435,62,75,75,124,138,138,264,264,258,282,305,305,305,320,341,360,384,400,400,434,434,52,52,182,182,203,4,24,47,62,106,106,144,171,191,191,204,204,0,0,0],"floor_reached":51,"playtime":1671,"items_purged":["Decay"],"score":1073,"play_id":"dd5e529d-ecbe-41d3-b0a6-f08d42594209","local_time":"20190304124553","is_ascension_mode":true,"campfire_choices":[{"data":"Body Slam","floor":6,"key":"SMITH"},{"floor":15,"key":"REST"},{"floor":28,"key":"REST"},{"floor":30,"key":"REST"},{"floor":32,"key":"REST"},{"data":"Limit Break","floor":41,"key":"SMITH"},{"data":"Apotheosis","floor":45,"key":"SMITH"},{"data":"Shrug It Off","floor":49,"key":"SMITH"}],"neow_cost":"NONE","seed_source_timestamp":9747749805062,"circlet_count":0,"master_deck":["Strike_R","Strike_R","Strike_R","Strike_R","Strike_R","Defend_R","Defend_R+1","Defend_R","Defend_R+1","Bash","Pommel Strike","Impervious","Body Slam+1","Doubt","Headbutt","Shrug It Off+1","Rampage","Spot Weakness","Armaments","Infernal Blade","Limit Break+1","Shrug It Off+1","Whirlwind","Necronomicurse","Shrug It Off+1","Ghostly Armor+1","Heavy Blade+1","Apotheosis+1","Reaper","Flex+1","Shrug It Off+1"],"relics":["Burning Blood","NeowsBlessing","Golden Idol","Paper Frog","Odd Mushroom","Orichalcum","Strawberry","Bronze Scales","Pen Nib","Runic Pyramid","Necronomicon","Red Skull","Meat on the Bone","Brimstone","Busted Crown","Vajra","War Paint","Anchor","Omamori","Red Mask"],"potions_floor_usage":[16,16,19,24,29,35,35,37,40,42,46,50],"damage_taken":[{"damage":0,"enemies":"Small Slimes","floor":1,"turns":1},{"damage":0,"enemies":"Cultist","floor":3,"turns":1},{"damage":0,"enemies":"Lagavulin","floor":7,"turns":1},{"damage":33,"enemies":"The Mushroom Lair","floor":8,"turns":5},{"damage":0,"enemies":"2 Louse","floor":11,"turns":3},{"damage":6,"enemies":"Looter","floor":14,"turns":3},{"damage":46,"enemies":"The Guardian","floor":16,"turns":9},{"damage":1,"enemies":"2 Thieves","floor":18,"turns":4},{"damage":0,"enemies":"3 Byrds","floor":19,"turns":4},{"damage":21,"enemies":"Snake Plant","floor":20,"turns":6},{"damage":12,"enemies":"Snecko","floor":23,"turns":4},{"damage":10,"enemies":"Centurion and Healer","floor":24,"turns":6},{"damage":16,"enemies":"Snake Plant","floor":25,"turns":4},{"damage":1,"enemies":"Cultist and Chosen","floor":27,"turns":3},{"damage":30,"enemies":"Book of Stabbing","floor":29,"turns":5},{"damage":18,"enemies":"Collector","floor":33,"turns":6},{"damage":6,"enemies":"3 Shapes","floor":35,"turns":1},{"damage":9,"enemies":"Orb Walker","floor":37,"turns":2},{"damage":0,"enemies":"Maw","floor":38,"turns":4},{"damage":0,"enemies":"3 Darklings","floor":39,"turns":2},{"damage":44,"enemies":"Giant Head","floor":40,"turns":6},{"damage":76,"enemies":"Nemesis","floor":42,"turns":5},{"damage":0,"enemies":"Transient","floor":44,"turns":5},{"damage":0,"enemies":"Jaw Worm Horde","floor":46,"turns":1},{"damage":21,"enemies":"Time Eater","floor":50,"turns":5}],"seed_played":"-2688690994718497173","potions_obtained":[{"floor":11,"key":"FearPotion"},{"floor":14,"key":"SteroidPotion"},{"floor":16,"key":"LiquidBronze"},{"floor":19,"key":"FearPotion"},{"floor":25,"key":"EssenceOfSteel"},{"floor":29,"key":"SneckoOil"},{"floor":33,"key":"Block Potion"},{"floor":35,"key":"FearPotion"},{"floor":38,"key":"SteroidPotion"},{"floor":40,"key":"Strength Potion"},{"floor":42,"key":"Dexterity Potion"}],"is_trial":false,"path_per_floor":["M","?","M","?","?","R","E","?","T","$","M","?","T","M","R","B",null,"M","M","M","?","?","M","M","M","T","M","R","E","R","$","R","B",null,"M","$","M","M","M","E","R","E","T","M","R","M","?","?","R","B",null],"character_chosen":"IRONCLAD","items_purchased":["Strawberry","Rampage","Spot Weakness","Brimstone","Apotheosis","Vajra","Dexterity Potion"],"campfire_rested":4,"item_purchase_floors":[10,10,10,31,31,36,36],"current_hp_per_floor":[78,78,80,60,60,60,66,39,39,46,52,40,40,40,66,26,72,77,83,68,52,52,46,42,32,32,37,63,39,65,65,87,75,84,84,84,81,87,87,87,87,50,50,87,87,87,87,87,87,72],"gold":0,"neow_bonus":"THREE_ENEMY_KILL","is_prod":false,"is_daily":false,"chose_seed":false,"campfire_upgraded":4,"win_rate":0,"timestamp":1551725153,"path_taken":["M","?","?","?","?","R","E","?","T","$","M","?","?","M","R","BOSS","M","M","?","?","?","M","?","M","T","M","R","E","R","?","R","BOSS","M","$","M","?","M","E","R","E","T","M","R","M","?","?","R","BOSS"],"build_version":"2019-01-23","purchased_purges":1,"victory":true,"max_hp_per_floor":[80,80,80,80,80,80,80,80,80,87,87,87,87,87,87,87,87,87,87,87,87,87,87,87,87,87,87,87,87,87,87,87,87,87,87,87,87,87,87,87,87,87,87,87,87,87,87,87,87,87],"card_choices":[{"not_picked":["Armaments","Havoc"],"picked":"Pommel Strike","floor":1},{"not_picked":["Twin Strike","Limit Break"],"picked":"Body Slam","floor":3},{"not_picked":["Wild Strike","Anger"],"picked":"Headbutt","floor":7},{"not_picked":["Perfected Strike","Clothesline"],"picked":"Shrug It Off","floor":8},{"not_picked":["Body Slam","Rampage"],"picked":"Armaments","floor":11},{"not_picked":["Second Wind","Sentinel"],"picked":"Infernal Blade","floor":14},{"not_picked":["Reaper","Brutality"],"picked":"Limit Break","floor":16},{"not_picked":["Warcry+1","Headbutt","Clash"],"picked":"SKIP","floor":18},{"not_picked":["Thunderclap","Headbutt+1"],"picked":"Shrug It Off+1","floor":19},{"not_picked":["Heavy Blade","Second Wind"],"picked":"Whirlwind","floor":20},{"not_picked":["Combust","Clothesline","Iron Wave+1"],"picked":"SKIP","floor":23},{"not_picked":["Armaments","Metallicize"],"picked":"Ghostly Armor+1","floor":24},{"not_picked":["True Grit","Reckless Charge","Pommel Strike"],"picked":"SKIP","floor":25},{"not_picked":["Berserk","Iron Wave+1"],"picked":"Heavy Blade+1","floor":27},{"not_picked":["Wild Strike","Anger","Burning Pact"],"picked":"SKIP","floor":29},{"not_picked":["Impervious","Dark Embrace"],"picked":"Reaper","floor":33},{"not_picked":["Clash+1"],"picked":"SKIP","floor":35},{"not_picked":[],"picked":"Flex+1","floor":37},{"not_picked":["Rupture+1"],"picked":"SKIP","floor":38},{"not_picked":["Clothesline+1"],"picked":"SKIP","floor":39},{"not_picked":["Hemokinesis"],"picked":"SKIP","floor":40},{"not_picked":["Clash"],"picked":"SKIP","floor":42},{"not_picked":[],"picked":"Shrug It Off+1","floor":44},{"not_picked":["Shockwave+1"],"picked":"SKIP","floor":46}],"player_experience":508075,"relics_obtained":[{"floor":7,"key":"Paper Frog"},{"floor":8,"key":"Odd Mushroom"},{"floor":9,"key":"Orichalcum"},{"floor":13,"key":"Pen Nib"},{"floor":21,"key":"Necronomicon"},{"floor":26,"key":"Red Skull"},{"floor":29,"key":"Meat on the Bone"},{"floor":40,"key":"War Paint"},{"floor":42,"key":"Anchor"},{"floor":43,"key":"Omamori"}],"event_choices":[{"damage_healed":0,"gold_gain":0,"player_choice":"2 cards matched","damage_taken":0,"max_hp_gain":0,"max_hp_loss":0,"event_name":"Match and Keep!","floor":2,"gold_loss":0,"cards_obtained":["Decay","Impervious"]},{"damage_healed":0,"gold_gain":0,"player_choice":"Take Damage","damage_taken":20,"relics_obtained":["Golden Idol"],"max_hp_gain":0,"max_hp_loss":0,"event_name":"Golden Idol","floor":4,"gold_loss":0},{"damage_healed":0,"gold_gain":175,"player_choice":"AGREE","damage_taken":0,"max_hp_gain":0,"max_hp_loss":0,"event_name":"Liars Game","floor":5,"gold_loss":0,"cards_obtained":["Doubt"]},{"damage_healed":0,"gold_gain":0,"player_choice":"Fought Mushrooms","damage_taken":0,"max_hp_gain":0,"max_hp_loss":0,"event_name":"Mushrooms","floor":8,"gold_loss":0},{"damage_healed":0,"gold_gain":0,"player_choice":"Success","damage_taken":12,"relics_obtained":["Bronze Scales"],"max_hp_gain":0,"max_hp_loss":0,"event_name":"Scrap Ooze","floor":12,"gold_loss":0},{"damage_healed":0,"gold_gain":0,"player_choice":"Obtained Book","damage_taken":16,"max_hp_gain":0,"max_hp_loss":0,"event_name":"Cursed Tome","floor":21,"gold_loss":0},{"damage_healed":0,"gold_gain":0,"player_choice":"Copied","damage_taken":0,"max_hp_gain":0,"max_hp_loss":0,"event_name":"Duplicator","floor":22,"gold_loss":0,"cards_obtained":["Shrug It Off"]},{"damage_healed":0,"gold_gain":0,"player_choice":"Ignored","damage_taken":0,"max_hp_gain":0,"max_hp_loss":0,"event_name":"Mysterious Sphere","floor":47,"gold_loss":0},{"damage_healed":0,"gold_gain":0,"player_choice":"Paid","damage_taken":0,"relics_obtained":["Red Mask"],"max_hp_gain":0,"max_hp_loss":0,"event_name":"Tomb of Lord Red Mask","floor":48,"gold_loss":204}],"is_beta":false,"boss_relics":[{"not_picked":["Black Blood","Coffee Dripper"],"picked":"Runic Pyramid"},{"not_picked":["Runic Cube","Orrery"],"picked":"Busted Crown"}],"items_purged_floors":[10],"is_endless":false,"potions_floor_spawned":[11,14,16,19,25,29,33,35,38,40,42],"ascension_level":6}