{"gold_per_floor":[116,127,141,161,236,236,270,270,270,300,300,300,314,333,333,432,432,442,58,92,109,33,67,78,92,116,145,145,159,179,213,213,314,314,329,340,355,373,384,384,397,397,469,68,68,84,116,127,127,127,127,127,27,27],"floor_reached":54,"playtime":8214,"items_purged":["Doubt","Strike_G"],"score":1174,"play_id":"49a6d089-e720-4d64-9d3a-c61b60b3bf74","local_time":"20190304205455","is_ascension_mode":true,"campfire_choices":[{"data":"Neutralize","floor":6.0,"key":"SMITH"},{"data":"Cloak And Dagger","floor":8.0,"key":"SMITH"},{"data":"Cloak And Dagger","floor":11.0,"key":"SMITH"},{"floor":15.0,"key":"REST"},{"data":"Adrenaline","floor":32.0,"key":"SMITH"},{"data":"A Thousand Cuts","floor":40,"key":"SMITH"},{"floor":42,"key":"RECALL"},{"data":"A Thousand Cuts","floor":45,"key":"SMITH"},{"data":"Accuracy","floor":49,"key":"SMITH"},{"data":"Accuracy","floor":52,"key":"SMITH"}],"neow_cost":"PERCENT_DAMAGE","seed_source_timestamp":599479052637900,"circlet_count":0,"master_deck":["Defend_G","Defend_G","Defend_G","Defend_G","Defend_G","Strike_G","Strike_G","Strike_G","Survivor","Neutralize+1","Backstab","Backstab","Cloak And Dagger+1","Heel Hook","Cloak And Dagger+1","A Thousand Cuts+1","Cloak And Dagger","A Thousand Cuts+1","Heel Hook+1","Accuracy+1","Accuracy+1","Adrenaline+1","Calculated Gamble","Writhe","Heel Hook","Escape Plan+1","Masterful Stab+1","Well Laid Plans","After Image","Prepared+1","Infinite Blades","Underhanded Strike+1","Parasite","Cloak And Dagger+1","Finisher+1","Accuracy","Terror+1","Backstab+1","Accuracy"],"special_seed":0,"relics":["Ring of the Snake","Bird Faced Urn","Snake Skull","Vajra","Cursed Key","Dead Branch","Red Mask","Bottled Flame","Lantern","Ancient Tea Set","Molten Egg 2","Runic Dome","Mummified Hand","Thread and Needle"],"potions_floor_usage":[],"damage_taken":[{"damage":0.0,"enemies":"2 Louse","floor":1.0,"turns":4.0},{"damage":2.0,"enemies":"Cultist","floor":2.0,"turns":4.0},{"damage":0.0,"enemies":"Small Slimes","floor":3.0,"turns":2.0},{"damage":0.0,"enemies":"3 Louse","floor":4.0,"turns":4.0},{"damage":26.0,"enemies":"Lagavulin","floor":7.0,"turns":7.0},{"damage":0.0,"enemies":"Lots of Slimes","floor":13.0,"turns":3.0},{"damage":0.0,"enemies":"2 Fungi Beasts","floor":14.0,"turns":3.0},{"damage":24.0,"enemies":"The Guardian","floor":16.0,"turns":16.0},{"damage":0.0,"enemies":"3 Byrds","floor":18.0,"turns":4.0},{"damage":5.0,"enemies":"Masked Bandits","floor":20.0,"turns":6.0},{"damage":0.0,"enemies":"2 Thieves","floor":21.0,"turns":3.0},{"damage":9.0,"enemies":"Slavers","floor":23.0,"turns":4.0},{"damage":22.0,"enemies":"Sentry and Sphere","floor":24.0,"turns":6.0},{"damage":0.0,"enemies":"Chosen and Byrds","floor":25.0,"turns":3.0},{"damage":0.0,"enemies":"Gremlin Leader","floor":27.0,"turns":4.0},{"damage":2.0,"enemies":"Centurion and Healer","floor":29.0,"turns":3.0},{"damage":12.0,"enemies":"Shelled Parasite and Fungi","floor":30.0,"turns":4.0},{"damage":21.0,"enemies":"Book of Stabbing","floor":31.0,"turns":4.0},{"damage":15.0,"enemies":"Champ","floor":33.0,"turns":9.0},{"damage":4.0,"enemies":"3 Darklings","floor":35.0,"turns":3.0},{"damage":0.0,"enemies":"3 Shapes","floor":36.0,"turns":1.0},{"damage":13.0,"enemies":"Spire Growth","floor":37.0,"turns":2.0},{"damage":40.0,"enemies":"Writhing Mass","floor":38.0,"turns":5.0},{"damage":12,"enemies":"Transient","floor":39,"turns":5},{"damage":8,"enemies":"Spire Growth","floor":41,"turns":3},{"damage":0,"enemies":"3 Darklings","floor":46,"turns":1},{"damage":0,"enemies":"Reptomancer","floor":47,"turns":3},{"damage":0,"enemies":"Sphere and 2 Shapes","floor":48,"turns":1},{"damage":15,"enemies":"Donu and Deca","floor":50,"turns":5},{"damage":80,"enemies":"Shield and Spear","floor":54,"turns":3}],"seed_played":"9098632094419263676","potions_obtained":[{"floor":1.0,"key":"Block Potion"},{"floor":2.0,"key":"Swift Potion"},{"floor":4.0,"key":"Regen Potion"},{"floor":7.0,"key":"Poison Potion"},{"floor":14.0,"key":"SteroidPotion"},{"floor":24.0,"key":"SpeedPotion"},{"floor":25.0,"key":"Fire Potion"},{"floor":27.0,"key":"Block Potion"},{"floor":35.0,"key":"SteroidPotion"},{"floor":37.0,"key":"SteroidPotion"},{"floor":38.0,"key":"Fire Potion"},{"floor":41,"key":"GhostInAJar"},{"floor":47,"key":"FearPotion"}],"is_trial":false,"path_per_floor":["M","M","M","M","?","R","E","R","T","?","R","?","M","M","R","B",null,"M","$","?","M","$","E","M","M","T","E","?","M","M","E","R","B",null,"M","M","M","M","M","R","M","R","T","$","R","M","E","M","R","B",null,"R","$","E"],"character_chosen":"THE_SILENT","items_purchased":["Dead Branch","Accuracy","Accuracy","Mummified Hand","Accuracy"],"campfire_rested":1,"item_purchase_floors":[19,19,22,44,44],"current_hp_per_floor":[45,43,43,43,32,32,21,21,21,21,21,21,23,25,46,24,59,61,61,66,70,70,65,50,58,58,66,70,70,65,51,51,50,65,68,70,69,30,34,34,34,34,34,34,34,38,54,56,56,63,68,68,68,0],"gold":27,"neow_bonus":"ONE_RARE_RELIC","is_prod":false,"is_daily":false,"chose_seed":false,"campfire_upgraded":8,"win_rate":0,"timestamp":1551758095,"path_taken":["M","M","M","M","?","R","E","R","T","?","R","?","M","?","R","BOSS","M","$","?","M","$","E","M","M","T","E","?","M","M","E","R","BOSS","M","?","M","M","M","R","M","R","T","$","R","M","E","M","R","BOSS","R","$","E"],"build_version":"2019-01-23","purchased_purges":2,"victory":false,"max_hp_per_floor":[70,70,70,70,70,70,70,70,70,70,70,70,70,70,70,70,70,70,70,70,70,70,70,70,70,70,70,70,70,70,70,70,70,70,70,70,70,70,70,70,70,70,70,70,70,70,70,70,70,70,70,70,70,70],"card_choices":[{"not_picked":["Calculated Gamble","Dagger Spray"],"picked":"Backstab","floor":1.0},{"not_picked":["Deadly Poison","Heel Hook"],"picked":"Backstab","floor":2.0},{"not_picked":["Riddle With Holes","Backflip"],"picked":"Cloak And Dagger","floor":3.0},{"not_picked":["Sucker Punch","Deadly Poison"],"picked":"Heel Hook","floor":4.0},{"not_picked":["Blade Dance","Backflip"],"picked":"Cloak And Dagger","floor":7.0},{"not_picked":["Outmaneuver","Skewer","Underhanded Strike"],"picked":"SKIP","floor":13.0},{"not_picked":["Dodge and Roll","Tactician"],"picked":"Cloak And Dagger","floor":14.0},{"not_picked":["Corpse Explosion","Grand Finale"],"picked":"A Thousand Cuts","floor":16.0},{"not_picked":["Blade Dance","Setup"],"picked":"Heel Hook+1","floor":18.0},{"not_picked":["PiercingWail+1","Backflip","Bane"],"picked":"SKIP","floor":21.0},{"not_picked":["Expertise","Adrenaline","Slice"],"picked":"SKIP","floor":23.0},{"not_picked":["Expertise","Slice"],"picked":"Adrenaline","floor":23.0},{"not_picked":["Flechettes","Acrobatics","Bane"],"picked":"SKIP","floor":24.0},{"not_picked":["Poisoned Stab+1","Dodge and Roll"],"picked":"Calculated Gamble","floor":25.0},{"not_picked":["Quick Slash","Slice"],"picked":"Heel Hook","floor":27.0},{"not_picked":["Slice","Die Die Die"],"picked":"Escape Plan+1","floor":29.0},{"not_picked":["Deadly Poison","Dagger Throw"],"picked":"Masterful Stab+1","floor":30.0},{"not_picked":["Underhanded Strike","Grand Finale"],"picked":"Well Laid Plans","floor":31.0},{"not_picked":["Tools of the Trade","Burst"],"picked":"After Image","floor":33.0},{"not_picked":["Sucker Punch+1","Blur+1"],"picked":"Prepared+1","floor":35.0},{"not_picked":["Dagger Spray+1","Cloak And Dagger+1"],"picked":"Infinite Blades","floor":36.0},{"not_picked":["Sucker Punch+1","Poisoned Stab+1"],"picked":"Underhanded Strike+1","floor":37.0},{"not_picked":["Concentrate","Bane+1"],"picked":"Cloak And Dagger+1","floor":38.0},{"not_picked":["Bane+1","Setup+1","Sucker Punch+1"],"picked":"SKIP","floor":39},{"not_picked":["Prepared","Riddle With Holes+1"],"picked":"Finisher+1","floor":41},{"not_picked":["Backstab+1","Skewer+1"],"picked":"Terror+1","floor":46},{"not_picked":["Phantasmal Killer","Crippling Poison"],"picked":"Backstab+1","floor":47},{"not_picked":["Blade Dance","Flechettes+1"],"picked":"Accuracy","floor":48}],"player_experience":435574,"relics_obtained":[{"floor":7.0,"key":"Snake Skull"},{"floor":9.0,"key":"Vajra"},{"floor":20.0,"key":"Red Mask"},{"floor":23.0,"key":"Bottled Flame"},{"floor":26.0,"key":"Lantern"},{"floor":27.0,"key":"Ancient Tea Set"},{"floor":31.0,"key":"Molten Egg 2"},{"floor":47,"key":"Thread and Needle"}],"event_choices":[{"damage_healed":0.0,"max_hp_gain":0.0,"max_hp_loss":0.0,"gold_gain":75.0,"event_name":"World of Goop","player_choice":"Gather Gold","floor":5.0,"gold_loss":0.0,"damage_taken":11.0},{"damage_healed":0.0,"max_hp_gain":0.0,"max_hp_loss":0.0,"gold_gain":30.0,"event_name":"Dead Adventurer","player_choice":"Searched \u00271\u0027 times","floor":10.0,"gold_loss":0.0,"damage_taken":0.0},{"damage_healed":0.0,"max_hp_gain":0.0,"max_hp_loss":0.0,"gold_gain":0.0,"cards_transformed":["Strike_G"],"event_name":"Transmorgrifier","player_choice":"Transformed","floor":12.0,"gold_loss":0.0,"damage_taken":0.0,"cards_obtained":["A Thousand Cuts"]},{"damage_healed":0.0,"max_hp_gain":0.0,"max_hp_loss":0.0,"gold_gain":0.0,"event_name":"Masked Bandits","player_choice":"Fought Bandits","floor":20.0,"gold_loss":0.0,"damage_taken":0.0},{"damage_healed":4.0,"max_hp_gain":0.0,"max_hp_loss":0.0,"gold_gain":0.0,"event_name":"Wheel of Change","player_choice":"Full Heal","floor":28.0,"gold_loss":0.0,"damage_taken":0.0}],"is_beta":false,"boss_relics":[{"not_picked":["Coffee Dripper","HoveringKite"],"picked":"Cursed Key"},{"not_picked":["Snecko Eye","Pandora\u0027s Box"],"picked":"Runic Dome"}],"items_purged_floors":[44,53],"is_endless":false,"potions_floor_spawned":[1,2,4,7,14,24,25,27,29,35,37,38,41,47],"killed_by":"Shield and Spear","ascension_level":8}