{"gold_per_floor":[115,115,129,129,204,235,235,251,304,10,10,43,63,81,81,176,176,193,213,213,303,313,325,325,344,344,359,359,369,2,22,22,120,170,181,181,198,8,8,8,19,19,19,31,31,50,0,26,26,26],"floor_reached":50,"playtime":3511,"items_purged":["Strike_R","Strike_R","Strike_R+1"],"score":561,"play_id":"b51134ba-aa68-4e27-bb51-07c9b2a2fee7","local_time":"20190305174216","is_ascension_mode":false,"campfire_choices":[{"floor":7,"key":"REST"},{"floor":11,"key":"REST"},{"data":"Blood for Blood","floor":15,"key":"SMITH"},{"floor":24,"key":"REST"},{"floor":28,"key":"REST"},{"floor":32,"key":"REST"},{"floor":40,"key":"RECALL"},{"floor":45,"key":"REST"},{"floor":49,"key":"REST"}],"neow_cost":"NONE","seed_source_timestamp":1715948445741098,"circlet_count":0,"master_deck":["Defend_R","Defend_R+1","Defend_R","Defend_R","Bash","Shockwave","Thunderclap","Blood for Blood+1","Thunderclap","Dropkick","Cleave","Pommel Strike","Bludgeon+1","Sever Soul","Perfected Strike","Uppercut","Whirlwind","True Grit","Flex","Warcry","Bludgeon","Trip","Dramatic Entrance","Dark Embrace","Battle Trance","Sever Soul","Sever Soul+1","Infernal Blade","Corruption","Blood for Blood","Warcry+1","Fiend Fire","Warcry","Havoc","Power Through+1","Mayhem","Metallicize+1","Perfected Strike","Corruption","Heavy Blade"],"relics":["Snecko Eye","Ancient Tea Set","Smiling Mask","Ornamental Fan","Vajra","Orrery","Paper Frog","PreservedInsect","Tiny House","Self Forming Clay","FossilizedHelix"],"potions_floor_usage":[27,33,33,33,48,50,50,50],"damage_taken":[{"damage":5,"enemies":"2 Louse","floor":1,"turns":2},{"damage":0,"enemies":"Cultist","floor":3,"turns":3},{"damage":37,"enemies":"3 Sentries","floor":6,"turns":10},{"damage":0,"enemies":"Small Slimes","floor":8,"turns":2},{"damage":4,"enemies":"Lagavulin","floor":12,"turns":3},{"damage":4,"enemies":"2 Fungi Beasts","floor":13,"turns":2},{"damage":0,"enemies":"Gremlin Gang","floor":14,"turns":2},{"damage":14,"enemies":"Hexaghost","floor":16,"turns":4},{"damage":0,"enemies":"Chosen","floor":18,"turns":3},{"damage":11,"enemies":"2 Thieves","floor":19,"turns":3},{"damage":3,"enemies":"Snecko","floor":22,"turns":3},{"damage":8,"enemies":"Cultist and Chosen","floor":23,"turns":3},{"damage":9,"enemies":"Sentry and Sphere","floor":25,"turns":3},{"damage":5,"enemies":"Chosen and Byrds","floor":27,"turns":3},{"damage":6,"enemies":"Snake Plant","floor":29,"turns":2},{"damage":5,"enemies":"Sentry and Sphere","floor":31,"turns":4},{"damage":52,"enemies":"Automaton","floor":33,"turns":8},{"damage":6,"enemies":"3 Shapes","floor":35,"turns":3},{"damage":15,"enemies":"Orb Walker","floor":37,"turns":2},{"damage":12,"enemies":"Spire Growth","floor":41,"turns":3},{"damage":19,"enemies":"Maw","floor":44,"turns":6},{"damage":21,"enemies":"Writhing Mass","floor":46,"turns":2},{"damage":14,"enemies":"Giant Head","floor":48,"turns":4},{"damage":69,"enemies":"Donu and Deca","floor":50,"turns":6}],"seed_played":"3374228579997086791","potions_obtained":[{"floor":6,"key":"Explosive Potion"},{"floor":14,"key":"LiquidBronze"},{"floor":18,"key":"Poison Potion"},{"floor":25,"key":"EntropicBrew"},{"floor":31,"key":"Fire Potion"},{"floor":33,"key":"SteroidPotion"},{"floor":34,"key":"Ancient Potion"},{"floor":35,"key":"Energy Potion"},{"floor":41,"key":"PowerPotion"},{"floor":46,"key":"EssenceOfSteel"},{"floor":48,"key":"Energy Potion"}],"is_trial":false,"path_per_floor":["M","?","M","?","?","E","R","M","T","$","R","E","M","M","R","B",null,"M","M","?","?","M","M","R","M","T","M","R","M","$","M","R","B",null,"M","?","M","$","?","R","M","T","T","M","R","M","$","E","R","B"],"character_chosen":"IRONCLAD","items_purchased":["Ornamental Fan","Corruption","PreservedInsect","Blood for Blood","True Grit","Mayhem"],"campfire_rested":7,"item_purchase_floors":[10,30,30,30,30,38],"current_hp_per_floor":[75,75,75,59,51,14,38,38,38,38,62,58,54,54,54,40,80,80,69,69,37,34,26,50,41,41,36,60,54,54,49,73,21,85,79,85,70,70,70,70,58,58,58,39,64,43,43,29,54,0],"gold":26,"neow_bonus":"BOSS_RELIC","is_prod":false,"is_daily":false,"chose_seed":false,"campfire_upgraded":1,"win_rate":0,"timestamp":1551775336,"path_taken":["M","?","?","?","?","E","R","M","T","$","R","E","?","M","R","BOSS","M","?","?","?","?","M","R","M","T","?","R","M","?","M","R","BOSS","M","?","?","$","?","R","M","?","T","M","R","?","$","E","R","BOSS"],"build_version":"2019-01-23","purchased_purges":3,"victory":false,"max_hp_per_floor":[80,80,80,80,80,80,80,80,80,80,80,80,80,80,80,80,80,80,80,80,80,80,80,80,80,80,80,80,80,80,80,80,80,85,85,85,85,85,85,85,85,85,85,85,85,85,85,85,85,85],"card_choices":[{"not_picked":["True Grit","Anger"],"picked":"Shockwave","floor":1},{"not_picked":["Power Through","Iron Wave"],"picked":"Thunderclap","floor":3},{"not_picked":["Flex","Uppercut"],"picked":"Blood for Blood","floor":6},{"not_picked":["Uppercut","Cleave"],"picked":"Thunderclap","floor":8},{"not_picked":["Rupture","Clash"],"picked":"Dropkick","floor":12},{"not_picked":["Entrench","Shockwave"],"picked":"Cleave","floor":13},{"not_picked":["Ghostly Armor","Twin Strike"],"picked":"Pommel Strike","floor":14},{"not_picked":["Fiend Fire","Exhume"],"picked":"Bludgeon","floor":16},{"not_picked":["Pummel","Rupture"],"picked":"Sever Soul","floor":17},{"not_picked":["Dual Wield","Thunderclap"],"picked":"Perfected Strike","floor":17},{"not_picked":["Intimidate","Sword Boomerang"],"picked":"Uppercut","floor":17},{"not_picked":["Pummel","Spot Weakness"],"picked":"Whirlwind","floor":17},{"not_picked":["Hemokinesis","Ghostly Armor"],"picked":"True Grit","floor":17},{"not_picked":["Infernal Blade","Pommel Strike"],"picked":"Flex","floor":18},{"not_picked":["Power Through","Wild Strike"],"picked":"Warcry","floor":19},{"not_picked":["Thunderclap","Body Slam"],"picked":"Dark Embrace","floor":22},{"not_picked":["Perfected Strike","Body Slam"],"picked":"Battle Trance","floor":23},{"not_picked":["Carnage","Combust"],"picked":"Sever Soul","floor":25},{"not_picked":["Wild Strike","Cleave"],"picked":"Sever Soul+1","floor":27},{"not_picked":["Pommel Strike+1","Shockwave"],"picked":"Infernal Blade","floor":29},{"not_picked":["Spot Weakness","Anger"],"picked":"Warcry+1","floor":31},{"not_picked":["Exhume","Juggernaut"],"picked":"Fiend Fire","floor":33},{"not_picked":["Shrug It Off","Wild Strike"],"picked":"Warcry","floor":34},{"not_picked":["Clothesline","Body Slam"],"picked":"Havoc","floor":35},{"not_picked":["Infernal Blade+1","True Grit"],"picked":"Power Through+1","floor":37},{"not_picked":["Twin Strike+1","Shrug It Off+1"],"picked":"Metallicize+1","floor":41},{"not_picked":["Blood for Blood","Sword Boomerang"],"picked":"Perfected Strike","floor":44},{"not_picked":["Searing Blow","Sword Boomerang"],"picked":"Corruption","floor":46},{"not_picked":["Offering","Reckless Charge"],"picked":"Heavy Blade","floor":48}],"player_experience":83795,"relics_obtained":[{"floor":6,"key":"Ancient Tea Set"},{"floor":9,"key":"Smiling Mask"},{"floor":12,"key":"Vajra"},{"floor":26,"key":"Paper Frog"},{"floor":43,"key":"Self Forming Clay"},{"floor":48,"key":"FossilizedHelix"}],"event_choices":[{"damage_healed":0,"gold_gain":0,"player_choice":"Bought 0 Potions","damage_taken":0,"max_hp_gain":0,"max_hp_loss":0,"event_name":"The Woman in Blue","floor":2,"gold_loss":0},{"damage_healed":0,"gold_gain":0,"player_choice":"Entered Light","damage_taken":16,"max_hp_gain":0,"max_hp_loss":0,"event_name":"Shining Light","floor":4,"gold_loss":0,"cards_upgraded":["Defend_R","Strike_R"]},{"damage_healed":0,"gold_gain":75,"player_choice":"Touch","damage_taken":8,"max_hp_gain":0,"max_hp_loss":0,"event_name":"FaceTrader","floor":5,"gold_loss":0},{"damage_healed":0,"gold_gain":0,"cards_transformed":["Strike_R","Strike_R"],"player_choice":"Became Test Subject","damage_taken":0,"max_hp_gain":0,"max_hp_loss":0,"event_name":"Drug Dealer","floor":20,"gold_loss":0,"cards_obtained":["Bludgeon","Hemokinesis"]},{"damage_healed":0,"gold_gain":90,"player_choice":"CARD GOLD CARD ","damage_taken":32,"max_hp_gain":0,"max_hp_loss":0,"event_name":"Knowing Skull","floor":21,"potions_obtained":[],"gold_loss":0,"cards_obtained":["Trip","Dramatic Entrance"]},{"cards_removed":["Hemokinesis"],"damage_healed":6,"gold_gain":0,"player_choice":"Offered Uncommon","damage_taken":0,"max_hp_gain":0,"max_hp_loss":0,"event_name":"Bonfire Elementals","floor":36,"gold_loss":0},{"cards_removed":["True Grit"],"damage_healed":0,"gold_gain":0,"player_choice":"Removed Skill","damage_taken":0,"max_hp_gain":0,"max_hp_loss":0,"event_name":"Falling","floor":39,"gold_loss":0}],"is_beta":false,"boss_relics":[{"not_picked":["Cursed Key","Mark of Pain"],"picked":"Orrery"},{"not_picked":["Runic Pyramid","Philosopher\u0027s Stone"],"picked":"Tiny House"}],"items_purged_floors":[10,30,47],"is_endless":false,"potions_floor_spawned":[6,14,18,25,29,31,33,35,41,46,48],"killed_by":"Donu and Deca","ascension_level":0}