{"gold_per_floor":[114,114,129,79,94,94,124,124,199,214,214,184,184,199,199,299,299,314,329,254,254,254,254,269,299,299,299,29,44,44,59,59,159,159,174,174,11,26,0,0,30,30,30,60,22,22,37,52,52,52],"floor_reached":51,"playtime":1433,"items_purged":[],"score":893,"play_id":"68a58ad2-809e-470d-8748-dd0cdda85ad7","local_time":"20181116195815","daily_mods":["Heirloom","Hoarder","Night Terrors"],"is_ascension_mode":false,"campfire_choices":[{"data":"Bash","floor":6,"key":"SMITH"},{"data":"Flex","floor":8,"key":"SMITH"},{"data":"Flex","floor":11,"key":"SMITH"},{"data":"Panacea","floor":13,"key":"SMITH"},{"data":"Flex","floor":15,"key":"SMITH"},{"floor":23,"key":"REST"},{"data":"Heavy Blade","floor":27,"key":"SMITH"},{"data":"Mind Blast","floor":32,"key":"SMITH"},{"data":"Mind Blast","floor":40,"key":"SMITH"},{"data":"Mind Blast","floor":42,"key":"SMITH"},{"data":"Perfected Strike","floor":49,"key":"SMITH"}],"neow_cost":"","seed_source_timestamp":86370132645744,"circlet_count":0,"master_deck":["Strike_R+1","Strike_R+1","Strike_R+1","Strike_R+1","Strike_R+1","Defend_R+1","Defend_R+1","Defend_R+1","Bash+1","Flex+1","Flex+1","Flex+1","Panacea+1","Panacea+1","Panacea+1","Spot Weakness+1","Spot Weakness+1","Heavy Blade+1","Heavy Blade+1","Heavy Blade+1","Limit Break+1","Limit Break+1","Limit Break+1","J.A.X.+1","J.A.X.+1","J.A.X.+1","Mind Blast+1","Mind Blast+1","Mind Blast+1","Finesse+1","Finesse+1","Finesse+1","Bludgeon+1","Bludgeon+1","Bludgeon+1","Discovery+1","Discovery+1","Discovery+1","Body Slam+1","Body Slam+1","Body Slam+1","Twin Strike+1","Twin Strike+1","Twin Strike+1","Impervious+1","Impervious+1","Impervious+1","Pommel Strike+1","Pommel Strike+1","Pommel Strike+1","Master of Strategy+1","Master of Strategy+1","Master of Strategy+1","Ghostly Armor+1","Ghostly Armor+1","Ghostly Armor+1","Wild Strike+1","Wild Strike+1","Wild Strike+1","Wild Strike+1","Wild Strike+1","Wild Strike+1","Dark Embrace+1","Dark Embrace+1","Dark Embrace+1","Warcry+1","Warcry+1","Warcry+1","Body Slam","Body Slam","Body Slam","Perfected Strike+1","Perfected Strike","Perfected Strike"],"special_seed":17852,"relics":["Burning Blood","Ice Cream","Mercury Hourglass","The Courier","Busted Crown","Calipers","Pen Nib","Mark of Pain","Red Mask","Charon\u0027s Ashes","Toxic Egg 2","War Paint","Mark of the Bloom"],"potions_floor_usage":[14,16,16,16,18,25,30,30,41,50],"damage_taken":[{"damage":1,"enemies":"2 Louse","floor":1,"turns":4},{"damage":0,"enemies":"Cultist","floor":3,"turns":2},{"damage":6,"enemies":"Jaw Worm","floor":5,"turns":2},{"damage":30,"enemies":"3 Sentries","floor":7,"turns":7},{"damage":5,"enemies":"3 Louse","floor":10,"turns":3},{"damage":5,"enemies":"Red Slaver","floor":14,"turns":3},{"damage":26,"enemies":"The Guardian","floor":16,"turns":5},{"damage":29,"enemies":"2 Thieves","floor":18,"turns":3},{"damage":5,"enemies":"Chosen","floor":19,"turns":3},{"damage":11,"enemies":"Snecko","floor":24,"turns":3},{"damage":37,"enemies":"Slavers","floor":25,"turns":3},{"damage":0,"enemies":"Snake Plant","floor":29,"turns":2},{"damage":16,"enemies":"Gremlin Leader","floor":30,"turns":3},{"damage":0,"enemies":"Chosen and Byrds","floor":31,"turns":2},{"damage":41,"enemies":"Collector","floor":33,"turns":5},{"damage":3,"enemies":"3 Shapes","floor":35,"turns":1},{"damage":0,"enemies":"Orb Walker","floor":38,"turns":1},{"damage":0,"enemies":"Reptomancer","floor":41,"turns":1},{"damage":12,"enemies":"Giant Head","floor":44,"turns":5},{"damage":0,"enemies":"Writhing Mass","floor":47,"turns":1},{"damage":0,"enemies":"Jaw Worm Horde","floor":48,"turns":1},{"damage":42,"enemies":"Time Eater","floor":50,"turns":6}],"seed_played":"-3427943864636333063","potions_obtained":[{"floor":3,"key":"Weak Potion"},{"floor":12,"key":"Dexterity Potion"},{"floor":12,"key":"EntropicBrew"},{"floor":14,"key":"Explosive Potion"},{"floor":18,"key":"LiquidBronze"},{"floor":19,"key":"Explosive Potion"},{"floor":33,"key":"Fire Potion"},{"floor":48,"key":"AttackPotion"}],"is_trial":false,"path_per_floor":["M","?","M","?","M","R","E","R","T","M","R","?","R","M","R","B",null,"M","M","?","?","?","R","M","E","T","R","$","M","E","M","R","B",null,"M","?","$","M","?","R","E","R","T","E","$","?","M","M","R","B",null],"character_chosen":"IRONCLAD","items_purchased":["Mind Blast","Finesse","Bludgeon","Discovery","Master of Strategy","Ghostly Armor","Warcry+1"],"campfire_rested":1,"item_purchase_floors":[28,28,28,28,37,37,45],"current_hp_per_floor":[80,80,80,80,80,80,56,56,56,57,57,57,57,58,58,38,80,57,58,58,43,43,80,75,44,44,44,44,50,40,46,46,11,80,80,80,80,80,80,80,80,80,80,74,74,74,74,74,74,32],"gold":52,"neow_bonus":"","is_prod":false,"is_daily":true,"chose_seed":false,"campfire_upgraded":10,"win_rate":0,"timestamp":1542416295,"path_taken":["M","?","?","?","M","R","E","R","T","M","R","?","R","?","R","BOSS","M","M","?","?","?","R","M","E","T","R","$","?","E","M","R","BOSS","M","?","$","?","?","R","E","R","T","E","$","?","M","M","R","BOSS"],"build_version":"2018-11-15","purchased_purges":0,"victory":true,"max_hp_per_floor":[80,80,80,80,80,80,80,80,80,80,80,80,80,80,80,80,80,80,80,80,85,85,80,80,80,80,80,80,80,80,80,80,80,80,80,80,80,80,80,80,80,80,80,80,80,80,80,80,80,80],"card_choices":[{"not_picked":["Body Slam","Clothesline"],"picked":"Flex","floor":1},{"not_picked":["Clash","Body Slam","Thunderclap"],"picked":"SKIP","floor":3},{"not_picked":["Juggernaut","Heavy Blade","Sword Boomerang"],"picked":"SKIP","floor":5},{"not_picked":["Cleave","Sentinel"],"picked":"Spot Weakness","floor":7},{"not_picked":["Iron Wave","Corruption"],"picked":"Heavy Blade","floor":10},{"not_picked":["Infernal Blade","Warcry","Pummel"],"picked":"SKIP","floor":14},{"not_picked":["Immolate","Feed"],"picked":"Limit Break","floor":16},{"not_picked":["Havoc"],"picked":"SKIP","floor":18},{"not_picked":["Havoc"],"picked":"SKIP","floor":19},{"not_picked":["Corruption"],"picked":"SKIP","floor":24},{"not_picked":["Cleave"],"picked":"SKIP","floor":25},{"not_picked":[],"picked":"Body Slam","floor":29},{"not_picked":[],"picked":"Twin Strike","floor":31},{"not_picked":[],"picked":"Impervious","floor":33},{"not_picked":[],"picked":"Pommel Strike+1","floor":35},{"not_picked":[],"picked":"Wild Strike","floor":38},{"not_picked":[],"picked":"Wild Strike+1","floor":41},{"not_picked":[],"picked":"Dark Embrace","floor":44},{"not_picked":[],"picked":"Body Slam","floor":47},{"not_picked":[],"picked":"Perfected Strike","floor":48}],"player_experience":371730,"relics_obtained":[{"floor":7,"key":"Mercury Hourglass"},{"floor":9,"key":"The Courier"},{"floor":25,"key":"Calipers"},{"floor":26,"key":"Pen Nib"},{"floor":41,"key":"Charon\u0027s Ashes"},{"floor":43,"key":"Toxic Egg 2"},{"floor":44,"key":"War Paint"}],"event_choices":[{"damage_healed":0,"gold_gain":0,"player_choice":"1 cards matched","damage_taken":0,"max_hp_gain":0,"max_hp_loss":0,"event_name":"Match and Keep!","floor":2,"gold_loss":0,"cards_obtained":["Panacea"]},{"cards_removed":["Defend_R"],"damage_healed":0,"gold_gain":0,"player_choice":"Card Removal","damage_taken":0,"max_hp_gain":0,"max_hp_loss":0,"event_name":"The Cleric","floor":4,"gold_loss":50},{"damage_healed":0,"gold_gain":0,"player_choice":"Bought 2 Potions","damage_taken":0,"max_hp_gain":0,"max_hp_loss":0,"event_name":"The Woman in Blue","floor":12,"gold_loss":0},{"cards_removed":["Spot Weakness"],"damage_healed":0,"gold_gain":0,"player_choice":"Gave Gold","damage_taken":0,"max_hp_gain":0,"max_hp_loss":0,"event_name":"Beggar","floor":20,"gold_loss":75},{"damage_healed":0,"gold_gain":0,"player_choice":"Shed Blood","damage_taken":20,"max_hp_gain":5,"max_hp_loss":0,"event_name":"Forgotten Altar","floor":21,"gold_loss":0},{"damage_healed":0,"gold_gain":0,"player_choice":"Obtain J.A.X.","damage_taken":0,"max_hp_gain":0,"max_hp_loss":0,"event_name":"Drug Dealer","floor":22,"gold_loss":0,"cards_obtained":["J.A.X."]},{"damage_healed":0,"gold_gain":0,"player_choice":"Ignored","damage_taken":0,"max_hp_gain":0,"max_hp_loss":0,"event_name":"SecretPortal","floor":36,"gold_loss":0},{"damage_healed":0,"gold_gain":0,"player_choice":"Paid","damage_taken":0,"relics_obtained":["Red Mask"],"max_hp_gain":0,"max_hp_loss":0,"event_name":"Tomb of Lord Red Mask","floor":39,"gold_loss":26},{"damage_healed":0,"gold_gain":0,"player_choice":"Upgrade","damage_taken":0,"relics_obtained":["Mark of the Bloom"],"max_hp_gain":0,"max_hp_loss":0,"event_name":"MindBloom","floor":46,"gold_loss":0,"cards_upgraded":["Strike_R","Strike_R","Strike_R","Strike_R","Strike_R","Defend_R","Defend_R","Defend_R","Panacea","Panacea","Spot Weakness","Heavy Blade","Heavy Blade","Limit Break","Limit Break","Limit Break","J.A.X.","J.A.X.","J.A.X.","Finesse","Finesse","Finesse","Bludgeon","Bludgeon","Bludgeon","Discovery","Discovery","Discovery","Body Slam","Body Slam","Body Slam","Twin Strike","Twin Strike","Twin Strike","Impervious","Impervious","Impervious","Master of Strategy","Master of Strategy","Ghostly Armor","Ghostly Armor","Ghostly Armor","Wild Strike","Wild Strike","Wild Strike","Dark Embrace","Dark Embrace","Dark Embrace"]}],"is_beta":true,"boss_relics":[{"not_picked":["Lizard Tail","Calling Bell"],"picked":"Busted Crown"},{"not_picked":["Runic Cube","Coffee Dripper"],"picked":"Mark of Pain"}],"items_purged_floors":[],"is_endless":false,"potions_floor_spawned":[3,14,18,19,33,48],"ascension_level":0}