{"path_per_floor":["M","?","M","M","$","E","R","E","T","M","E","R","$","M","R","B",null,"M","M","M","M","M"],"character_chosen":"DEFECT","items_purchased":["Storm","Self Repair","Art of War"],"gold_per_floor":[114,114,129,144,64,93,93,119,146,164,199,199,8,22,22,118,118,135,150,166,183,200,200],"floor_reached":23,"campfire_rested":1,"playtime":718,"item_purchase_floors":[5,13,13],"current_hp_per_floor":[73,58,58,58,58,55,55,49,49,49,46,46,46,39,61,61,75,60,53,48,26,10,0],"items_purged":[],"gold":200,"score":292,"play_id":"9a4df11e-4af2-44a5-bb8d-7f0a1c644bd8","local_time":"20180622202144","is_prod":false,"is_daily":false,"chose_seed":false,"is_ascension_mode":true,"campfire_upgraded":2,"win_rate":0,"timestamp":1529691704,"campfire_choices":[{"data":"Storm","floor":7,"key":"SMITH"},{"data":"Sunder","floor":12,"key":"SMITH"},{"floor":15,"key":"REST"}],"path_taken":["M","?","M","M","?","E","R","E","T","M","E","R","$","M","R","BOSS","M","M","M","M","M","E"],"build_version":"2018-06-21","seed_source_timestamp":60231817936171,"purchased_purges":0,"circlet_count":0,"victory":false,"master_deck":["Strike_B","Strike_B","Strike_B+1","Strike_B","Defend_B","Defend_B","Defend_B","Defend_B","Zap+1","Dualcast+1","White Noise","Storm+1","Streamline","Electrodynamics","Sunder+1","Loop","Self Repair","Creative AI","Heatsinks+1","Heatsinks"],"max_hp_per_floor":[75,75,75,75,75,75,75,75,75,75,75,75,75,75,75,75,75,75,75,75,75,75,75],"relics":["Cracked Core","Pen Nib","Vajra","DataDisk","Omamori","Art of War","Black Star"],"card_choices":[{"not_picked":["Rebound","Cold Snap","Beam Cell"],"picked":"SKIP","floor":1},{"not_picked":["Ball Lightning","Doom and Gloom","Sweeping Beam"],"picked":"SKIP","floor":3},{"not_picked":["Redo","Blizzard"],"picked":"White Noise","floor":4},{"not_picked":["Ball Lightning","Consume"],"picked":"Streamline","floor":6},{"not_picked":["Aggregate","Rebound"],"picked":"Electrodynamics","floor":8},{"not_picked":["Steam","Loop"],"picked":"Sunder","floor":10},{"not_picked":["Scrape","Streamline"],"picked":"Loop","floor":11},{"not_picked":["Steam","Hologram","Compile Driver"],"picked":"SKIP","floor":14},{"not_picked":["Meteor Strike","Reboot"],"picked":"Creative AI","floor":16},{"not_picked":["Leap+1","Beam Cell","Sunder"],"picked":"SKIP","floor":18},{"not_picked":["Coolheaded","Redo","Compile Driver"],"picked":"SKIP","floor":19},{"not_picked":["Leap","Coolheaded","Hologram+1"],"picked":"SKIP","floor":20},{"not_picked":["Ball Lightning","Go for the Eyes"],"picked":"Heatsinks+1","floor":21},{"not_picked":["Gash+1","Streamline+1"],"picked":"Heatsinks","floor":22}],"player_experience":407461,"potions_floor_usage":[22,22,23],"damage_taken":[{"damage":2,"enemies":"Jaw Worm","floor":1,"turns":4},{"damage":0,"enemies":"Small Slimes","floor":3,"turns":3},{"damage":0,"enemies":"Cultist","floor":4,"turns":3},{"damage":3,"enemies":"3 Sentries","floor":6,"turns":2},{"damage":6,"enemies":"Gremlin Nob","floor":8,"turns":3},{"damage":0,"enemies":"3 Louse","floor":10,"turns":1},{"damage":3,"enemies":"3 Sentries","floor":11,"turns":2},{"damage":21,"enemies":"Lots of Slimes","floor":14,"turns":3},{"damage":0,"enemies":"Slime Boss","floor":16,"turns":4},{"damage":22,"enemies":"2 Thieves","floor":18,"turns":2},{"damage":14,"enemies":"Shell Parasite","floor":19,"turns":3},{"damage":5,"enemies":"Snecko","floor":20,"turns":3},{"damage":29,"enemies":"Centurion and Healer","floor":21,"turns":6},{"damage":28,"enemies":"3 Cultists","floor":22,"turns":4},{"damage":18,"enemies":"Book of Stabbing","floor":23,"turns":2}],"relics_obtained":[{"floor":6,"key":"Pen Nib"},{"floor":8,"key":"Vajra"},{"floor":9,"key":"DataDisk"},{"floor":11,"key":"Omamori"}],"event_choices":[{"event_name":"Shining Light","player_choice":"Entered Light","floor":2,"damage_taken":0}],"boss_relics":[{"not_picked":["Cursed Key","Inserter"],"picked":"Black Star"}],"items_purged_floors":[],"is_endless":false,"potions_floor_spawned":[3,8,11,14,18,19,22],"seed_played":"-6841093219870550166","killed_by":"Book of Stabbing","ascension_level":2,"potions_obtained":[{"floor":3,"key":"SteroidPotion"},{"floor":8,"key":"Regen Potion"},{"floor":11,"key":"Poison Potion"},{"floor":22,"key":"SpeedPotion"}],"is_trial":false}