{"gold_per_floor":[113,113,124,124,199,230,230,248,299,323,346,384,396,428,440,549,561,591,622,113,113,127,127,127],"floor_reached":24,"playtime":1221,"items_purged":["Strike_R"],"score":256,"play_id":"548be3bc-ddc0-4fcd-a3c9-7cc1b1209d3b","local_time":"20190218000907","is_ascension_mode":true,"campfire_choices":[{"data":"Bash","floor":7,"key":"SMITH"},{"data":"Whirlwind","floor":13,"key":"SMITH"},{"data":"Infernal Blade","floor":15,"key":"SMITH"},{"floor":23,"key":"REST"}],"neow_cost":"NONE","seed_source_timestamp":46136086552338,"circlet_count":0,"master_deck":["Strike_R","Strike_R","Strike_R","Strike_R","Defend_R","Defend_R","Defend_R","Defend_R","Bash+1","Flame Barrier+1","Headbutt","Whirlwind+1","Infernal Blade+1","Iron Wave","Headbutt","True Grit","Barricade","Rampage","Body Slam","Entrench","Armaments","True Grit+1","Havoc+1","Flex"],"relics":["Burning Blood","NeowsBlessing","Orichalcum","MawBank","Bird Faced Urn","Orrery","TheAbacus","Pantograph"],"potions_floor_usage":[10,11,16,18,22,22,22,22],"damage_taken":[{"damage":0,"enemies":"Jaw Worm","floor":1,"turns":1},{"damage":0,"enemies":"2 Louse","floor":3,"turns":1},{"damage":0,"enemies":"Lagavulin","floor":6,"turns":1},{"damage":1,"enemies":"Cultist","floor":8,"turns":3},{"damage":10,"enemies":"Red Slaver","floor":10,"turns":5},{"damage":7,"enemies":"Blue Slaver","floor":11,"turns":4},{"damage":7,"enemies":"3 Sentries","floor":12,"turns":9},{"damage":6,"enemies":"Looter","floor":14,"turns":5},{"damage":59,"enemies":"Hexaghost","floor":16,"turns":10},{"damage":22,"enemies":"3 Byrds","floor":18,"turns":6},{"damage":18,"enemies":"Shell Parasite","floor":19,"turns":9},{"damage":32,"enemies":"Snake Plant","floor":22,"turns":4},{"damage":55,"enemies":"Slavers","floor":24,"turns":4}],"seed_played":"-2265475608541067816","potions_obtained":[{"floor":1,"key":"Weak Potion"},{"floor":8,"key":"EssenceOfSteel"},{"floor":12,"key":"PowerPotion"},{"floor":16,"key":"GamblersBrew"},{"floor":19,"key":"EntropicBrew"}],"is_trial":false,"path_per_floor":["M","?","M","?","?","E","R","M","T","M","M","E","R","M","R","B",null,"M","M","$","?","M","R","E"],"character_chosen":"IRONCLAD","items_purchased":["TheAbacus","Pantograph"],"campfire_rested":1,"item_purchase_floors":[20,20],"current_hp_per_floor":[80,80,80,80,72,78,78,80,80,76,75,74,74,74,74,23,80,64,52,52,52,26,50,0],"gold":127,"neow_bonus":"THREE_ENEMY_KILL","is_prod":false,"is_daily":false,"chose_seed":false,"campfire_upgraded":3,"win_rate":0,"timestamp":1550470147,"path_taken":["M","?","M","?","?","E","R","M","T","?","M","E","R","M","R","BOSS","M","M","$","?","M","R","E"],"build_version":"2019-01-23","purchased_purges":1,"victory":false,"max_hp_per_floor":[80,80,80,80,80,80,80,80,80,80,80,80,80,80,80,80,80,80,80,80,80,80,80,80],"card_choices":[{"not_picked":["Combust","Twin Strike"],"picked":"Flame Barrier","floor":1},{"not_picked":["Armaments","Clash"],"picked":"Headbutt","floor":3},{"not_picked":["Thunderclap","Twin Strike"],"picked":"Whirlwind","floor":6},{"not_picked":["Twin Strike","Perfected Strike"],"picked":"Infernal Blade","floor":8},{"not_picked":["Thunderclap","Uppercut","Warcry"],"picked":"SKIP","floor":10},{"not_picked":["Corruption","Uppercut"],"picked":"Iron Wave","floor":11},{"not_picked":["Clash","Bludgeon"],"picked":"Headbutt","floor":12},{"not_picked":["Twin Strike","Headbutt"],"picked":"True Grit","floor":14},{"not_picked":["Berserk","Juggernaut"],"picked":"Barricade","floor":16},{"not_picked":["Flex","Clothesline"],"picked":"Rampage","floor":17},{"not_picked":["Inflame","Havoc"],"picked":"Body Slam","floor":17},{"not_picked":["Seeing Red","Sever Soul"],"picked":"Entrench","floor":17},{"not_picked":["Intimidate","Clash"],"picked":"Armaments","floor":17},{"not_picked":["Armaments","Demon Form"],"picked":"True Grit+1","floor":18},{"not_picked":["Cleave","Clothesline"],"picked":"Havoc+1","floor":19},{"not_picked":["Heavy Blade","Burning Pact"],"picked":"Flex","floor":22}],"player_experience":198089,"relics_obtained":[{"floor":6,"key":"Orichalcum"},{"floor":9,"key":"MawBank"},{"floor":12,"key":"Bird Faced Urn"}],"event_choices":[{"damage_healed":0,"gold_gain":0,"player_choice":"Ignored","damage_taken":0,"max_hp_gain":0,"max_hp_loss":0,"event_name":"Liars Game","floor":2,"gold_loss":0},{"damage_healed":0,"gold_gain":0,"player_choice":"Grow","damage_taken":0,"max_hp_gain":0,"max_hp_loss":0,"event_name":"Living Wall","floor":4,"gold_loss":0,"cards_upgraded":["Flame Barrier"]},{"damage_healed":0,"gold_gain":75,"player_choice":"Touch","damage_taken":8,"max_hp_gain":0,"max_hp_loss":0,"event_name":"FaceTrader","floor":5,"gold_loss":0},{"damage_healed":0,"gold_gain":0,"player_choice":"Ignored","damage_taken":0,"max_hp_gain":0,"max_hp_loss":0,"event_name":"Vampires","floor":21,"gold_loss":0}],"is_beta":false,"boss_relics":[{"not_picked":["Busted Crown","Eternal Feather"],"picked":"Orrery"}],"items_purged_floors":[20],"is_endless":false,"potions_floor_spawned":[1,8,12,16,19],"killed_by":"Slavers","ascension_level":2}