{"gold_per_floor":[118,118,130,140,160,186,186,186,186,199,216,216,234,254,254,354,404,414,414,414,424,120,154,154],"floor_reached":24,"playtime":1186,"items_purged":[],"score":270,"play_id":"c4a6eea9-4a05-412e-9ad3-426159941e59","local_time":"20190211120841","is_ascension_mode":false,"campfire_choices":[{"floor":8,"key":"REST"},{"floor":12,"key":"REST"},{"floor":15,"key":"REST"}],"neow_cost":"NONE","seed_source_timestamp":8958673353234,"circlet_count":0,"master_deck":["Strike_B","Strike_B","Strike_B","Strike_B","Defend_B","Defend_B","Defend_B+1","Defend_B","Zap","Dualcast+1","Capacitor","Rebound+1","Beam Cell","Defragment","Streamline","BootSequence","Conserve Battery","Melter","Streamline+1","Loop","Multi-Cast"],"relics":["Cracked Core","NeowsBlessing","Pear","Dodecahedron","Tiny House","Mercury Hourglass","Shovel","Happy Flower"],"potions_floor_usage":[1,23,23,24],"damage_taken":[{"damage":0,"enemies":"2 Louse","floor":1,"turns":1},{"damage":0,"enemies":"Jaw Worm","floor":3,"turns":1},{"damage":0,"enemies":"Cultist","floor":4,"turns":1},{"damage":0,"enemies":"Red Slaver","floor":5,"turns":4},{"damage":44,"enemies":"3 Sentries","floor":6,"turns":9},{"damage":14,"enemies":"Large Slime","floor":10,"turns":5},{"damage":12,"enemies":"Exordium Thugs","floor":11,"turns":5},{"damage":11,"enemies":"Lots of Slimes","floor":13,"turns":4},{"damage":0,"enemies":"Blue Slaver","floor":14,"turns":2},{"damage":52,"enemies":"The Guardian","floor":16,"turns":11},{"damage":26,"enemies":"Shell Parasite","floor":18,"turns":6},{"damage":30,"enemies":"2 Thieves","floor":21,"turns":4},{"damage":50,"enemies":"Book of Stabbing","floor":23,"turns":6},{"damage":45,"enemies":"Shelled Parasite and Fungi","floor":24,"turns":4}],"seed_played":"5013524909912161984","potions_obtained":[{"floor":1,"key":"Fruit Juice"},{"floor":5,"key":"Swift Potion"},{"floor":14,"key":"Dexterity Potion"},{"floor":16,"key":"Energy Potion"},{"floor":23,"key":"FearPotion"}],"is_trial":false,"path_per_floor":["M","?","M","M","M","E","?","R","T","M","M","R","M","M","R","B",null,"M","T","?","M","$","E","M"],"character_chosen":"DEFECT","items_purchased":["Shovel"],"campfire_rested":3,"item_purchase_floors":[22],"current_hp_per_floor":[80,64,64,64,64,30,30,57,57,43,31,58,47,47,74,22,95,69,69,105,75,75,25,0],"gold":154,"neow_bonus":"THREE_ENEMY_KILL","is_prod":false,"is_daily":false,"chose_seed":false,"campfire_upgraded":0,"win_rate":0.0,"timestamp":1549908521,"path_taken":["M","?","M","M","M","E","?","R","T","M","M","R","M","?","R","BOSS","M","?","?","M","$","E","?"],"build_version":"2019-01-23","purchased_purges":0,"victory":false,"max_hp_per_floor":[80,80,80,80,80,90,90,90,90,90,90,90,90,90,90,90,95,95,95,105,105,105,105,105],"card_choices":[{"not_picked":["Doom and Gloom","Stack"],"picked":"Capacitor","floor":1},{"not_picked":["Sweeping Beam","Steam"],"picked":"Rebound","floor":3},{"not_picked":["Sweeping Beam","Steam"],"picked":"Beam Cell","floor":4},{"not_picked":["Stack","Compile Driver"],"picked":"Defragment","floor":5},{"not_picked":["Beam Cell","Rip and Tear"],"picked":"Streamline","floor":6},{"not_picked":["Recycle","Cold Snap","Beam Cell"],"picked":"SKIP","floor":10},{"not_picked":["Streamline","Go for the Eyes"],"picked":"BootSequence","floor":11},{"not_picked":["Rainbow","Streamline"],"picked":"Conserve Battery","floor":13},{"not_picked":["Compile Driver","Consume"],"picked":"Melter","floor":14},{"not_picked":["Multi-Cast","Core Surge"],"picked":"Buffer","floor":16},{"not_picked":["Barrage+1","Steam"],"picked":"Streamline+1","floor":18},{"not_picked":["Gash","Barrage"],"picked":"Loop","floor":21},{"not_picked":["Melter","Cold Snap"],"picked":"Multi-Cast","floor":23}],"player_experience":50302,"relics_obtained":[{"floor":6,"key":"Pear"},{"floor":9,"key":"Dodecahedron"},{"floor":19,"key":"Mercury Hourglass"},{"floor":23,"key":"Happy Flower"}],"event_choices":[{"damage_healed":0,"gold_gain":0,"player_choice":"Entered Light","damage_taken":16,"max_hp_gain":0,"max_hp_loss":0,"event_name":"Shining Light","floor":2,"gold_loss":0,"cards_upgraded":["Dualcast","Defend_B"]},{"damage_healed":0,"gold_gain":0,"player_choice":"Leave","damage_taken":0,"max_hp_gain":0,"max_hp_loss":0,"event_name":"FaceTrader","floor":7,"gold_loss":0},{"cards_removed":["Buffer"],"damage_healed":26,"gold_gain":0,"player_choice":"Offered Rare","damage_taken":0,"max_hp_gain":10,"max_hp_loss":0,"event_name":"Bonfire Elementals","floor":20,"gold_loss":0}],"is_beta":false,"boss_relics":[{"not_picked":["Fusion Hammer","Astrolabe"],"picked":"Tiny House"}],"items_purged_floors":[],"is_endless":false,"potions_floor_spawned":[1,5,14,16,23],"killed_by":"Shelled Parasite and Fungi","ascension_level":0}