{"gold_per_floor":[112,123,137,152,152,186,31,31,57,57,97,53,96,117,117,240,240,254,270,270],"floor_reached":20,"playtime":836,"items_purged":[],"score":233,"play_id":"37d8f980-560e-4958-a537-b64b4f9ce5d7","local_time":"20180627010943","is_ascension_mode":true,"campfire_choices":[{"floor":8,"key":"REST"},{"floor":15,"key":"REST"}],"neow_cost":"NONE","seed_source_timestamp":348084333727919,"circlet_count":0,"master_deck":["Strike_B","Strike_B+1","Strike_B+1","Strike_B+1","Defend_B","Defend_B","Defend_B+1","Defend_B","Zap","Dualcast","Self Repair","Melter","Defragment","Loop","Creative AI","Self Repair","Reinforced Body+1"],"relics":["Cracked Core","Orichalcum","Golden Idol","Potion Belt","Blood Vial","Whetstone","Vajra","Matryoshka","Black Star"],"potions_floor_usage":[11,13,16,18,20,20],"damage_taken":[{"damage":0,"enemies":"2 Louse","floor":1,"turns":2},{"damage":0,"enemies":"Small Slimes","floor":2,"turns":3},{"damage":2,"enemies":"Jaw Worm","floor":3,"turns":3},{"damage":7,"enemies":"Looter","floor":4,"turns":4},{"damage":28,"enemies":"Lagavulin","floor":6,"turns":6},{"damage":15,"enemies":"3 Sentries","floor":11,"turns":8},{"damage":21,"enemies":"Lagavulin","floor":13,"turns":4},{"damage":4,"enemies":"3 Louse","floor":14,"turns":4},{"damage":23,"enemies":"The Guardian","floor":16,"turns":13},{"damage":34,"enemies":"Chosen","floor":18,"turns":5},{"damage":18,"enemies":"Shell Parasite","floor":19,"turns":6},{"damage":58,"enemies":"Centurion and Healer","floor":20,"turns":9}],"seed_played":"6650255904475546956","potions_obtained":[{"floor":4,"key":"GamblersBrew"},{"floor":6,"key":"GamblersBrew"},{"floor":11,"key":"AttackPotion"},{"floor":16,"key":"SkillPotion"},{"floor":18,"key":"LiquidBronze"},{"floor":19,"key":"LiquidBronze"}],"is_trial":false,"path_per_floor":["M","M","M","M","?","E","$","R","T","?","E","?","E","M","R","B",null,"M","M"],"character_chosen":"DEFECT","items_purchased":["Blood Vial"],"campfire_rested":2,"item_purchase_floors":[7],"current_hp_per_floor":[75,75,73,73,55,34,34,56,56,41,35,35,23,28,50,36,75,48,46,0],"gold":270,"neow_bonus":"RANDOM_COMMON_RELIC","is_prod":false,"is_daily":false,"chose_seed":false,"campfire_upgraded":0,"win_rate":0,"timestamp":1530054583,"path_taken":["M","M","M","M","?","E","$","R","T","?","E","?","E","M","R","BOSS","M","M","M"],"build_version":"2018-06-21v2","purchased_purges":0,"victory":false,"max_hp_per_floor":[75,75,75,75,75,75,75,75,75,75,75,75,75,75,75,75,75,75,75,75],"card_choices":[{"not_picked":["Steam","Turbo","Rebound"],"picked":"SKIP","floor":1},{"not_picked":["Redo","Rebound","Go for the Eyes"],"picked":"SKIP","floor":2},{"not_picked":["Defragment","Blizzard"],"picked":"Self Repair","floor":3},{"not_picked":["Steam","Undo","Stack"],"picked":"SKIP","floor":4},{"not_picked":["Redo","Lockon"],"picked":"Melter","floor":6},{"not_picked":["Leap","Hologram"],"picked":"Defragment","floor":11},{"not_picked":["Leap","Sweeping Beam","Darkness"],"picked":"SKIP","floor":13},{"not_picked":["Ball Lightning","Leap"],"picked":"Loop","floor":14},{"not_picked":["Hyperbeam","Thunder Strike"],"picked":"Creative AI","floor":16},{"not_picked":["Streamline","Stack"],"picked":"Self Repair","floor":18},{"not_picked":["Conserve Battery","Rip and Tear"],"picked":"Reinforced Body+1","floor":19}],"player_experience":432781,"relics_obtained":[{"floor":6,"key":"Potion Belt"},{"floor":9,"key":"Whetstone"},{"floor":11,"key":"Vajra"},{"floor":13,"key":"Matryoshka"}],"event_choices":[{"event_name":"Golden Idol","player_choice":"Take Damage","floor":5,"damage_taken":0},{"event_name":"Shining Light","player_choice":"Entered Light","floor":10,"damage_taken":0},{"event_name":"World of Goop","player_choice":"Left","floor":12,"damage_taken":0}],"boss_relics":[{"not_picked":["Tiny House","Velvet Choker"],"picked":"Black Star"}],"items_purged_floors":[],"is_endless":false,"potions_floor_spawned":[4,6,11,16,18,19],"killed_by":"Centurion and Healer","ascension_level":4}