{"gold_per_floor":[109,109,124,124,142,176,8,8,57,76,104,104,134,146,146,223,223,243,342,358,358,375,375,388,401,401,401,421,421,437,447,447,447],"floor_reached":33,"playtime":1534,"items_purged":["Pain"],"score":513,"play_id":"2d378cfa-eef5-4c84-825a-6471ac095992","local_time":"20190214145701","is_ascension_mode":true,"campfire_choices":[{"floor":8,"key":"REST"},{"floor":12,"key":"REST"},{"floor":15,"key":"REST"},{"data":"Panacea","floor":23,"key":"SMITH"},{"floor":27,"key":"REST"},{"floor":29,"key":"REST"},{"data":"Footwork","floor":32,"key":"SMITH"}],"neow_cost":"NONE","seed_source_timestamp":20946120907800,"circlet_count":0,"master_deck":["AscendersBane","Defend_G","Defend_G","Defend_G","Defend_G","Defend_G+1","Survivor","Neutralize","Panacea+1","Slice","Deadly Poison","Heel Hook","Sucker Punch","Cloak And Dagger","Bane","Cloak And Dagger","Deadly Poison+1","Dash","Footwork+1","Burst","Caltrops","Catalyst","Bite","Bite","Bite","Bite","Bite","Bouncing Flask","Catalyst","Dagger Spray","Catalyst"],"relics":["Ring of the Serpent","WarpedTongs","Centennial Puzzle","Ancient Tea Set","Mercury Hourglass","War Paint","Omamori"],"potions_floor_usage":[11,18,20,22,31,33,33],"damage_taken":[{"damage":2,"enemies":"Cultist","floor":1,"turns":5},{"damage":5,"enemies":"2 Louse","floor":3,"turns":3},{"damage":1,"enemies":"Small Slimes","floor":5,"turns":3},{"damage":51,"enemies":"Lagavulin","floor":6,"turns":7},{"damage":1,"enemies":"Exordium Thugs","floor":10,"turns":5},{"damage":21,"enemies":"3 Sentries","floor":11,"turns":7},{"damage":15,"enemies":"Lagavulin","floor":13,"turns":5},{"damage":0,"enemies":"Blue Slaver","floor":14,"turns":2},{"damage":12,"enemies":"The Guardian","floor":16,"turns":11},{"damage":1,"enemies":"3 Byrds","floor":18,"turns":4},{"damage":19,"enemies":"Spheric Guardian","floor":20,"turns":4},{"damage":9,"enemies":"Snecko","floor":22,"turns":5},{"damage":3,"enemies":"Chosen and Byrds","floor":24,"turns":6},{"damage":36,"enemies":"3 Cultists","floor":25,"turns":7},{"damage":16,"enemies":"Snecko","floor":28,"turns":4},{"damage":4,"enemies":"Shelled Parasite and Fungi","floor":30,"turns":3},{"damage":4,"enemies":"Chosen and Byrds","floor":31,"turns":6},{"damage":51,"enemies":"Automaton","floor":33,"turns":8}],"seed_played":"422789481452001737","potions_obtained":[{"floor":3,"key":"Explosive Potion"},{"floor":6,"key":"Energy Potion"},{"floor":13,"key":"Explosive Potion"},{"floor":18,"key":"Weak Potion"},{"floor":20,"key":"Block Potion"},{"floor":30,"key":"Block Potion"},{"floor":31,"key":"Ancient Potion"}],"is_trial":false,"path_per_floor":["M","?","M","?","M","E","$","R","T","M","E","R","E","M","R","B",null,"M","?","M","?","M","R","M","M","T","R","M","R","M","M","R","B"],"character_chosen":"THE_SILENT","items_purchased":["Bane","Cloak And Dagger"],"campfire_rested":5,"item_purchase_floors":[7,7],"current_hp_per_floor":[61,61,56,56,55,4,4,25,25,24,3,24,9,9,30,18,57,56,56,37,37,31,31,36,12,12,26,18,32,32,38,38,0],"gold":447,"neow_bonus":"RANDOM_COLORLESS","is_prod":false,"is_daily":false,"chose_seed":false,"campfire_upgraded":2,"win_rate":0,"timestamp":1550152621,"path_taken":["M","?","?","?","M","E","$","R","T","M","E","R","E","M","R","BOSS","M","?","M","?","M","R","?","M","T","R","M","R","M","M","R","BOSS"],"build_version":"2019-01-23","purchased_purges":1,"victory":false,"max_hp_per_floor":[70,70,70,70,70,70,70,70,70,70,70,70,70,70,70,70,70,70,70,70,49,49,49,49,49,49,49,49,49,49,49,49,49],"card_choices":[{"not_picked":["Distraction","Finisher"],"picked":"Slice","floor":1},{"not_picked":["Backflip","Slice"],"picked":"Deadly Poison","floor":3},{"not_picked":["All Out Attack","Prepared"],"picked":"Sucker Punch","floor":5},{"not_picked":["Malaise","Envenom"],"picked":"Cloak And Dagger","floor":6},{"not_picked":["Slice","Deflect"],"picked":"Deadly Poison","floor":10},{"not_picked":["Riddle With Holes","Leg Sweep"],"picked":"Dash","floor":11},{"not_picked":["Poisoned Stab","Dagger Throw","Endless Agony"],"picked":"SKIP","floor":13},{"not_picked":["Deadly Poison","Outmaneuver"],"picked":"Footwork","floor":14},{"not_picked":["Venomology","Bullet Time"],"picked":"Burst","floor":16},{"not_picked":["Blade Dance","Slice"],"picked":"Caltrops","floor":18},{"not_picked":["Flying Knee","Sucker Punch"],"picked":"Catalyst","floor":20},{"not_picked":["Poisoned Stab","Leg Sweep"],"picked":"Bouncing Flask","floor":22},{"not_picked":["Flying Knee","Accuracy","Masterful Stab"],"picked":"SKIP","floor":24},{"not_picked":["Calculated Gamble","Prepared"],"picked":"Catalyst","floor":25},{"not_picked":["Doppelganger","Predator"],"picked":"Dagger Spray","floor":28},{"not_picked":["Dagger Throw","Slice","Dagger Spray"],"picked":"SKIP","floor":30},{"not_picked":["Dagger Throw","Blade Dance"],"picked":"Catalyst","floor":31}],"player_experience":486504,"relics_obtained":[{"floor":6,"key":"Centennial Puzzle"},{"floor":9,"key":"Ancient Tea Set"},{"floor":11,"key":"Mercury Hourglass"},{"floor":13,"key":"War Paint"},{"floor":26,"key":"Omamori"}],"event_choices":[{"damage_healed":0,"gold_gain":0,"player_choice":"Rummage","damage_taken":0,"relics_obtained":["WarpedTongs"],"max_hp_gain":0,"max_hp_loss":0,"event_name":"Accursed Blacksmith","floor":2,"gold_loss":0,"cards_obtained":["Pain"]},{"damage_healed":0,"gold_gain":0,"cards_transformed":["Strike_G"],"player_choice":"Transformed","damage_taken":0,"max_hp_gain":0,"max_hp_loss":0,"event_name":"Transmorgrifier","floor":4,"gold_loss":0,"cards_obtained":["Heel Hook"]},{"damage_healed":0,"gold_gain":99,"player_choice":"Stole From Cult","damage_taken":0,"max_hp_gain":0,"max_hp_loss":0,"event_name":"Nest","floor":19,"gold_loss":0},{"damage_healed":0,"gold_gain":0,"player_choice":"Became a vampire","damage_taken":0,"max_hp_gain":0,"max_hp_loss":21,"event_name":"Vampires","floor":21,"gold_loss":0,"cards_obtained":["Bite","Bite","Bite","Bite","Bite"]}],"is_beta":false,"boss_relics":[{"not_picked":["Runic Dome","Black Star"],"picked":"Ring of the Serpent"}],"items_purged_floors":[7],"is_endless":false,"potions_floor_spawned":[3,6,13,14,18,20,30,31],"killed_by":"Automaton","ascension_level":13}