{"gold_per_floor":[113,130,142,155,170,170,185,185,185,195,195,195,195,209,209,209],"floor_reached":16,"playtime":1719,"items_purged":[],"score":96,"play_id":"bfbf45c4-397d-4d2f-9035-63ae05048297","local_time":"20190212185646","is_ascension_mode":false,"campfire_choices":[{"data":"Terror","floor":6,"key":"SMITH"},{"data":"Survivor","floor":8,"key":"SMITH"},{"floor":13,"key":"REST"},{"data":"Setup","floor":15,"key":"SMITH"}],"neow_cost":"NONE","seed_source_timestamp":0,"circlet_count":0,"master_deck":["Defend_G","Defend_G","Defend_G","Defend_G","Defend_G","Strike_G","Strike_G","Strike_G","Strike_G","Strike_G","Survivor+1","Neutralize","Dodge and Roll","Backflip","Terror+1","Grand Finale","Setup+1","All Out Attack"],"special_seed":0,"relics":["Ring of the Snake","Incense Burner","Golden Idol"],"potions_floor_usage":[5,16,16,16],"damage_taken":[{"damage":0.0,"enemies":"Cultist","floor":1.0,"turns":3.0},{"damage":0.0,"enemies":"Small Slimes","floor":2.0,"turns":3.0},{"damage":0.0,"enemies":"2 Louse","floor":3.0,"turns":7.0},{"damage":0.0,"enemies":"Looter","floor":4.0,"turns":5.0},{"damage":14,"enemies":"Exordium Thugs","floor":5,"turns":10},{"damage":10,"enemies":"Lots of Slimes","floor":7,"turns":13},{"damage":0,"enemies":"Looter","floor":10,"turns":5},{"damage":0,"enemies":"2 Fungi Beasts","floor":14,"turns":4},{"damage":87,"enemies":"Slime Boss","floor":16,"turns":13}],"seed_played":"7957912309555028368","potions_obtained":[{"floor":0.0,"key":"Block Potion"},{"floor":0.0,"key":"Fruit Juice"},{"floor":0.0,"key":"PowerPotion"},{"floor":1.0,"key":"GhostInAJar"},{"floor":5,"key":"Regen Potion"},{"floor":10,"key":"EssenceOfSteel"}],"is_trial":false,"path_per_floor":["M","M","M","M","M","R","M","R","T","M","?","?","R","M","R","B"],"character_chosen":"THE_SILENT","items_purchased":[],"campfire_rested":1,"item_purchase_floors":[],"current_hp_per_floor":[75,75,75,75,61,61,51,51,51,51,33,58,75,75,75,0],"gold":209,"neow_bonus":"THREE_SMALL_POTIONS","is_prod":false,"is_daily":false,"chose_seed":false,"campfire_upgraded":3,"win_rate":0.0,"timestamp":1550019406,"path_taken":["M","M","?","M","M","R","M","R","T","M","?","?","R","M","R","BOSS"],"build_version":"2019-01-23","purchased_purges":0,"victory":false,"max_hp_per_floor":[75,75,75,75,75,75,75,75,75,75,75,75,75,75,75,75],"card_choices":[{"not_picked":["Acrobatics","Quick Slash"],"picked":"Dodge and Roll","floor":1.0},{"not_picked":["Acrobatics","Quick Slash"],"picked":"Backflip","floor":2.0},{"not_picked":["Dagger Spray","Deflect"],"picked":"Terror","floor":3.0},{"not_picked":["Underhanded Strike","Bane","Deflect"],"picked":"SKIP","floor":4},{"not_picked":["Leg Sweep","Poisoned Stab"],"picked":"Grand Finale","floor":5},{"not_picked":["Sucker Punch","Deflect","Prepared"],"picked":"SKIP","floor":7},{"not_picked":["Blade Dance","Backflip"],"picked":"Setup","floor":10},{"not_picked":["Accuracy","Phantasmal Killer"],"picked":"All Out Attack","floor":14}],"player_experience":89656,"relics_obtained":[{"floor":9,"key":"Incense Burner"}],"event_choices":[{"damage_healed":0,"gold_gain":0,"player_choice":"Take Damage","damage_taken":18,"relics_obtained":["Golden Idol"],"max_hp_gain":0,"max_hp_loss":0,"event_name":"Golden Idol","floor":11,"gold_loss":0},{"damage_healed":25,"gold_gain":0,"player_choice":"Banana","damage_taken":0,"max_hp_gain":0,"max_hp_loss":0,"event_name":"Big Fish","floor":12,"gold_loss":0}],"is_beta":false,"boss_relics":[],"items_purged_floors":[],"is_endless":false,"potions_floor_spawned":[1,5,10],"killed_by":"Slime Boss","ascension_level":0}