{"gold_per_floor":[109,123,298,318,41,76,89,69,144,144,114,132,148,175,175,280,280,296,296,313,21,51,51,83,96,119,119,133,133,133,58,58,157,157,174,190,204,204,223,223,237,237,285,296,316,316,364,376,376,376,376,376,35,70,70],"floor_reached":56,"playtime":2927,"items_purged":["Doubt","Strike_G","Parasite"],"score":1186,"play_id":"ce081729-6593-4eb3-8bb0-8d50b16bd755","local_time":"20181124104352","is_ascension_mode":false,"campfire_choices":[{"floor":10,"key":"REST"},{"data":"Caltrops","floor":15,"key":"SMITH"},{"data":"Caltrops","floor":23,"key":"SMITH"},{"floor":27,"key":"REST"},{"data":"Footwork","floor":29,"key":"SMITH"},{"floor":32,"key":"REST"},{"floor":40,"key":"RECALL"},{"data":"Noxious Fumes","floor":42,"key":"SMITH"},{"data":"Noxious Fumes","floor":49,"key":"SMITH"},{"data":"Well Laid Plans","floor":52,"key":"SMITH"}],"neow_cost":"NONE","seed_source_timestamp":788806339283200,"circlet_count":0,"master_deck":["Defend_G","Defend_G","Defend_G","Defend_G","Strike_G","Survivor","Neutralize","Noxious Fumes+1","Noxious Fumes+1","Backflip","Well Laid Plans+1","Crippling Poison","Caltrops+1","Footwork+1","Caltrops+1","After Image","Sadistic Nature","Leg Sweep+1","Backflip+1","Adrenaline","Terror+1","Tools of the Trade+1","All Out Attack+1","Madness","Madness","Noxious Fumes+1","Footwork"],"relics":["Ring of the Snake","Unceasing Top","Pantograph","Centennial Puzzle","Busted Crown","Tiny Chest","Snake Skull","Astrolabe","Art of War","Ancient Tea Set","Oddly Smooth Stone","Regal Pillow"],"potions_floor_usage":[11,11,24,24,25,41,41,50,50,50],"damage_taken":[{"damage":0,"enemies":"2 Louse","floor":1,"turns":3},{"damage":0,"enemies":"Jaw Worm","floor":2,"turns":5},{"damage":0,"enemies":"Small Slimes","floor":4,"turns":5},{"damage":46,"enemies":"Gremlin Nob","floor":6,"turns":6},{"damage":0,"enemies":"Blue Slaver","floor":7,"turns":5},{"damage":2,"enemies":"Looter","floor":11,"turns":4},{"damage":4,"enemies":"Red Slaver","floor":12,"turns":5},{"damage":9,"enemies":"3 Louse","floor":13,"turns":4},{"damage":1,"enemies":"Lagavulin","floor":14,"turns":8},{"damage":11,"enemies":"Hexaghost","floor":16,"turns":9},{"damage":7,"enemies":"Spheric Guardian","floor":18,"turns":5},{"damage":0,"enemies":"Shell Parasite","floor":20,"turns":6},{"damage":10,"enemies":"Slavers","floor":24,"turns":4},{"damage":16,"enemies":"3 Cultists","floor":25,"turns":4},{"damage":9,"enemies":"Snake Plant","floor":28,"turns":3},{"damage":19,"enemies":"Collector","floor":33,"turns":10},{"damage":3,"enemies":"3 Darklings","floor":35,"turns":4},{"damage":3,"enemies":"3 Shapes","floor":36,"turns":3},{"damage":0,"enemies":"Maw","floor":37,"turns":7},{"damage":7,"enemies":"Writhing Mass","floor":39,"turns":7},{"damage":13,"enemies":"Transient","floor":41,"turns":5},{"damage":11,"enemies":"Maw","floor":44,"turns":7},{"damage":12,"enemies":"Spire Growth","floor":45,"turns":6},{"damage":21,"enemies":"3 Darklings","floor":48,"turns":4},{"damage":52,"enemies":"Awakened One","floor":50,"turns":14},{"damage":19,"enemies":"Shield and Spear","floor":54,"turns":6},{"damage":57,"enemies":"The Heart","floor":55,"turns":10}],"seed_played":"8818790950082156060","potions_obtained":[{"floor":2,"key":"SkillPotion"},{"floor":4,"key":"GamblersBrew"},{"floor":6,"key":"Energy Potion"},{"floor":12,"key":"SteroidPotion"},{"floor":16,"key":"SkillPotion"},{"floor":24,"key":"Fire Potion"},{"floor":25,"key":"Fire Potion"},{"floor":28,"key":"Energy Potion"},{"floor":33,"key":"GhostInAJar"},{"floor":45,"key":"SpeedPotion"},{"floor":48,"key":"Block Potion"}],"is_trial":false,"path_per_floor":["M","M","?","M","$","E","M","?","T","R","M","M","M","E","R","B",null,"M","?","M","$","?","R","E","M","T","R","M","R","?","?","R","B",null,"M","M","M","?","M","R","M","R","T","M","M","?","T","M","R","B",null,"R","$","E","B",null],"character_chosen":"THE_SILENT","items_purchased":["Backflip","Well Laid Plans","Crippling Poison","Sadistic Nature","Footwork","Oddly Smooth Stone"],"campfire_rested":3,"item_purchase_floors":[5,5,5,21,53,53],"current_hp_per_floor":[70,70,70,70,70,24,24,24,24,45,43,39,30,29,29,43,70,63,47,47,47,47,47,37,21,21,42,33,33,33,33,54,51,70,67,64,64,55,48,48,35,35,35,24,12,61,61,40,40,9,61,61,58,39,1],"gold":70,"neow_bonus":"REMOVE_CARD","is_prod":false,"is_daily":false,"chose_seed":false,"campfire_upgraded":6,"win_rate":0,"timestamp":1543052632,"path_taken":["M","M","?","M","$","E","M","?","T","R","M","M","M","E","R","BOSS","M","?","M","$","?","R","E","M","T","R","M","R","?","?","R","BOSS","M","M","M","?","M","R","M","R","T","M","M","?","?","M","R","BOSS","R","$","E","BOSS"],"build_version":"2018-11-15","purchased_purges":3,"victory":true,"max_hp_per_floor":[70,70,70,70,70,70,70,70,70,70,70,70,70,70,70,70,70,70,70,70,70,70,70,70,70,70,70,70,70,70,70,70,70,70,70,70,70,70,70,70,70,70,70,70,70,61,61,61,61,61,61,61,58,58,58],"card_choices":[{"not_picked":["Blade Dance","Predator","Distraction"],"picked":"SKIP","floor":1},{"not_picked":["Catalyst","Underhanded Strike"],"picked":"Noxious Fumes","floor":2},{"not_picked":["Expertise","Flechettes"],"picked":"Noxious Fumes","floor":4},{"not_picked":["Dagger Spray","Poisoned Stab","Choke"],"picked":"SKIP","floor":6},{"not_picked":["Poisoned Stab","Catalyst"],"picked":"Caltrops","floor":7},{"not_picked":["Quick Slash","Dagger Throw"],"picked":"Footwork","floor":11},{"not_picked":["Dagger Spray","Backflip"],"picked":"Caltrops","floor":12},{"not_picked":["Well Laid Plans","Storm of Steel","Reflex"],"picked":"SKIP","floor":13},{"not_picked":["Poisoned Stab","Skewer","Crippling Poison"],"picked":"SKIP","floor":14},{"not_picked":["Phantasmal Killer","Storm of Steel"],"picked":"After Image","floor":16},{"not_picked":["Slice"],"picked":"SKIP","floor":18},{"not_picked":["PiercingWail"],"picked":"SKIP","floor":20},{"not_picked":[],"picked":"Leg Sweep+1","floor":24},{"not_picked":[],"picked":"Backflip+1","floor":25},{"not_picked":["Predator"],"picked":"SKIP","floor":28},{"not_picked":[],"picked":"Adrenaline","floor":33},{"not_picked":["Flying Knee"],"picked":"SKIP","floor":35},{"not_picked":["Terror"],"picked":"SKIP","floor":36},{"not_picked":["Poisoned Stab+1"],"picked":"SKIP","floor":37},{"not_picked":["Slice"],"picked":"SKIP","floor":39},{"not_picked":[],"picked":"Noxious Fumes+1","floor":41},{"not_picked":["Bane+1"],"picked":"SKIP","floor":44},{"not_picked":["PiercingWail"],"picked":"SKIP","floor":45},{"not_picked":["Eviscerate"],"picked":"SKIP","floor":48},{"not_picked":["Deadly Poison+1"],"picked":"SKIP","floor":54}],"player_experience":218995,"relics_obtained":[{"floor":6,"key":"Unceasing Top"},{"floor":9,"key":"Pantograph"},{"floor":14,"key":"Centennial Puzzle"},{"floor":24,"key":"Snake Skull"},{"floor":43,"key":"Art of War"},{"floor":47,"key":"Ancient Tea Set"},{"floor":54,"key":"Regal Pillow"}],"event_choices":[{"damage_healed":0,"gold_gain":175,"player_choice":"AGREE","damage_taken":0,"max_hp_gain":0,"max_hp_loss":0,"event_name":"Liars Game","floor":3,"gold_loss":0,"cards_obtained":["Doubt"]},{"damage_healed":0,"gold_gain":0,"player_choice":"Left Gold","damage_taken":0,"max_hp_gain":0,"max_hp_loss":0,"event_name":"World of Goop","floor":8,"gold_loss":20},{"damage_healed":0,"gold_gain":0,"player_choice":"Obtained Book","damage_taken":16,"max_hp_gain":0,"max_hp_loss":0,"event_name":"Cursed Tome","floor":19,"gold_loss":0},{"damage_healed":0,"gold_gain":0,"player_choice":"Stole Relic","damage_taken":0,"relics_obtained":["Tiny Chest"],"max_hp_gain":0,"max_hp_loss":0,"event_name":"Addict","floor":22,"gold_loss":0,"cards_obtained":["Shame"]},{"damage_healed":0,"gold_gain":0,"player_choice":"Ignored","damage_taken":0,"max_hp_gain":0,"max_hp_loss":0,"event_name":"Vampires","floor":30,"gold_loss":0},{"cards_removed":["Shame"],"damage_healed":0,"gold_gain":0,"player_choice":"Gave Gold","damage_taken":0,"max_hp_gain":0,"max_hp_loss":0,"event_name":"Beggar","floor":31,"gold_loss":75},{"damage_healed":0,"gold_gain":0,"player_choice":"Embrace Madness","damage_taken":9,"max_hp_gain":0,"max_hp_loss":0,"event_name":"Winding Halls","floor":38,"gold_loss":0,"cards_obtained":["Madness","Madness"]},{"damage_healed":61,"gold_gain":0,"player_choice":"Heal","damage_taken":0,"max_hp_gain":0,"max_hp_loss":9,"event_name":"The Moai Head","floor":46,"gold_loss":0}],"is_beta":false,"boss_relics":[{"not_picked":["Velvet Choker","HoveringKite"],"picked":"Busted Crown"},{"not_picked":["Coffee Dripper","Runic Pyramid"],"picked":"Astrolabe"}],"items_purged_floors":[5,21,53],"is_endless":false,"potions_floor_spawned":[2,4,6,12,16,24,25,28,33,37,39,45,48],"ascension_level":0}