{"path_per_floor":["M","M","M","?","?","R","E","M","T","E","R","M","R","M","R","B",null,"M","M"],"character_chosen":"DEFECT","items_purchased":[],"gold_per_floor":[112,128,142,142,142,142,175,189,189,216,216,226,226,245,245,343,343,356,374,374],"floor_reached":20,"campfire_rested":2,"playtime":654,"item_purchase_floors":[],"current_hp_per_floor":[75,67,67,60,60,60,39,32,32,4,26,24,46,42,42,42,75,74,41,0],"items_purged":[],"gold":374,"score":260,"play_id":"b57baa59-d2c5-4d4d-a373-d496b1f30524","local_time":"20180622000512","is_prod":false,"is_daily":false,"chose_seed":false,"is_ascension_mode":true,"campfire_upgraded":2,"win_rate":0,"timestamp":1529618712,"campfire_choices":[{"data":"Loop","floor":6,"key":"SMITH"},{"floor":11,"key":"REST"},{"floor":13,"key":"REST"},{"data":"Rip and Tear","floor":15,"key":"SMITH"}],"path_taken":["M","M","M","?","?","R","E","M","T","E","R","M","R","M","R","BOSS","M","M","M"],"build_version":"2018-06-14v2","seed_source_timestamp":37618615488505,"purchased_purges":0,"victory":false,"master_deck":["Strike_B","Strike_B","Defend_B","Defend_B","Defend_B","Defend_B","Zap","Dualcast","Loop+1","Rip and Tear+1","Double Energy","FTL","Electrodynamics+1","Sunder","Genetic Algorithm","Capacitor+1","Loop+1"],"max_hp_per_floor":[75,75,75,75,75,75,75,75,75,75,75,75,75,75,75,75,75,75,75,75],"relics":["Cracked Core","Darkstone Periapt","Frozen Egg 2","DataDisk","Orrery"],"card_choices":[{"not_picked":["Turbo","Go for the Eyes","Steam"],"picked":"SKIP","floor":1},{"not_picked":["Beam Cell","Redo","Fusion"],"picked":"SKIP","floor":2},{"not_picked":["Gash","Steam"],"picked":"Loop","floor":3},{"not_picked":["Chaos","Redo"],"picked":"Rip and Tear","floor":7},{"not_picked":["Rebound","Beam Cell"],"picked":"Double Energy","floor":8},{"not_picked":["Undo","Rip and Tear"],"picked":"FTL","floor":10},{"not_picked":["Hologram","Conserve Battery","Beam Cell"],"picked":"SKIP","floor":12},{"not_picked":["Cold Snap","Stack","Compile Driver"],"picked":"SKIP","floor":14},{"not_picked":["Biased Cognition+1","Core Surge"],"picked":"Electrodynamics+1","floor":16},{"not_picked":["Reprogram","Leap"],"picked":"Sunder","floor":17},{"not_picked":["Sweeping Beam","Beam Cell"],"picked":"Genetic Algorithm","floor":17},{"not_picked":["Coolheaded","Turbo"],"picked":"Capacitor+1","floor":18},{"not_picked":["Compile Driver","Barrage+1"],"picked":"Loop+1","floor":19}],"player_experience":380658,"potions_floor_usage":[7,16,19],"damage_taken":[{"damage":0,"enemies":"2 Louse","floor":1,"turns":2},{"damage":8,"enemies":"Jaw Worm","floor":2,"turns":4},{"damage":0,"enemies":"Small Slimes","floor":3,"turns":2},{"damage":21,"enemies":"3 Sentries","floor":7,"turns":8},{"damage":7,"enemies":"Exordium Wildlife","floor":8,"turns":3},{"damage":28,"enemies":"Gremlin Nob","floor":10,"turns":4},{"damage":2,"enemies":"Looter","floor":12,"turns":3},{"damage":4,"enemies":"Red Slaver","floor":14,"turns":3},{"damage":0,"enemies":"Slime Boss","floor":16,"turns":5},{"damage":1,"enemies":"Spheric Guardian","floor":18,"turns":3},{"damage":33,"enemies":"3 Byrds","floor":19,"turns":4},{"damage":41,"enemies":"Snake Plant","floor":20,"turns":4}],"relics_obtained":[{"floor":7,"key":"Darkstone Periapt"},{"floor":9,"key":"Frozen Egg 2"},{"floor":10,"key":"DataDisk"}],"event_choices":[{"event_name":"Golden Wing","player_choice":"Card Removal","floor":4,"damage_taken":0},{"event_name":"Bonfire Elementals","player_choice":"BASIC","floor":5,"damage_taken":0}],"boss_relics":[{"not_picked":["Empty Cage","Runic Dome"],"picked":"Orrery"}],"items_purged_floors":[],"is_endless":false,"potions_floor_spawned":[2,8,10,18],"seed_played":"-7233305147948942826","killed_by":"Snake Plant","ascension_level":2,"potions_obtained":[{"floor":2,"key":"EssenceOfSteel"},{"floor":8,"key":"Poison Potion"},{"floor":10,"key":"PowerPotion"},{"floor":18,"key":"SkillPotion"}],"is_trial":false}