{"gold_per_floor":[113,132,145,220,40,66,66,66,66,66,98,114,125,139,139,216,216,230,256,273,273],"floor_reached":21,"playtime":849,"items_purged":["Strike_G"],"score":372,"play_id":"e56b9c8e-3741-47e1-a4b4-101a741fad3f","local_time":"20190302161852","is_ascension_mode":true,"campfire_choices":[{"floor":8,"key":"REST"},{"data":"Bane","floor":10,"key":"SMITH"},{"floor":15,"key":"REST"}],"neow_cost":"NONE","seed_source_timestamp":374944182229700,"circlet_count":0,"master_deck":["AscendersBane","Defend_G","Defend_G","Defend_G","Defend_G","Defend_G","Strike_G","Strike_G","Strike_G","Strike_G","Survivor","Neutralize","After Image","Poisoned Stab","Terror","Bane+1","PiercingWail","Dagger Spray+1","Backflip","Corpse Explosion","Deadly Poison","Footwork","PiercingWail"],"relics":["Ring of the Snake","Bottled Tornado","Ninja Scroll","Molten Egg 2","Question Card","Snecko Eye","Red Mask"],"potions_floor_usage":[6,6,11,16,16],"damage_taken":[{"damage":0,"enemies":"Cultist","floor":1,"turns":6},{"damage":6,"enemies":"Jaw Worm","floor":2,"turns":6},{"damage":0,"enemies":"2 Louse","floor":3,"turns":3},{"damage":26,"enemies":"Gremlin Nob","floor":6,"turns":4},{"damage":11,"enemies":"Lagavulin","floor":11,"turns":5},{"damage":7,"enemies":"Exordium Thugs","floor":12,"turns":5},{"damage":1,"enemies":"Exordium Wildlife","floor":13,"turns":3},{"damage":5,"enemies":"Lots of Slimes","floor":14,"turns":3},{"damage":26,"enemies":"The Guardian","floor":16,"turns":16},{"damage":1,"enemies":"3 Byrds","floor":18,"turns":3},{"damage":33,"enemies":"Masked Bandits","floor":19,"turns":4},{"damage":9,"enemies":"Chosen","floor":20,"turns":5}],"seed_played":"999434220959574715","potions_obtained":[{"floor":2,"key":"Ancient Potion"},{"floor":6,"key":"Weak Potion"},{"floor":11,"key":"Energy Potion"},{"floor":13,"key":"Energy Potion"},{"floor":14,"key":"EssenceOfSteel"}],"is_trial":false,"path_per_floor":["M","M","M","?","$","E","T","R","T","R","E","M","M","M","R","B",null,"M","?","M","?"],"character_chosen":"THE_SILENT","items_purchased":["Bane","Poison Potion"],"campfire_rested":2,"item_purchase_floors":[5,5],"current_hp_per_floor":[59,53,53,42,42,16,16,35,35,35,24,17,16,11,30,4,51,50,17,8,0],"gold":273,"neow_bonus":"ONE_RANDOM_RARE_CARD","is_prod":false,"is_daily":false,"chose_seed":false,"campfire_upgraded":1,"win_rate":0,"timestamp":1551539932,"path_taken":["M","M","?","?","$","E","?","R","T","R","E","M","M","M","R","BOSS","M","?","M","?"],"build_version":"2019-01-23","purchased_purges":1,"victory":false,"max_hp_per_floor":[66,66,66,66,66,66,66,66,66,66,66,66,66,66,66,66,66,66,66,66,71],"card_choices":[{"not_picked":["Quick Slash","Blade Dance"],"picked":"Poisoned Stab","floor":1},{"not_picked":["Outmaneuver","Quick Slash"],"picked":"Terror","floor":2},{"not_picked":["Eviscerate","Outmaneuver","Tactician"],"picked":"SKIP","floor":3},{"not_picked":["Dagger Throw","Acrobatics","Finisher"],"picked":"SKIP","floor":6},{"not_picked":["Endless Agony+1","Tools of the Trade","Phantasmal Killer"],"picked":"SKIP","floor":11},{"not_picked":["Outmaneuver","Poisoned Stab+1","Finisher+1"],"picked":"PiercingWail","floor":12},{"not_picked":["Accuracy","Underhanded Strike+1","Calculated Gamble"],"picked":"Dagger Spray+1","floor":13},{"not_picked":["Dodge and Roll","Deflect","All Out Attack+1"],"picked":"Backflip","floor":14},{"not_picked":["Glass Knife+1","Night Terror","Bullet Time"],"picked":"Corpse Explosion","floor":16},{"not_picked":["Dodge and Roll","Deflect","Poisoned Stab+1"],"picked":"Deadly Poison","floor":18},{"not_picked":["Dagger Spray+1","Concentrate+1","Prepared"],"picked":"Footwork","floor":19},{"not_picked":["Blade Dance","Quick Slash+1","Prepared"],"picked":"PiercingWail","floor":20}],"player_experience":533098,"relics_obtained":[{"floor":6,"key":"Bottled Tornado"},{"floor":7,"key":"Ninja Scroll"},{"floor":9,"key":"Molten Egg 2"},{"floor":11,"key":"Question Card"},{"floor":19,"key":"Red Mask"}],"event_choices":[{"damage_healed":0,"gold_gain":75,"player_choice":"Gather Gold","damage_taken":11,"max_hp_gain":0,"max_hp_loss":0,"event_name":"World of Goop","floor":4,"gold_loss":0},{"damage_healed":0,"gold_gain":0,"player_choice":"Fought Bandits","damage_taken":0,"max_hp_gain":0,"max_hp_loss":0,"event_name":"Masked Bandits","floor":19,"gold_loss":0}],"is_beta":false,"boss_relics":[{"not_picked":["HoveringKite","Pandora\u0027s Box"],"picked":"Snecko Eye"}],"items_purged_floors":[5],"is_endless":false,"potions_floor_spawned":[2,6,11,13,14],"ascension_level":19}