{"gold_per_floor":[111,123,142,161,178,210,220,145,223,243,255,270,280,291,291,395,395,413,413,428,441,455,455,112,132,132,143,143,160,189,199,199,298,298,312,312,329,346,360,113,126,140,140,157,32,32,44,73,73,73],"floor_reached":50,"playtime":3302,"items_purged":["Strike_R","Defend_R","Shame"],"score":514,"play_id":"13c033e9-72a1-4cc2-ab3c-e57d5f0ecc19","local_time":"20181008173638","is_ascension_mode":false,"campfire_choices":[{"data":"Flex","floor":15,"key":"SMITH"},{"data":"Heavy Blade","floor":23,"key":"SMITH"},{"floor":32,"key":"REST"},{"data":"Apotheosis","floor":46,"key":"SMITH"},{"floor":49,"key":"REST"}],"neow_cost":"NONE","seed_source_timestamp":30411111020700,"circlet_count":0,"master_deck":["Strike_R","Strike_R","Strike_R","Strike_R","Defend_R","Defend_R","Bash","Ghostly Armor","Thunderclap","Anger","Clash","Clash","Flex+1","Heavy Blade+1","Reaper","Warcry+1","Cleave","Sword Boomerang","Spot Weakness","Rampage","Clumsy","Headbutt+1","Battle Trance","Seeing Red+1","Offering","Headbutt","Apotheosis+1","Dramatic Entrance","Ghostly Armor+1","Intimidate+1","Shrug It Off+1","Anger+1","Flex+1"],"relics":["Burning Blood","Ginger","Gremlin Horn","Cursed Key","Meat on the Bone","Sling","Dodecahedron","Magic Flower","Velvet Choker","Bottled Lightning","Juzu Bracelet"],"potions_floor_usage":[6,10,16,16,20,30,33,35,38,47,48,48],"damage_taken":[{"damage":5,"enemies":"2 Louse","floor":1,"turns":3},{"damage":0,"enemies":"Small Slimes","floor":2,"turns":3},{"damage":5,"enemies":"Jaw Worm","floor":3,"turns":5},{"damage":0,"enemies":"3 Louse","floor":4,"turns":4},{"damage":0,"enemies":"Lots of Slimes","floor":5,"turns":3},{"damage":34,"enemies":"3 Sentries","floor":6,"turns":8},{"damage":0,"enemies":"2 Fungi Beasts","floor":7,"turns":1},{"damage":0,"enemies":"Large Slime","floor":10,"turns":5},{"damage":10,"enemies":"Looter","floor":11,"turns":2},{"damage":0,"enemies":"Exordium Thugs","floor":12,"turns":3},{"damage":0,"enemies":"2 Fungi Beasts","floor":13,"turns":2},{"damage":11,"enemies":"Large Slime","floor":14,"turns":3},{"damage":49,"enemies":"Hexaghost","floor":16,"turns":7},{"damage":5,"enemies":"Spheric Guardian","floor":18,"turns":3},{"damage":0,"enemies":"3 Byrds","floor":20,"turns":4},{"damage":25,"enemies":"Snecko","floor":21,"turns":6},{"damage":15,"enemies":"Centurion and Healer","floor":22,"turns":5},{"damage":23,"enemies":"Shelled Parasite and Fungi","floor":25,"turns":3},{"damage":15,"enemies":"Snake Plant","floor":27,"turns":3},{"damage":5,"enemies":"Chosen and Byrds","floor":29,"turns":4},{"damage":18,"enemies":"Book of Stabbing","floor":30,"turns":3},{"damage":17,"enemies":"Snecko","floor":31,"turns":5},{"damage":80,"enemies":"Automaton","floor":33,"turns":8},{"damage":30,"enemies":"3 Darklings","floor":35,"turns":4},{"damage":49,"enemies":"3 Shapes","floor":37,"turns":3},{"damage":27,"enemies":"3 Darklings","floor":38,"turns":4},{"damage":63,"enemies":"Maw","floor":39,"turns":7},{"damage":3,"enemies":"4 Shapes","floor":41,"turns":4},{"damage":22,"enemies":"3 Darklings","floor":42,"turns":5},{"damage":28,"enemies":"Sphere and 2 Shapes","floor":44,"turns":4},{"damage":19,"enemies":"Transient","floor":47,"turns":5},{"damage":51,"enemies":"Nemesis","floor":48,"turns":7},{"damage":115,"enemies":"Awakened One","floor":50,"turns":9}],"seed_played":"-1453702239770919529","potions_obtained":[{"floor":3,"key":"Ancient Potion"},{"floor":4,"key":"SkillPotion"},{"floor":6,"key":"Energy Potion"},{"floor":7,"key":"BloodPotion"},{"floor":11,"key":"LiquidBronze"},{"floor":12,"key":"Strength Potion"},{"floor":21,"key":"Strength Potion"},{"floor":22,"key":"Energy Potion"},{"floor":25,"key":"LiquidBronze"},{"floor":27,"key":"GamblersBrew"},{"floor":29,"key":"SteroidPotion"},{"floor":33,"key":"PowerPotion"},{"floor":37,"key":"BloodPotion"},{"floor":38,"key":"LiquidBronze"},{"floor":39,"key":"PowerPotion"},{"floor":44,"key":"Weak Potion"},{"floor":47,"key":"GamblersBrew"}],"is_trial":false,"path_per_floor":["M","M","M","M","M","E","M","$","T","M","M","M","M","M","R","B",null,"M","?","M","M","M","R","$","M","T","M","?","M","E","M","R","B",null,"M","?","M","M","M","$","M","M","T","M","$","R","M","E","R"],"character_chosen":"IRONCLAD","items_purchased":["Sling","Rampage","Bottled Lightning"],"campfire_rested":2,"item_purchase_floors":[24,24,40],"current_hp_per_floor":[80,80,80,80,80,52,58,58,58,72,68,74,80,75,75,32,80,80,80,80,65,64,64,64,48,48,58,43,56,56,66,85,46,85,64,59,73,67,42,42,66,78,78,67,67,67,69,45,70,0],"gold":73,"neow_bonus":"REMOVE_CARD","is_prod":false,"is_daily":false,"chose_seed":false,"campfire_upgraded":3,"win_rate":0,"timestamp":1539012998,"path_taken":["M","M","M","M","M","E","M","$","T","M","M","M","M","M","R","BOSS","M","?","M","M","M","R","$","M","T","M","?","?","E","M","R","BOSS","M","?","M","M","M","$","M","M","T","M","$","R","?","E","R","BOSS"],"build_version":"2018-10-04v2","purchased_purges":3,"victory":false,"max_hp_per_floor":[80,80,80,80,80,80,80,80,80,80,80,80,80,80,80,80,80,80,80,80,80,80,80,80,80,80,80,85,85,85,85,85,85,85,85,85,85,85,85,85,85,85,85,85,85,85,85,85,85,85],"card_choices":[{"not_picked":["Clothesline","Havoc","Pummel"],"picked":"SKIP","floor":1},{"not_picked":["Shrug It Off","Body Slam"],"picked":"Ghostly Armor","floor":2},{"not_picked":["Power Through","Body Slam"],"picked":"Thunderclap","floor":3},{"not_picked":["True Grit","Fire Breathing"],"picked":"Anger","floor":4},{"not_picked":["Reaper","Burning Pact"],"picked":"Clash","floor":5},{"not_picked":["Pummel","Havoc"],"picked":"Clash","floor":6},{"not_picked":["Pummel","Blood for Blood","Shockwave"],"picked":"SKIP","floor":7},{"not_picked":["Clash","Burning Pact","Armaments"],"picked":"SKIP","floor":10},{"not_picked":["Perfected Strike","Dropkick","Twin Strike"],"picked":"SKIP","floor":11},{"not_picked":["Seeing Red","Demon Form"],"picked":"Flex","floor":12},{"not_picked":["Twin Strike","Disarm","Body Slam"],"picked":"SKIP","floor":13},{"not_picked":["Rupture","Battle Trance"],"picked":"Heavy Blade","floor":14},{"not_picked":["Impervious","Barricade"],"picked":"Reaper","floor":16},{"not_picked":["Havoc","Perfected Strike"],"picked":"Warcry+1","floor":18},{"not_picked":["Perfected Strike","Body Slam"],"picked":"Cleave","floor":20},{"not_picked":["Rage","Fire Breathing+1"],"picked":"Sword Boomerang","floor":21},{"not_picked":["Body Slam","Metallicize"],"picked":"Spot Weakness","floor":22},{"not_picked":["Burning Pact","True Grit","Feel No Pain"],"picked":"SKIP","floor":25},{"not_picked":["True Grit","Body Slam"],"picked":"Headbutt+1","floor":27},{"not_picked":["Feed","Disarm","Cleave"],"picked":"SKIP","floor":29},{"not_picked":["Warcry","Shrug It Off"],"picked":"Battle Trance","floor":30},{"not_picked":["Havoc","Combust"],"picked":"Seeing Red+1","floor":31},{"not_picked":["Limit Break","Barricade"],"picked":"Offering","floor":33},{"not_picked":["Clash","Anger"],"picked":"Headbutt","floor":35},{"not_picked":["Chrysalis","Swift Strike"],"picked":"Apotheosis","floor":36},{"not_picked":["Swift Strike","Purity"],"picked":"Dramatic Entrance","floor":36},{"not_picked":["Whirlwind+1","Flame Barrier+1"],"picked":"Ghostly Armor+1","floor":37},{"not_picked":["Shockwave","Dropkick+1"],"picked":"Intimidate+1","floor":38},{"not_picked":["Iron Wave","Twin Strike+1","Pummel"],"picked":"SKIP","floor":39},{"not_picked":["Warcry+1","Armaments"],"picked":"Shrug It Off+1","floor":41},{"not_picked":["Clothesline","Rampage+1","Iron Wave+1"],"picked":"SKIP","floor":42},{"not_picked":["Blood for Blood","Berserk","Second Wind+1"],"picked":"SKIP","floor":44},{"not_picked":["Twin Strike+1","Clothesline"],"picked":"Anger+1","floor":47},{"not_picked":["Berserk","Thunderclap"],"picked":"Flex+1","floor":48}],"player_experience":85981,"relics_obtained":[{"floor":6,"key":"Ginger"},{"floor":9,"key":"Gremlin Horn"},{"floor":26,"key":"Dodecahedron"},{"floor":30,"key":"Magic Flower"},{"floor":48,"key":"Juzu Bracelet"}],"event_choices":[{"event_name":"The Mausoleum","player_choice":"Yes","floor":19,"damage_taken":0},{"event_name":"Forgotten Altar","player_choice":"Shed Blood","floor":28,"damage_taken":0},{"event_name":"SensoryStone","player_choice":"Memory 2","floor":36,"damage_taken":0}],"is_beta":false,"boss_relics":[{"not_picked":["Black Blood","Empty Cage"],"picked":"Cursed Key"},{"not_picked":["Astrolabe","Philosopher\u0027s Stone"],"picked":"Velvet Choker"}],"items_purged_floors":[8,24,45],"is_endless":false,"potions_floor_spawned":[3,4,6,7,11,12,21,22,25,27,29,33,37,38,39,44,47],"killed_by":"Awakened One","ascension_level":0}