{"gold_per_floor":[113,125,48,63,63,63,81,81,107,107,120,120,120,134,134,239,239,253,270,289,289],"floor_reached":21,"playtime":802,"items_purged":[],"score":173,"play_id":"737e92bd-cd02-451f-800d-f92f96cbbda4","local_time":"20190219085400","is_ascension_mode":false,"campfire_choices":[{"data":"Chaos","floor":6,"key":"SMITH"},{"data":"Melter","floor":8,"key":"SMITH"},{"floor":13,"key":"REST"},{"data":"Blizzard","floor":15,"key":"SMITH"}],"neow_cost":"NONE","seed_source_timestamp":1029133671907,"circlet_count":0,"master_deck":["Strike_B","Strike_B+1","Strike_B","Strike_B+1","Defend_B","Defend_B","Defend_B","Defend_B","Zap","Dualcast","Conserve Battery","Melter+1","Glacier","Chaos+1","Aggregate","Tempest","Blizzard+1","Skim","Fission","Cold Snap","Chaos","Cold Snap","Redo","Ball Lightning","Coolheaded"],"relics":["Cracked Core","Dream Catcher","Oddly Smooth Stone","Bag of Marbles","Centennial Puzzle","Orrery"],"potions_floor_usage":[],"damage_taken":[{"damage":6,"enemies":"Cultist","floor":1,"turns":3},{"damage":0,"enemies":"2 Louse","floor":2,"turns":2},{"damage":0,"enemies":"Small Slimes","floor":4,"turns":2},{"damage":1,"enemies":"Looter","floor":7,"turns":3},{"damage":2,"enemies":"Exordium Wildlife","floor":11,"turns":3},{"damage":0,"enemies":"3 Louse","floor":14,"turns":3},{"damage":35,"enemies":"Slime Boss","floor":16,"turns":6},{"damage":3,"enemies":"Shell Parasite","floor":18,"turns":6},{"damage":20,"enemies":"2 Thieves","floor":19,"turns":3},{"damage":41,"enemies":"Snake Plant","floor":20,"turns":6},{"damage":14,"enemies":"Cultist and Chosen","floor":21,"turns":2}],"seed_played":"-5845736514099915843","potions_obtained":[{"floor":4,"key":"Regen Potion"},{"floor":7,"key":"Explosive Potion"},{"floor":18,"key":"Energy Potion"},{"floor":20,"key":"SteroidPotion"}],"is_trial":false,"path_per_floor":["M","M","$","M","?","R","M","R","T","?","M","?","R","M","R","B",null,"M","M","M","M"],"character_chosen":"DEFECT","items_purchased":["Glacier"],"campfire_rested":1,"item_purchase_floors":[3],"current_hp_per_floor":[69,69,69,69,54,54,53,53,53,53,51,51,73,73,73,38,75,72,52,11,0],"gold":289,"neow_bonus":"RANDOM_COMMON_RELIC","is_prod":false,"is_daily":false,"chose_seed":false,"campfire_upgraded":3,"win_rate":0,"timestamp":1550588040,"path_taken":["M","M","$","M","?","R","M","R","T","?","?","?","R","M","R","BOSS","M","?","M","?"],"build_version":"2019-01-23","purchased_purges":0,"victory":false,"max_hp_per_floor":[75,75,75,75,75,75,75,75,75,75,75,75,75,75,75,75,75,75,75,75,75],"card_choices":[{"not_picked":["Turbo","Rip and Tear"],"picked":"Conserve Battery","floor":1},{"not_picked":["Compile Driver","Rip and Tear"],"picked":"Melter","floor":2},{"not_picked":["Barrage","Beam Cell"],"picked":"Chaos","floor":4},{"not_picked":["Streamline","Hyperbeam"],"picked":"Aggregate","floor":7},{"not_picked":["Turbo","Heatsinks"],"picked":"Tempest","floor":11},{"not_picked":["Undo","Ball Lightning"],"picked":"Blizzard","floor":13},{"not_picked":["Auto Shields","Blizzard"],"picked":"Skim","floor":14},{"not_picked":["Meteor Strike","Seek"],"picked":"Fission","floor":16},{"not_picked":["Hologram","Gash"],"picked":"Cold Snap","floor":17},{"not_picked":["Recycle","Self Repair"],"picked":"Chaos","floor":17},{"not_picked":["Melter","Steam"],"picked":"Cold Snap","floor":17},{"not_picked":["Storm","Ball Lightning"],"picked":"Redo","floor":17},{"not_picked":["Reprogram","Consume"],"picked":"Ball Lightning","floor":18},{"not_picked":["Static Discharge","Beam Cell"],"picked":"Coolheaded","floor":19},{"not_picked":["Turbo","Rebound","Go for the Eyes"],"picked":"SKIP","floor":20}],"player_experience":233982,"relics_obtained":[{"floor":9,"key":"Oddly Smooth Stone"},{"floor":10,"key":"Bag of Marbles"}],"event_choices":[{"damage_healed":0,"gold_gain":0,"player_choice":"Entered Light","damage_taken":15,"max_hp_gain":0,"max_hp_loss":0,"event_name":"Shining Light","floor":5,"gold_loss":0,"cards_upgraded":["Strike_B","Strike_B"]},{"damage_healed":0,"gold_gain":0,"player_choice":"Relic","damage_taken":0,"max_hp_gain":0,"max_hp_loss":0,"event_name":"Wheel of Change","floor":10,"gold_loss":0},{"damage_healed":0,"gold_gain":0,"player_choice":"Gave Potion","damage_taken":0,"relics_obtained":["Centennial Puzzle"],"max_hp_gain":0,"max_hp_loss":0,"event_name":"WeMeetAgain","floor":12,"gold_loss":0}],"is_beta":false,"boss_relics":[{"not_picked":["Fusion Hammer","Lizard Tail"],"picked":"Orrery"}],"items_purged_floors":[],"is_endless":false,"potions_floor_spawned":[4,7,18,20],"killed_by":"Cultist and Chosen","ascension_level":0}