{"gold_per_floor":[117,117,128,145,209,209,15,15,40,40,70,70,70,89,89,218,218,234,10,30,30,46,46,46,46,94,94,110,110,135,155,155,285,285,300,300,324,324,45,45,61,61,61,74,92,0,0,13,13,13],"floor_reached":50,"playtime":1903,"items_purged":["Shame"],"score":492,"play_id":"058c23b8-0cf9-4988-8550-feb572a7120e","local_time":"20190223194126","is_ascension_mode":false,"campfire_choices":[{"data":"Feed","floor":6,"key":"SMITH"},{"data":"Armaments","floor":8,"key":"SMITH"},{"data":"Cleave","floor":12,"key":"SMITH"},{"floor":15,"key":"REST"},{"floor":23,"key":"REST"},{"data":"Bash","floor":25,"key":"SMITH"},{"data":"Clothesline","floor":27,"key":"SMITH"},{"floor":29,"key":"REST"},{"floor":32,"key":"REST"},{"floor":40,"key":"REST"},{"data":"Defend_R","floor":42,"key":"SMITH"},{"floor":49,"key":"REST"}],"neow_cost":"CURSE","seed_source_timestamp":3850292219619,"circlet_count":0,"master_deck":["Strike_R","Strike_R","Strike_R","Strike_R","Strike_R+1","Defend_R+1","Defend_R","Defend_R","Defend_R+1","Bash+1","Feed+1","Carnage","Headbutt","Armaments+1","Cleave+1","Clothesline+1","Fiend Fire","Inflame","Body Slam+1","Spot Weakness+1","Evolve+1","Entrench+1","Pommel Strike","Feed","Iron Wave+1","Writhe","Wild Strike+1","Feel No Pain+1","Headbutt+1","Battle Trance+1"],"relics":["Burning Blood","Bronze Scales","Blood Vial","Meat on the Bone","Golden Idol","Sozu","Pen Nib","Ancient Tea Set","Eternal Feather","Brimstone","Toxic Egg 2","Red Mask"],"potions_floor_usage":[11,11,16,20],"damage_taken":[{"damage":8,"enemies":"Jaw Worm","floor":1,"turns":3},{"damage":5,"enemies":"Small Slimes","floor":3,"turns":3},{"damage":0,"enemies":"Cultist","floor":4,"turns":3},{"damage":10,"enemies":"3 Sentries","floor":11,"turns":6},{"damage":16,"enemies":"Gremlin Gang","floor":14,"turns":4},{"damage":52,"enemies":"Slime Boss","floor":16,"turns":10},{"damage":10,"enemies":"Spheric Guardian","floor":18,"turns":3},{"damage":13,"enemies":"2 Thieves","floor":20,"turns":3},{"damage":32,"enemies":"Centurion and Healer","floor":22,"turns":5},{"damage":31,"enemies":"Snake Plant","floor":28,"turns":3},{"damage":21,"enemies":"3 Cultists","floor":30,"turns":4},{"damage":26,"enemies":"Centurion and Healer","floor":31,"turns":5},{"damage":68,"enemies":"Champ","floor":33,"turns":10},{"damage":50,"enemies":"3 Darklings","floor":35,"turns":5},{"damage":55,"enemies":"3 Shapes","floor":37,"turns":5},{"damage":31,"enemies":"3 Darklings","floor":41,"turns":4},{"damage":32,"enemies":"Maw","floor":44,"turns":5},{"damage":58,"enemies":"Sphere and 2 Shapes","floor":45,"turns":4},{"damage":0,"enemies":"Transient","floor":48,"turns":5},{"damage":110,"enemies":"Donu and Deca","floor":50,"turns":5}],"seed_played":"8641780666053178167","potions_obtained":[{"floor":1,"key":"Weak Potion"},{"floor":3,"key":"EssenceOfSteel"},{"floor":4,"key":"EssenceOfSteel"},{"floor":16,"key":"EssenceOfSteel"}],"is_trial":false,"path_per_floor":["M","?","M","M","?","R","$","R","T","$","E","R","?","M","R","B",null,"M","$","M","$","M","R","$","R","T","R","M","R","M","M","R","B",null,"M","$","M","?","$","R","M","R","T","M","M","?","$","M","R","B"],"character_chosen":"IRONCLAD","items_purchased":["Bronze Scales","Armaments","Inflame","Pen Nib","Brimstone"],"campfire_rested":6,"item_purchase_floors":[7,7,19,19,39],"current_hp_per_floor":[81,64,65,74,74,74,74,74,74,74,72,72,51,59,86,54,90,86,86,85,85,65,94,94,94,94,94,75,102,91,73,104,56,106,62,62,31,59,59,107,84,99,99,75,37,37,37,57,108,0],"gold":13,"neow_bonus":"THREE_RARE_CARDS","is_prod":false,"is_daily":false,"chose_seed":false,"campfire_upgraded":6,"win_rate":0,"timestamp":1550972486,"path_taken":["M","?","M","M","?","R","$","R","T","$","E","R","?","M","R","BOSS","M","$","M","$","M","R","$","R","T","R","M","R","M","M","R","BOSS","M","$","M","?","$","R","M","R","T","M","M","?","$","M","R","BOSS"],"build_version":"2019-01-23","purchased_purges":1,"victory":false,"max_hp_per_floor":[83,83,83,86,86,86,86,86,86,86,86,86,86,90,90,90,90,90,90,94,94,98,98,98,98,98,98,102,102,106,106,106,106,106,106,106,110,110,110,110,110,110,110,110,110,110,110,110,110,110],"card_choices":[{"not_picked":["Bludgeon","Impervious"],"picked":"Feed","floor":0},{"not_picked":["Havoc","Warcry","Heavy Blade"],"picked":"SKIP","floor":1},{"not_picked":["Metallicize","Clash"],"picked":"Carnage","floor":3},{"not_picked":["Sword Boomerang","Pommel Strike"],"picked":"Headbutt","floor":4},{"not_picked":["Metallicize","Warcry"],"picked":"Cleave","floor":11},{"not_picked":["Heavy Blade","Entrench"],"picked":"Clothesline","floor":14},{"not_picked":["Berserk","Barricade"],"picked":"Fiend Fire","floor":16},{"not_picked":["Body Slam","Armaments","Clash"],"picked":"SKIP","floor":18},{"not_picked":["Clothesline","True Grit+1"],"picked":"Body Slam+1","floor":20},{"not_picked":["Feel No Pain","Perfected Strike"],"picked":"Spot Weakness+1","floor":22},{"not_picked":["Havoc","Power Through"],"picked":"Evolve+1","floor":28},{"not_picked":["Combust","Body Slam"],"picked":"Entrench+1","floor":30},{"not_picked":["Clash","Havoc"],"picked":"Pommel Strike","floor":31},{"not_picked":["Reaper","Berserk"],"picked":"Feed","floor":33},{"not_picked":["True Grit","Anger","Entrench"],"picked":"SKIP","floor":35},{"not_picked":["Shockwave+1","Rupture+1"],"picked":"Iron Wave+1","floor":37},{"not_picked":["Armaments","Spot Weakness"],"picked":"Wild Strike+1","floor":41},{"not_picked":["Cleave","Sword Boomerang"],"picked":"Feel No Pain+1","floor":44},{"not_picked":["Anger+1","Bloodletting+1"],"picked":"Headbutt+1","floor":45},{"not_picked":["Headbutt+1","Entrench+1"],"picked":"Battle Trance+1","floor":48}],"player_experience":313199,"relics_obtained":[{"floor":9,"key":"Blood Vial"},{"floor":11,"key":"Meat on the Bone"},{"floor":26,"key":"Ancient Tea Set"},{"floor":43,"key":"Toxic Egg 2"}],"event_choices":[{"damage_healed":0,"gold_gain":0,"player_choice":"Entered Light","damage_taken":17,"max_hp_gain":0,"max_hp_loss":0,"event_name":"Shining Light","floor":2,"gold_loss":0,"cards_upgraded":["Strike_R","Defend_R"]},{"damage_healed":0,"gold_gain":64,"player_choice":"Gained Gold","damage_taken":0,"max_hp_gain":0,"max_hp_loss":0,"event_name":"Golden Wing","floor":5,"gold_loss":0},{"damage_healed":0,"gold_gain":0,"player_choice":"Take Damage","damage_taken":21,"relics_obtained":["Golden Idol"],"max_hp_gain":0,"max_hp_loss":0,"event_name":"Golden Idol","floor":13,"gold_loss":0},{"damage_healed":28,"gold_gain":0,"player_choice":"Writhe","damage_taken":0,"max_hp_gain":0,"max_hp_loss":0,"event_name":"Winding Halls","floor":38,"gold_loss":0,"cards_obtained":["Writhe"]},{"damage_healed":0,"gold_gain":0,"player_choice":"Paid","damage_taken":0,"relics_obtained":["Red Mask"],"max_hp_gain":0,"max_hp_loss":0,"event_name":"Tomb of Lord Red Mask","floor":46,"gold_loss":92}],"is_beta":false,"boss_relics":[{"not_picked":["Fusion Hammer","Black Blood"],"picked":"Sozu"},{"not_picked":["Runic Cube","Snecko Eye"],"picked":"Eternal Feather"}],"items_purged_floors":[39],"is_endless":false,"potions_floor_spawned":[1,3,4,16,20,28,31,37,44],"killed_by":"Donu and Deca","ascension_level":0}