{"path_per_floor":["M","?","$","M","M","R","?","R","T","M","M","R","?","M","R","B",null,"M","?","?","M","M","R","M","R","T","E","M","?","M","$","R","B",null,"M","M","T","?","M","R","M","R","T","M","M","R","M","$","R"],"character_chosen":"IRONCLAD","items_purchased":["Gremlin Horn","Perfected Strike","Red Skull","Ancient Tea Set","Block Potion","Ginger"],"gold_per_floor":[368,368,9,20,35,35,135,135,158,171,182,182,257,276,276,379,379,396,396,396,416,434,434,444,444,444,472,489,489,509,18,18,113,113,124,140,211,211,231,231,244,244,271,291,302,302,319,11,11],"floor_reached":50,"campfire_rested":2,"playtime":3056,"current_hp_per_floor":[72,58,58,64,59,59,59,59,59,65,71,71,60,61,61,25,72,72,59,59,58,68,68,68,68,68,50,45,45,26,26,26,46,77,55,50,60,49,51,51,51,51,51,47,28,54,42,42,68],"items_purged":["Defend_R"],"gold":11,"score":460,"play_id":"616a07f5-f68b-48d2-9abe-7dfe01c476c8","is_prod":false,"is_daily":false,"is_ascension_mode":false,"campfire_upgraded":9,"path_taken":["M","?","$","M","M","R","?","R","T","M","?","R","?","M","R","BOSS","M","?","?","M","M","R","?","R","T","E","M","?","M","$","R","BOSS","M","M","?","?","M","R","?","R","T","M","M","R","M","$","R","BOSS"],"build_version":"2018-02-08-PROD1","purchased_purges":2,"victory":false,"master_deck":["Strike_R+1","Strike_R+1","Strike_R+1","Strike_R+1","Strike_R+1","Defend_R+1","Defend_R+1","Defend_R+1","Bash","Armaments+1","Perfected Strike+1","Perfected Strike+1","Perfected Strike+1","Double Tap+1","Warcry+1","Pommel Strike","Warcry","Berserk+1","Pommel Strike","Brutality","Perfected Strike","Warcry+1","Madness+1","Madness+1","Warcry+1","Perfected Strike+1","Clash+1","Uppercut+1","Pommel Strike+1"],"max_hp_per_floor":[72,72,72,72,72,72,72,72,72,72,72,72,72,72,72,72,72,72,77,77,77,77,77,77,77,77,77,77,77,77,77,77,77,77,77,77,87,87,87,87,87,87,87,87,87,87,87,87,87],"relics":["Black Blood","Gremlin Horn","Bronze Scales","Du-Vu Doll","Vajra","Red Skull","Ancient Tea Set","Question Card","Pear","Dream Catcher","Ginger"],"card_choices":[{"not_picked":["Thunderclap","Sword Boomerang"],"picked":"Armaments"},{"not_picked":["Sever Soul","Sword Boomerang"],"picked":"Perfected Strike"},{"not_picked":["Headbutt","Sentinel"],"picked":"Perfected Strike"},{"not_picked":["Juggernaut","Reaper"],"picked":"Double Tap"},{"not_picked":["Hemokinesis","Shrug It Off"],"picked":"Warcry"},{"not_picked":["Clash","Armaments"],"picked":"Pommel Strike"},{"not_picked":["Iron Wave","Shrug It Off"],"picked":"Warcry"},{"not_picked":["Clash","Body Slam"],"picked":"Berserk"},{"not_picked":["Pummel","Thunderclap"],"picked":"Pommel Strike"},{"not_picked":["Fiend Fire","Feed"],"picked":"Brutality"},{"not_picked":["Anger","Warcry","Burning Pact"],"picked":"Perfected Strike"},{"not_picked":["Power Through","Combust","Shrug It Off"],"picked":"Warcry"},{"not_picked":["Armaments","Juggernaut","Battle Trance"],"picked":"Warcry"},{"not_picked":["Cleave","Warcry","True Grit"],"picked":"Perfected Strike"},{"not_picked":["Second Wind","Infernal Blade","Uppercut"],"picked":"Clash"},{"not_picked":["Havoc","True Grit","Wild Strike"],"picked":"Uppercut"},{"not_picked":["Shrug It Off","Infernal Blade","Sword Boomerang"],"picked":"Pommel Strike"}],"player_experience":138622,"potions_floor_usage":[10,14,16,18,22,22,33,33,44,45,50],"damage_taken":[{"damage":2,"enemies":"Small Slimes","floor":1,"turns":4},{"damage":0,"enemies":"Cultist","floor":4,"turns":2},{"damage":11,"enemies":"Jaw Worm","floor":5,"turns":2},{"damage":0,"enemies":"Lots of Slimes","floor":10,"turns":1},{"damage":0,"enemies":"2 Fungi Beasts","floor":11,"turns":2},{"damage":5,"enemies":"Looter","floor":14,"turns":1},{"damage":42,"enemies":"The Guardian","floor":16,"turns":7},{"damage":2,"enemies":"Shell Parasite","floor":18,"turns":2},{"damage":11,"enemies":"3 Byrds","floor":21,"turns":4},{"damage":0,"enemies":"Snecko","floor":22,"turns":2},{"damage":10,"enemies":"Cultist and Chosen","floor":24,"turns":4},{"damage":28,"enemies":"Gremlin Leader","floor":27,"turns":7},{"damage":15,"enemies":"Snake Plant","floor":28,"turns":3},{"damage":29,"enemies":"Chosen and Byrds","floor":30,"turns":5},{"damage":5,"enemies":"Champ","floor":33,"turns":7},{"damage":32,"enemies":"3 Darklings","floor":35,"turns":6},{"damage":15,"enemies":"Orb Walker","floor":36,"turns":3},{"damage":8,"enemies":"Sphere and 2 Shapes","floor":39,"turns":4},{"damage":10,"enemies":"4 Shapes","floor":41,"turns":3},{"damage":14,"enemies":"3 Darklings","floor":44,"turns":3},{"damage":29,"enemies":"Maw","floor":45,"turns":5},{"damage":22,"enemies":"Sphere and 2 Shapes","floor":47,"turns":3},{"damage":78,"enemies":"Donu and Deca","floor":50,"turns":6}],"event_choices":[{"event_name":"Shining Light","player_choice":"Entered Light","floor":2,"damage_taken":0},{"event_name":"Golden Shrine","player_choice":"Pray","floor":7,"damage_taken":0},{"event_name":"World of Goop","player_choice":"Gather Gold","floor":13,"damage_taken":0},{"event_name":"Forgotten Altar","player_choice":"Shed Blood","floor":19,"damage_taken":0},{"event_name":"Back to Basics","player_choice":"Simplicity","floor":20,"damage_taken":0},{"event_name":"Drug Dealer","player_choice":"Ignored","floor":29,"damage_taken":0},{"event_name":"Winding Halls","player_choice":"Embrace Madness","floor":38,"damage_taken":0}],"boss_relics":[{"not_picked":["Orrery","Runic Dome"],"picked":"Black Blood"},{"not_picked":["Pandora\u0027s Box","Astrolabe"],"picked":"Question Card"}],"potions_floor_spawned":[5,10,14,16,18,21,28,41,44,45],"seed_played":"6120885472250750610","killed_by":"Donu and Deca","ascension_level":0,"is_trial":false}