{"gold_per_floor":[113,288,288,288,302,331,1,29,29,60,72,103,131,218,230,340,352,378,305,335,347,23,23,36,10,10,10,10,10,10,21,21,122,122,140,140,140,151,165,165,165],"floor_reached":41,"playtime":1377,"items_purged":["Doubt","Pain"],"score":432,"play_id":"0715f69d-1c2a-41cb-a55d-7f259c6dc9fc","local_time":"20190226145805","is_ascension_mode":false,"campfire_choices":[{"floor":11,"key":"REST"},{"floor":15,"key":"REST"},{"data":"Electrodynamics","floor":23,"key":"SMITH"},{"data":"Darkness","floor":27,"key":"SMITH"},{"data":"Static Discharge","floor":30,"key":"SMITH"},{"data":"RitualDagger","floor":32,"key":"SMITH"},{"data":"White Noise","floor":40,"key":"SMITH"}],"neow_cost":"NONE","seed_source_timestamp":16027992646780,"circlet_count":0,"master_deck":["Defend_B","Defend_B","Defend_B","Defend_B","Zap","Dualcast","Ball Lightning","Coolheaded","Lockon","Stack","Ball Lightning","Barrage","Static Discharge+1","White Noise+1","Tempest","Electrodynamics+1","Reinforced Body+1","Capacitor+1","Tempest+1","Darkness+1","Gash+1","Scrape","Turbo","Stack","RitualDagger+1","Stack+1","Go for the Eyes+1","Leap+1","Multi-Cast"],"relics":["Cracked Core","NeowsBlessing","Turnip","Oddly Smooth Stone","Cables","Nunchaku","MawBank","Astrolabe","Bronze Scales","WarpedTongs","Juzu Bracelet","Anchor","Cursed Key"],"potions_floor_usage":[10,16,31,33,33,41],"damage_taken":[{"damage":0,"enemies":"Cultist","floor":1,"turns":1},{"damage":0,"enemies":"2 Louse","floor":5,"turns":1},{"damage":0,"enemies":"3 Sentries","floor":6,"turns":1},{"damage":28,"enemies":"Lagavulin","floor":8,"turns":5},{"damage":17,"enemies":"3 Sentries","floor":10,"turns":5},{"damage":0,"enemies":"Small Slimes","floor":12,"turns":2},{"damage":0,"enemies":"Exordium Wildlife","floor":13,"turns":4},{"damage":25,"enemies":"The Guardian","floor":16,"turns":7},{"damage":15,"enemies":"2 Thieves","floor":18,"turns":3},{"damage":4,"enemies":"Spheric Guardian","floor":20,"turns":3},{"damage":3,"enemies":"Snecko","floor":24,"turns":4},{"damage":0,"enemies":"Centurion and Healer","floor":31,"turns":4},{"damage":43,"enemies":"Collector","floor":33,"turns":8},{"damage":0,"enemies":"3 Shapes","floor":35,"turns":2},{"damage":0,"enemies":"3 Darklings","floor":38,"turns":2},{"damage":6,"enemies":"Maw","floor":39,"turns":8},{"damage":88,"enemies":"Giant Head","floor":41,"turns":9}],"seed_played":"-5181548899146094694","potions_obtained":[{"floor":8,"key":"Dexterity Potion"},{"floor":12,"key":"FocusPotion"},{"floor":16,"key":"Ancient Potion"},{"floor":20,"key":"PowerPotion"},{"floor":31,"key":"FearPotion"},{"floor":35,"key":"Dexterity Potion"}],"is_trial":false,"path_per_floor":["M","?","?","?","M","E","$","E","T","E","R","M","M","?","R","B",null,"M","?","M","?","$","R","M","$","T","R","?","?","R","M","R","B",null,"M","?","?","M","M","R","E"],"character_chosen":"DEFECT","items_purchased":["Oddly Smooth Stone","Stack","Ball Lightning","Juzu Bracelet","Scrape","Fire Potion","Stack"],"campfire_rested":2,"item_purchase_floors":[7,7,7,22,22,22,25],"current_hp_per_floor":[75,75,80,73,73,73,73,45,45,28,52,52,52,44,68,43,80,65,65,61,61,61,61,58,58,58,58,52,78,78,78,78,35,80,80,80,80,80,74,74,0],"gold":165,"neow_bonus":"THREE_ENEMY_KILL","is_prod":false,"is_daily":false,"chose_seed":false,"campfire_upgraded":5,"win_rate":0,"timestamp":1551214685,"path_taken":["M","?","?","?","M","E","$","E","T","E","R","M","?","?","R","BOSS","M","?","M","?","$","R","M","$","T","R","?","?","R","M","R","BOSS","M","?","?","M","M","R","E"],"build_version":"2019-01-23","purchased_purges":2,"victory":false,"max_hp_per_floor":[75,75,80,80,80,80,80,80,80,80,80,80,80,80,80,80,80,80,80,80,80,80,80,80,80,80,80,80,80,80,80,80,80,80,80,80,80,80,80,80,80],"card_choices":[{"not_picked":["Rebound","Go for the Eyes"],"picked":"Ball Lightning","floor":1},{"not_picked":["Consume","Beam Cell"],"picked":"Coolheaded","floor":5},{"not_picked":["Redo","Coolheaded"],"picked":"Lockon","floor":6},{"not_picked":["Reprogram","Reboot"],"picked":"Barrage","floor":8},{"not_picked":["Ball Lightning","BootSequence"],"picked":"Static Discharge","floor":10},{"not_picked":["Steam","Chaos"],"picked":"White Noise","floor":12},{"not_picked":["Turbo","Go for the Eyes"],"picked":"Tempest","floor":13},{"not_picked":["Rainbow","Buffer"],"picked":"Electrodynamics","floor":16},{"not_picked":["Compile Driver","Streamline+1"],"picked":"Darkness","floor":18},{"not_picked":["Barrage","Fusion"],"picked":"Gash+1","floor":20},{"not_picked":["Heatsinks","Go for the Eyes"],"picked":"Turbo","floor":24},{"not_picked":["Auto Shields","Aggregate"],"picked":"Stack+1","floor":31},{"not_picked":["Reboot","Buffer"],"picked":"Thunder Strike","floor":33},{"not_picked":["Heatsinks","Beam Cell+1"],"picked":"Go for the Eyes+1","floor":35},{"not_picked":["Steam+1","Rebound+1"],"picked":"Leap+1","floor":38},{"not_picked":["Doom and Gloom","Sweeping Beam+1"],"picked":"Multi-Cast","floor":39}],"player_experience":433758,"relics_obtained":[{"floor":6,"key":"Turnip"},{"floor":8,"key":"Cables"},{"floor":9,"key":"Nunchaku"},{"floor":10,"key":"MawBank"},{"floor":26,"key":"Anchor"}],"event_choices":[{"damage_healed":0,"gold_gain":175,"player_choice":"AGREE","damage_taken":0,"max_hp_gain":0,"max_hp_loss":0,"event_name":"Liars Game","floor":2,"gold_loss":0,"cards_obtained":["Doubt"]},{"damage_healed":0,"gold_gain":0,"player_choice":"Donut","damage_taken":0,"max_hp_gain":5,"max_hp_loss":0,"event_name":"Big Fish","floor":3,"gold_loss":0},{"cards_removed":["Strike_B"],"damage_healed":0,"gold_gain":0,"player_choice":"Card Removal","damage_taken":7,"max_hp_gain":0,"max_hp_loss":0,"event_name":"Golden Wing","floor":4,"gold_loss":0},{"damage_healed":0,"gold_gain":75,"player_choice":"Touch","damage_taken":8,"max_hp_gain":0,"max_hp_loss":0,"event_name":"FaceTrader","floor":14,"gold_loss":0},{"damage_healed":0,"gold_gain":0,"player_choice":"Obtained Relic","damage_taken":0,"relics_obtained":["Bronze Scales"],"max_hp_gain":0,"max_hp_loss":0,"event_name":"Addict","floor":19,"gold_loss":85},{"damage_healed":0,"gold_gain":0,"player_choice":"Rummage","damage_taken":0,"relics_obtained":["WarpedTongs"],"max_hp_gain":0,"max_hp_loss":0,"event_name":"Accursed Blacksmith","floor":21,"gold_loss":0,"cards_obtained":["Pain"]},{"damage_healed":0,"gold_gain":0,"player_choice":"Joined the Cult","damage_taken":6,"max_hp_gain":0,"max_hp_loss":0,"event_name":"Nest","floor":28,"gold_loss":0,"cards_obtained":["RitualDagger"]},{"damage_healed":26,"gold_gain":0,"player_choice":"Heal","damage_taken":0,"max_hp_gain":0,"max_hp_loss":0,"event_name":"The Library","floor":29,"gold_loss":0},{"cards_removed":["Thunder Strike"],"damage_healed":0,"gold_gain":0,"player_choice":"Removed Attack","damage_taken":0,"max_hp_gain":0,"max_hp_loss":0,"event_name":"Falling","floor":36,"gold_loss":0},{"damage_healed":0,"gold_gain":0,"player_choice":"Ignored","damage_taken":0,"max_hp_gain":0,"max_hp_loss":0,"event_name":"NoteForYourself","floor":37,"gold_loss":0}],"is_beta":false,"boss_relics":[{"not_picked":["Fusion Hammer","Snecko Eye"],"picked":"Astrolabe"},{"not_picked":["Tiny House","Lizard Tail"],"picked":"Cursed Key"}],"items_purged_floors":[7,22],"is_endless":false,"potions_floor_spawned":[8,12,16,20,31,35],"killed_by":"Giant Head","ascension_level":0}