{"gold_per_floor":[117,117,131,143,161,161,14,48,71,86,104,104,115,128,128,228,228,213,10,24,44,62,62,62],"floor_reached":24,"playtime":1471,"items_purged":["Strike_G"],"score":224,"play_id":"c3e7d8b5-9aa0-45df-b349-3c0eaa2389f6","local_time":"20181129131524","is_ascension_mode":true,"campfire_choices":[{"data":"Neutralize","floor":6,"key":"SMITH"},{"floor":12,"key":"REST"},{"data":"Leg Sweep","floor":15,"key":"SMITH"},{"floor":23,"key":"REST"}],"neow_cost":"NONE","seed_source_timestamp":1186518318642973,"circlet_count":0,"master_deck":["Defend_G","Defend_G","Defend_G","Defend_G","Defend_G","Strike_G","Strike_G","Strike_G","Strike_G","Survivor","Neutralize+1","Backflip","Accuracy","Bouncing Flask","Leg Sweep+1","Infinite Blades","Night Terror","Noxious Fumes","Cloak And Dagger+1"],"relics":["Ring of the Snake","Centennial Puzzle","GremlinMask","PreservedInsect","Art of War","Lantern","Velvet Choker"],"potions_floor_usage":[5,8,14,20,21,24],"damage_taken":[{"damage":1,"enemies":"Small Slimes","floor":1,"turns":3},{"damage":4,"enemies":"Cultist","floor":3,"turns":5},{"damage":3,"enemies":"Jaw Worm","floor":4,"turns":5},{"damage":16,"enemies":"Exordium Thugs","floor":5,"turns":6},{"damage":13,"enemies":"Lagavulin","floor":8,"turns":8},{"damage":8,"enemies":"Large Slime","floor":10,"turns":9},{"damage":4,"enemies":"Red Slaver","floor":11,"turns":3},{"damage":4,"enemies":"3 Louse","floor":13,"turns":4},{"damage":7,"enemies":"Large Slime","floor":14,"turns":9},{"damage":22,"enemies":"The Guardian","floor":16,"turns":10},{"damage":6,"enemies":"2 Thieves","floor":18,"turns":4},{"damage":2,"enemies":"Chosen","floor":20,"turns":4},{"damage":35,"enemies":"Shelled Parasite and Fungi","floor":21,"turns":8},{"damage":18,"enemies":"Centurion and Healer","floor":22,"turns":7},{"damage":42,"enemies":"Cultist and Chosen","floor":24,"turns":6}],"seed_played":"-5864570752722277679","potions_obtained":[{"floor":1,"key":"AttackPotion"},{"floor":5,"key":"PowerPotion"},{"floor":10,"key":"SkillPotion"},{"floor":16,"key":"GamblersBrew"},{"floor":18,"key":"Explosive Potion"},{"floor":21,"key":"Ancient Potion"}],"is_trial":false,"path_per_floor":["M","?","M","M","M","R","$","E","T","M","M","R","M","M","R","B",null,"M","$","M","M","M","R","M"],"character_chosen":"THE_SILENT","items_purchased":["PreservedInsect","Noxious Fumes","Block Potion"],"campfire_rested":2,"item_purchase_floors":[7,19,19],"current_hp_per_floor":[69,69,65,62,46,46,46,33,33,25,21,42,38,31,31,9,70,64,64,62,27,9,30,0],"gold":62,"neow_bonus":"RANDOM_COMMON_RELIC","is_prod":false,"is_daily":false,"chose_seed":false,"campfire_upgraded":2,"win_rate":0,"timestamp":1543515324,"path_taken":["M","?","?","?","M","R","$","E","T","M","M","R","M","M","R","BOSS","M","$","M","M","M","R","M"],"build_version":"2018-11-15","purchased_purges":1,"victory":false,"max_hp_per_floor":[70,70,70,70,70,70,70,70,70,70,70,70,70,70,70,70,70,70,70,70,70,70,70,70],"card_choices":[{"not_picked":["Flechettes","Prepared"],"picked":"Backflip","floor":1},{"not_picked":["Outmaneuver","Backflip","Dagger Throw"],"picked":"SKIP","floor":3},{"not_picked":["Blade Dance","Flechettes"],"picked":"Accuracy","floor":4},{"not_picked":["Dodge and Roll","Slice","Riddle With Holes"],"picked":"SKIP","floor":5},{"not_picked":["Crippling Poison","Dodge and Roll"],"picked":"Bouncing Flask","floor":8},{"not_picked":["Acrobatics","Blade Dance","Deflect"],"picked":"SKIP","floor":10},{"not_picked":["Flechettes","Outmaneuver","Doppelganger"],"picked":"SKIP","floor":11},{"not_picked":["Backflip","Poisoned Stab"],"picked":"Leg Sweep","floor":13},{"not_picked":["Backflip","Expertise"],"picked":"Infinite Blades","floor":14},{"not_picked":["Die Die Die","A Thousand Cuts"],"picked":"Night Terror","floor":16},{"not_picked":["Expertise","Underhanded Strike","Catalyst"],"picked":"SKIP","floor":18},{"not_picked":["All Out Attack","Slice","Deflect+1"],"picked":"SKIP","floor":20},{"not_picked":["PiercingWail","Skewer"],"picked":"Cloak And Dagger+1","floor":21},{"not_picked":["Well Laid Plans","Backflip","Infinite Blades"],"picked":"SKIP","floor":22}],"player_experience":387633,"relics_obtained":[{"floor":8,"key":"Art of War"},{"floor":9,"key":"Lantern"}],"event_choices":[{"damage_healed":0,"gold_gain":0,"player_choice":"Trade","damage_taken":0,"relics_obtained":["GremlinMask"],"max_hp_gain":0,"max_hp_loss":0,"event_name":"FaceTrader","floor":2,"gold_loss":0}],"is_beta":true,"boss_relics":[{"not_picked":["Orrery","Eternal Feather"],"picked":"Velvet Choker"}],"items_purged_floors":[19],"is_endless":false,"potions_floor_spawned":[1,5,10,16,18,21],"killed_by":"Cultist and Chosen","ascension_level":2}