{"path_per_floor":["M","?","M","M","M","E","M","R","T","R","?","M","?","?","R","B",null,"M","T","?"],"character_chosen":"IRONCLAD","items_purchased":[],"gold_per_floor":[111,61,74,89,103,132,149,149,199,199,199,217,217,217,217,343,343,362,443,443],"floor_reached":21,"campfire_rested":0,"playtime":1353,"current_hp_per_floor":[80,80,80,78,78,58,48,48,48,48,48,37,37,44,44,9,87,32,42,42],"items_purged":[],"gold":353,"score":204,"play_id":"06c3697e-13ff-42db-a937-4fdaeaee5d29","is_prod":false,"is_daily":false,"is_ascension_mode":false,"campfire_upgraded":3,"path_taken":["M","?","M","M","M","E","M","R","T","R","?","M","?","?","R","BOSS","M","?","?","?"],"build_version":"2018-02-15-PROD1","purchased_purges":0,"victory":false,"master_deck":["Strike_R","Strike_R","Strike_R","Defend_R","Defend_R","Defend_R","Defend_R","Bash","Sword Boomerang","Iron Wave+1","Evolve+1","Fire Breathing","Flex","Reckless Charge+1","Clothesline","Injury","Rupture","Seeing Red","Regret","Brutality","Cleave+1","Demon Form"],"max_hp_per_floor":[80,80,80,80,80,80,80,80,80,80,80,80,80,87,87,87,87,87,97,97],"relics":["Burning Blood","Letter Opener","Oddly Smooth Stone","Golden Idol","Strawberry","Runic Pyramid","Pear"],"card_choices":[{"not_picked":["Burning Pact","Dropkick"],"picked":"Sword Boomerang"},{"not_picked":["Clothesline","Shrug It Off"],"picked":"Iron Wave"},{"not_picked":["Reckless Charge","Power Through"],"picked":"Evolve"},{"not_picked":["Anger","Second Wind"],"picked":"Fire Breathing"},{"not_picked":["Havoc","Warcry"],"picked":"Flex"},{"not_picked":["Twin Strike","Headbutt"],"picked":"Reckless Charge"},{"not_picked":["Clash","Warcry"],"picked":"Clothesline"},{"not_picked":["Armaments","Anger"],"picked":"Rupture"},{"not_picked":["Feed","Limit Break"],"picked":"Brutality"},{"not_picked":["Twin Strike","Sword Boomerang"],"picked":"Cleave"}],"player_experience":80619,"potions_floor_usage":[16,16,21],"damage_taken":[{"damage":0,"enemies":"Small Slimes","floor":1,"turns":4},{"damage":1,"enemies":"Cultist","floor":3,"turns":3},{"damage":8,"enemies":"2 Louse","floor":4,"turns":3},{"damage":6,"enemies":"Exordium Wildlife","floor":5,"turns":4},{"damage":26,"enemies":"Gremlin Nob","floor":6,"turns":5},{"damage":16,"enemies":"Large Slime","floor":7,"turns":6},{"damage":17,"enemies":"Lots of Slimes","floor":12,"turns":4},{"damage":41,"enemies":"Slime Boss","floor":16,"turns":10},{"damage":61,"enemies":"Spheric Guardian","floor":18,"turns":8},{"damage":49,"enemies":"2 Thieves","floor":21,"turns":5}],"event_choices":[{"event_name":"The Cleric","player_choice":"Card Removal","floor":2,"damage_taken":0},{"event_name":"Golden Idol","player_choice":"Take Wound","floor":11,"damage_taken":0},{"event_name":"Transmorgrifier","player_choice":"Transform","floor":13,"damage_taken":0},{"event_name":"Big Fish","player_choice":"Box","floor":14,"damage_taken":0},{"event_name":"Match and Keep!","player_choice":"1 cards matched","floor":20,"damage_taken":0}],"boss_relics":[{"not_picked":["Runic Cube","Ectoplasm"],"picked":"Runic Pyramid"}],"potions_floor_spawned":[3,4,6,7,12,18],"seed_played":"-7503046271589546354","killed_by":"2 Thieves","ascension_level":0,"is_trial":false}