{"gold_per_floor":[119,134,151,124,74,105,105,118,142,155,167,167,194,211,211,310,310,326,326,342,358,358,358,358,358,431,431,52,77,77,88,88,186,186,200,0,11,11,28,28,42,42,123,123,143,160,171,191,191,191],"floor_reached":51,"playtime":2137,"items_purged":[],"score":900,"play_id":"44b0afae-cbfd-4e9d-9e41-3acc010de7fe","local_time":"20190225143351","is_ascension_mode":true,"campfire_choices":[{"data":"Catalyst","floor":7,"key":"SMITH"},{"floor":12,"key":"REST"},{"floor":15,"key":"REST"},{"floor":23,"key":"REST"},{"floor":25,"key":"REST"},{"floor":27,"key":"REST"},{"floor":30,"key":"REST"},{"data":"Footwork","floor":32,"key":"SMITH"},{"data":"Catalyst","floor":40,"key":"SMITH"},{"floor":42,"key":"REST"},{"data":"Dodge and Roll","floor":44,"key":"SMITH"},{"floor":49,"key":"REST"}],"neow_cost":"NONE","seed_source_timestamp":14502731146362,"circlet_count":0,"master_deck":["Defend_G","Defend_G","Defend_G","Defend_G+1","Survivor+1","Neutralize","Concentrate+1","Leg Sweep+1","Bouncing Flask+1","Poisoned Stab","Catalyst+1","Bane","Dagger Spray","Dodge and Roll+1","Poisoned Stab","Catalyst+1","PiercingWail","Glass Knife","After Image","Deadly Poison","Backflip","Adrenaline","Dagger Spray+1","Footwork+1","Caltrops+1","Bane+1","Corpse Explosion","Dodge and Roll","Deadly Poison+1","PiercingWail+1","Bane+1"],"relics":["Astrolabe","Oddly Smooth Stone","Bag of Marbles","War Paint","Velvet Choker","Strawberry","Bottled Tornado","Anchor","Vajra","Tough Bandages","Empty Cage","Red Mask","Regal Pillow","Bottled Lightning"],"potions_floor_usage":[11,13,21,21,22,29,29,29,31,50,50,50],"damage_taken":[{"damage":0,"enemies":"Small Slimes","floor":1,"turns":4},{"damage":4,"enemies":"Jaw Worm","floor":2,"turns":3},{"damage":0,"enemies":"Cultist","floor":3,"turns":2},{"damage":25,"enemies":"Gremlin Nob","floor":6,"turns":4},{"damage":7,"enemies":"3 Louse","floor":8,"turns":2},{"damage":0,"enemies":"2 Fungi Beasts","floor":10,"turns":4},{"damage":6,"enemies":"Exordium Wildlife","floor":11,"turns":6},{"damage":6,"enemies":"Lagavulin","floor":13,"turns":3},{"damage":13,"enemies":"Exordium Thugs","floor":14,"turns":4},{"damage":0,"enemies":"The Guardian","floor":16,"turns":4},{"damage":7,"enemies":"Shell Parasite","floor":18,"turns":4},{"damage":33,"enemies":"2 Thieves","floor":20,"turns":3},{"damage":4,"enemies":"Centurion and Healer","floor":21,"turns":4},{"damage":25,"enemies":"Colosseum Slavers","floor":22,"turns":5},{"damage":21,"enemies":"Book of Stabbing","floor":29,"turns":3},{"damage":5,"enemies":"Snake Plant","floor":31,"turns":4},{"damage":20,"enemies":"Champ","floor":33,"turns":8},{"damage":0,"enemies":"Orb Walker","floor":35,"turns":3},{"damage":0,"enemies":"3 Darklings","floor":37,"turns":5},{"damage":2,"enemies":"Jaw Worm Horde","floor":39,"turns":3},{"damage":28,"enemies":"Sphere and 2 Shapes","floor":41,"turns":5},{"damage":0,"enemies":"Maw","floor":45,"turns":4},{"damage":0,"enemies":"3 Darklings","floor":46,"turns":3},{"damage":26,"enemies":"Sphere and 2 Shapes","floor":47,"turns":7},{"damage":6,"enemies":"Spire Growth","floor":48,"turns":4},{"damage":57,"enemies":"Awakened One","floor":50,"turns":16}],"seed_played":"2704215607044122420","potions_obtained":[{"floor":3,"key":"Regen Potion"},{"floor":6,"key":"EntropicBrew"},{"floor":10,"key":"SteroidPotion"},{"floor":11,"key":"Poison Potion"},{"floor":20,"key":"AttackPotion"},{"floor":21,"key":"GamblersBrew"},{"floor":29,"key":"Strength Potion"},{"floor":31,"key":"SteroidPotion"},{"floor":33,"key":"Swift Potion"},{"floor":37,"key":"Strength Potion"},{"floor":48,"key":"Ancient Potion"}],"is_trial":false,"path_per_floor":["M","M","M","?","?","E","R","M","T","M","M","R","E","M","R","B",null,"M","?","M","M","?","R","?","R","T","R","$","E","R","M","R","B",null,"M","?","M","?","M","R","M","R","T","R","M","M","M","M","R","B",null],"character_chosen":"THE_SILENT","items_purchased":["Footwork","Anchor","Vajra"],"campfire_rested":8,"item_purchase_floors":[28,28,28],"current_hp_per_floor":[70,66,66,66,66,41,41,34,34,34,43,64,58,45,66,66,70,63,63,30,26,1,22,29,52,52,75,75,54,77,72,72,52,77,77,77,77,77,75,75,47,77,77,77,77,77,51,45,77,20],"gold":191,"neow_bonus":"BOSS_RELIC","is_prod":false,"is_daily":false,"chose_seed":false,"campfire_upgraded":4,"win_rate":0,"timestamp":1551126831,"path_taken":["M","M","M","?","?","E","R","M","T","M","M","R","E","M","R","BOSS","M","?","M","?","?","R","?","R","T","R","$","E","R","M","R","BOSS","M","?","M","?","M","R","M","R","T","R","M","M","M","M","R","BOSS"],"build_version":"2019-01-23","purchased_purges":0,"victory":true,"max_hp_per_floor":[70,70,70,70,70,70,70,70,70,70,70,70,70,70,70,70,70,70,70,70,70,70,70,77,77,77,77,77,77,77,77,77,77,77,77,77,77,77,77,77,77,77,77,77,77,77,77,77,77,77],"card_choices":[{"not_picked":["Quick Slash","Predator"],"picked":"Poisoned Stab","floor":1},{"not_picked":["Slice","Heel Hook"],"picked":"Catalyst","floor":2},{"not_picked":["Calculated Gamble","PiercingWail"],"picked":"Bane","floor":3},{"not_picked":["Slice","Predator"],"picked":"Dagger Spray","floor":6},{"not_picked":["Cloak And Dagger","Leg Sweep"],"picked":"Dodge and Roll","floor":8},{"not_picked":["Concentrate","Slice"],"picked":"Poisoned Stab","floor":10},{"not_picked":["Flechettes","Blur"],"picked":"Catalyst","floor":11},{"not_picked":["Outmaneuver","PiercingWail","Flechettes"],"picked":"SKIP","floor":13},{"not_picked":["Outmaneuver","Flechettes"],"picked":"PiercingWail","floor":13},{"not_picked":["Noxious Fumes","Reflex"],"picked":"Glass Knife","floor":14},{"not_picked":["Venomology","Storm of Steel"],"picked":"After Image","floor":16},{"not_picked":["Quick Slash","Backflip"],"picked":"Deadly Poison","floor":18},{"not_picked":["Outmaneuver+1","Dodge and Roll"],"picked":"Adrenaline","floor":20},{"not_picked":["Sucker Punch","Flechettes+1"],"picked":"Dagger Spray+1","floor":21},{"not_picked":["Heel Hook+1","Dagger Throw+1"],"picked":"Caltrops+1","floor":29},{"not_picked":["Slice","Finisher+1"],"picked":"Bane+1","floor":31},{"not_picked":["Night Terror","Malaise"],"picked":"Corpse Explosion","floor":33},{"not_picked":["Blade Dance+1","Underhanded Strike"],"picked":"Dodge and Roll","floor":35},{"not_picked":["Choke","Heel Hook","Outmaneuver+1"],"picked":"SKIP","floor":37},{"not_picked":["Expertise","Masterful Stab+1"],"picked":"Deadly Poison+1","floor":39},{"not_picked":["Outmaneuver","Deadly Poison+1","Dagger Spray+1"],"picked":"SKIP","floor":41},{"not_picked":["Slice+1","Dodge and Roll+1"],"picked":"PiercingWail+1","floor":45},{"not_picked":["Flying Knee","Sucker Punch","Night Terror"],"picked":"SKIP","floor":46},{"not_picked":["Deadly Poison","Underhanded Strike+1","Bouncing Flask"],"picked":"SKIP","floor":47},{"not_picked":["Bane+1","Acrobatics","Slice"],"picked":"SKIP","floor":48},{"not_picked":["Acrobatics","Slice"],"picked":"Bane+1","floor":48}],"player_experience":395308,"relics_obtained":[{"floor":6,"key":"Oddly Smooth Stone"},{"floor":9,"key":"Bag of Marbles"},{"floor":13,"key":"War Paint"},{"floor":26,"key":"Bottled Tornado"},{"floor":29,"key":"Tough Bandages"},{"floor":43,"key":"Bottled Lightning"}],"event_choices":[{"damage_healed":0,"gold_gain":0,"player_choice":"Left Gold","damage_taken":0,"max_hp_gain":0,"max_hp_loss":0,"event_name":"World of Goop","floor":4,"gold_loss":27},{"cards_removed":["Strike_G"],"damage_healed":0,"gold_gain":0,"player_choice":"Card Removal","damage_taken":0,"max_hp_gain":0,"max_hp_loss":0,"event_name":"The Cleric","floor":5,"gold_loss":50},{"damage_healed":0,"gold_gain":0,"cards_transformed":["Strike_G"],"player_choice":"Transformed","damage_taken":0,"max_hp_gain":0,"max_hp_loss":0,"event_name":"Transmorgrifier","floor":19,"gold_loss":0,"cards_obtained":["Backflip"]},{"damage_healed":0,"gold_gain":0,"player_choice":"Fight","damage_taken":0,"max_hp_gain":0,"max_hp_loss":0,"event_name":"Colosseum","floor":22,"gold_loss":0},{"damage_healed":0,"gold_gain":0,"player_choice":"Fled From Nobs","damage_taken":0,"max_hp_gain":0,"max_hp_loss":0,"event_name":"Colosseum","floor":22,"gold_loss":0},{"damage_healed":0,"gold_gain":0,"player_choice":"Opened","damage_taken":0,"relics_obtained":["Strawberry"],"max_hp_gain":0,"max_hp_loss":0,"event_name":"The Mausoleum","floor":24,"gold_loss":0,"cards_obtained":["Writhe"]},{"damage_healed":0,"gold_gain":0,"player_choice":"Paid","damage_taken":0,"relics_obtained":["Red Mask"],"max_hp_gain":0,"max_hp_loss":0,"event_name":"Tomb of Lord Red Mask","floor":36,"gold_loss":200},{"damage_healed":0,"gold_gain":0,"player_choice":"Gave Potion","damage_taken":0,"relics_obtained":["Regal Pillow"],"max_hp_gain":0,"max_hp_loss":0,"event_name":"WeMeetAgain","floor":38,"gold_loss":0}],"is_beta":false,"boss_relics":[{"not_picked":["Runic Dome","Pandora\u0027s Box"],"picked":"Velvet Choker"},{"not_picked":["Cursed Key","WristBlade"],"picked":"Empty Cage"}],"items_purged_floors":[],"is_endless":false,"potions_floor_spawned":[3,6,10,11,20,21,29,31,33,35,37,48],"ascension_level":4}