{"gold_per_floor":[111,111,124,138,103,135,149,178,178,178,194,213,213,229,229,333,333,352,352,365,365,375,375,394,2,51,62,62,79,79,99,99,204,204,220,238,238,238,257,257,9,9,78,78,30,30,44,44],"floor_reached":48,"playtime":1935,"items_purged":["Doubt","Strike_R"],"score":446,"play_id":"272ef16e-7e29-4faa-8acc-7cc4c6f13a2c","local_time":"20190304153650","is_ascension_mode":false,"campfire_choices":[{"floor":10,"key":"RECALL"},{"floor":15,"key":"REST"},{"floor":23,"key":"REST"},{"floor":28,"key":"REST"},{"floor":32,"key":"REST"},{"floor":40,"key":"REST"},{"floor":44,"key":"REST"},{"data":"Whirlwind","floor":46,"key":"SMITH"}],"neow_cost":"PERCENT_DAMAGE","seed_source_timestamp":19749833863301,"circlet_count":0,"master_deck":["Strike_R+1","Strike_R","Defend_R","Defend_R","Defend_R","Defend_R","Bash","Pommel Strike+1","Whirlwind+1","Reaper","True Grit","Rampage","Shrug It Off","Feel No Pain","Fiend Fire","Injury","Rampage+1","Infernal Blade+1","Headbutt","Metallicize","Disarm+1","Limit Break","Heavy Blade+1","Shrug It Off","Armaments+1","Discovery","Shrug It Off+1","Parasite"],"relics":["Burning Blood","WarpedTongs","Potion Belt","Blue Candle","Astrolabe","Shuriken","Whetstone","Orrery","Anchor","Kunai"],"potions_floor_usage":[4,6,6,6,8,16,22,22,31,33,35],"damage_taken":[{"damage":1,"enemies":"Cultist","floor":1,"turns":3},{"damage":3,"enemies":"Small Slimes","floor":3,"turns":3},{"damage":1,"enemies":"2 Louse","floor":4,"turns":2},{"damage":27,"enemies":"Lagavulin","floor":6,"turns":6},{"damage":3,"enemies":"Red Slaver","floor":7,"turns":4},{"damage":12,"enemies":"3 Sentries","floor":8,"turns":4},{"damage":18,"enemies":"Exordium Thugs","floor":11,"turns":6},{"damage":12,"enemies":"Looter","floor":12,"turns":2},{"damage":14,"enemies":"Exordium Wildlife","floor":14,"turns":3},{"damage":59,"enemies":"Hexaghost","floor":16,"turns":14},{"damage":1,"enemies":"Chosen","floor":18,"turns":6},{"damage":15,"enemies":"Spheric Guardian","floor":20,"turns":4},{"damage":27,"enemies":"Snake Plant","floor":22,"turns":4},{"damage":41,"enemies":"Snecko","floor":24,"turns":7},{"damage":14,"enemies":"Cultist and Chosen","floor":27,"turns":6},{"damage":35,"enemies":"Shelled Parasite and Fungi","floor":29,"turns":7},{"damage":34,"enemies":"3 Cultists","floor":31,"turns":5},{"damage":50,"enemies":"Champ","floor":33,"turns":13},{"damage":68,"enemies":"3 Darklings","floor":35,"turns":8},{"damage":15,"enemies":"Orb Walker","floor":36,"turns":4},{"damage":75,"enemies":"4 Shapes","floor":39,"turns":6},{"damage":59,"enemies":"Sphere and 2 Shapes","floor":47,"turns":8},{"damage":36,"enemies":"Writhing Mass","floor":48,"turns":7}],"seed_played":"6701474733179564103","potions_obtained":[{"floor":3,"key":"EntropicBrew"},{"floor":6,"key":"SteroidPotion"},{"floor":12,"key":"EssenceOfSteel"},{"floor":16,"key":"FearPotion"},{"floor":20,"key":"Weak Potion"},{"floor":27,"key":"Strength Potion"},{"floor":31,"key":"Fire Potion"},{"floor":33,"key":"Explosive Potion"},{"floor":47,"key":"LiquidBronze"}],"is_trial":false,"path_per_floor":["M","?","M","M","?","E","M","E","T","R","M","M","?","M","R","B",null,"M","?","M","?","M","R","M","$","T","M","R","M","$","M","R","B",null,"M","M","?","?","M","R","$","?","T","R","$","R","M","M"],"character_chosen":"IRONCLAD","items_purchased":["Shuriken","Metallicize","Anchor","SteroidPotion"],"campfire_rested":6,"item_purchase_floors":[25,25,41,45],"current_hp_per_floor":[77,77,80,85,96,75,78,80,80,80,68,62,62,54,82,29,96,96,96,87,68,48,78,47,47,47,39,69,40,40,30,60,20,101,47,38,88,88,39,65,65,65,65,88,88,88,35,0],"gold":44,"neow_bonus":"TWENTY_PERCENT_HP_BONUS","is_prod":false,"is_daily":false,"chose_seed":false,"campfire_upgraded":1,"win_rate":0,"timestamp":1551735410,"path_taken":["M","?","?","M","?","E","M","E","T","R","M","M","?","?","R","BOSS","M","?","M","?","M","R","M","$","T","M","R","M","$","M","R","BOSS","M","M","?","?","?","R","$","?","T","R","?","R","M","M"],"build_version":"2019-01-23","purchased_purges":2,"victory":false,"max_hp_per_floor":[96,96,96,96,96,96,96,96,96,96,96,96,96,96,96,96,96,96,96,96,101,101,101,101,101,101,101,101,101,101,101,101,101,101,101,101,88,88,88,88,88,88,88,88,88,88,88,88],"card_choices":[{"not_picked":["Shrug It Off","Flex"],"picked":"Pommel Strike","floor":1},{"not_picked":["Anger","Cleave"],"picked":"Whirlwind","floor":3},{"not_picked":["Iron Wave","Flame Barrier","Evolve"],"picked":"SKIP","floor":4},{"not_picked":["Flame Barrier","Disarm"],"picked":"Reaper","floor":6},{"not_picked":["Twin Strike","Cleave"],"picked":"True Grit","floor":7},{"not_picked":["Sentinel","Double Tap"],"picked":"Rampage","floor":8},{"not_picked":["Havoc","Shockwave","Entrench"],"picked":"SKIP","floor":11},{"not_picked":["Cleave","Infernal Blade"],"picked":"Shrug It Off","floor":12},{"not_picked":["Body Slam","Anger"],"picked":"Feel No Pain","floor":14},{"not_picked":["Berserk","Brutality"],"picked":"Fiend Fire","floor":16},{"not_picked":["Warcry","Perfected Strike"],"picked":"Infernal Blade+1","floor":18},{"not_picked":["Twin Strike","Cleave+1","Warcry"],"picked":"SKIP","floor":20},{"not_picked":["Twin Strike","Cleave+1","Warcry"],"picked":"SKIP","floor":20},{"not_picked":["Entrench","Clash"],"picked":"Headbutt","floor":22},{"not_picked":["Searing Blow","Warcry","Body Slam+1"],"picked":"SKIP","floor":24},{"not_picked":["Sword Boomerang","Pommel Strike+1","Shockwave"],"picked":"SKIP","floor":27},{"not_picked":["Body Slam","Reckless Charge","Sever Soul+1"],"picked":"SKIP","floor":29},{"not_picked":["Demon Form","Power Through"],"picked":"Disarm+1","floor":31},{"not_picked":["Fiend Fire","Bludgeon"],"picked":"Limit Break","floor":33},{"not_picked":["Dropkick+1","Double Tap"],"picked":"Heavy Blade+1","floor":34},{"not_picked":["Inflame","Blood for Blood"],"picked":"Shrug It Off","floor":34},{"not_picked":["Heavy Blade","Reckless Charge"],"picked":"Armaments+1","floor":35},{"not_picked":["Armaments+1","Cleave+1","Body Slam+1"],"picked":"SKIP","floor":36},{"not_picked":["Anger+1","Havoc+1","Reaper"],"picked":"SKIP","floor":39},{"not_picked":["Sadistic Nature","Purity"],"picked":"Discovery","floor":42},{"not_picked":["True Grit","Heavy Blade+1"],"picked":"Shrug It Off+1","floor":47}],"player_experience":517624,"relics_obtained":[{"floor":6,"key":"Potion Belt"},{"floor":8,"key":"Blue Candle"},{"floor":26,"key":"Whetstone"},{"floor":43,"key":"Kunai"}],"event_choices":[{"damage_healed":0,"gold_gain":0,"player_choice":"Rummage","damage_taken":0,"relics_obtained":["WarpedTongs"],"max_hp_gain":0,"max_hp_loss":0,"event_name":"Accursed Blacksmith","floor":2,"gold_loss":0,"cards_obtained":["Pain"]},{"damage_healed":24,"gold_gain":0,"player_choice":"Healed","damage_taken":0,"max_hp_gain":0,"max_hp_loss":0,"event_name":"The Cleric","floor":5,"gold_loss":35},{"damage_healed":0,"gold_gain":0,"player_choice":"Cursed","damage_taken":0,"max_hp_gain":0,"max_hp_loss":0,"event_name":"Wheel of Change","floor":13,"gold_loss":0,"cards_obtained":["Decay"]},{"damage_healed":0,"gold_gain":0,"player_choice":"Ignored","damage_taken":0,"max_hp_gain":0,"max_hp_loss":0,"event_name":"Vampires","floor":19,"gold_loss":0},{"damage_healed":0,"gold_gain":0,"player_choice":"Shed Blood","damage_taken":24,"max_hp_gain":5,"max_hp_loss":0,"event_name":"Forgotten Altar","floor":21,"gold_loss":0},{"damage_healed":88,"gold_gain":0,"player_choice":"Heal","damage_taken":0,"max_hp_gain":0,"max_hp_loss":13,"event_name":"The Moai Head","floor":37,"gold_loss":0},{"cards_removed":["Strike_R"],"damage_healed":0,"gold_gain":0,"player_choice":"Purged","damage_taken":0,"max_hp_gain":0,"max_hp_loss":0,"event_name":"Purifier","floor":38,"gold_loss":0},{"damage_healed":0,"gold_gain":0,"player_choice":"Memory 1","damage_taken":0,"max_hp_gain":0,"max_hp_loss":0,"event_name":"SensoryStone","floor":42,"gold_loss":0}],"is_beta":false,"boss_relics":[{"not_picked":["Cursed Key","Snecko Eye"],"picked":"Astrolabe"},{"not_picked":["Runic Pyramid","Sozu"],"picked":"Orrery"}],"items_purged_floors":[25,41],"is_endless":false,"potions_floor_spawned":[3,4,6,12,16,20,27,31,33,47],"killed_by":"Writhing Mass","ascension_level":0}