{"path_per_floor":["M","M","M","M","M","R","E","R","T","M","?","M","M","?","R","B",null,"M","$","?","?","M","E","M","R","T","?","M","M","?","$","R","B",null,"M","?","M","M","?","R","E","R","T","E","M","$","M","?","R"],"character_chosen":"THE_SILENT","items_purchased":["Orichalcum","Bouncing Flask","Dash","Apotheosis","Enlightenment","Heel Hook"],"gold_per_floor":[111,125,144,154,167,167,194,194,267,286,286,296,308,308,308,411,411,430,247,247,162,181,210,229,229,298,298,316,336,336,42,42,141,141,153,153,168,179,179,179,211,211,211,238,255,43,56,0,0],"floor_reached":50,"campfire_rested":0,"playtime":5536,"current_hp_per_floor":[35,35,35,33,33,33,45,45,45,44,44,32,24,29,29,9,75,58,58,58,58,44,21,11,11,11,36,27,15,15,15,15,3,75,52,52,38,37,66,66,53,53,53,20,15,15,14,14,14],"items_purged":["Decay"],"gold":0,"score":601,"play_id":"1699c953-6b11-4182-8b23-95d0f918eede","local_time":"20180315010353","is_prod":false,"is_daily":false,"is_ascension_mode":false,"campfire_upgraded":5,"timestamp":1521072233,"path_taken":["M","M","M","M","M","R","E","R","T","M","?","?","M","?","R","BOSS","M","$","?","?","?","E","M","R","T","?","M","M","?","$","R","BOSS","M","?","M","?","?","R","E","R","T","E","M","$","?","?","R","BOSS"],"build_version":"2018-03-09","purchased_purges":2,"victory":false,"master_deck":["Survivor","Neutralize","Acrobatics","Poisoned Stab","Infinite Blades+1","Poisoned Stab","Dash+1","Venomology","Catalyst+1","Backflip","Storm of Steel","Sucker Punch","Expertise","Sucker Punch","Poisoned Stab","Bouncing Flask","Deflect+1","Slice","Riddle With Holes","Prepared+1","Terror+1","Bouncing Flask","Caltrops","Calculated Gamble","Escape Plan","Calculated Gamble","Concentrate+1","Dash","Apotheosis+1","Tactician","Parasite","Normality","Pain","Deflect","Backflip","Calculated Gamble","Dagger Throw","Adrenaline","Enlightenment","Heel Hook","Cloak And Dagger+1"],"max_hp_per_floor":[70,70,70,70,70,70,70,70,70,70,70,70,70,75,75,75,75,75,75,75,75,75,75,75,75,75,75,75,75,75,75,75,75,75,75,75,75,75,66,66,66,66,66,66,66,66,66,66,66],"relics":["Ring of the Snake","Tingsha","Paper Crane","Dodecahedron","Pandora\u0027s Box","Orichalcum","War Paint","Sundial","Letter Opener","Calling Bell","Bag of Marbles","Shovel","Ancient Tea Set","Anchor","Shuriken","Happy Flower","Frozen Eye","Ornamental Fan","Red Mask","Snake Skull"],"card_choices":[{"not_picked":["Poisoned Stab","Phantasmal Killer"],"picked":"Acrobatics"},{"not_picked":["Expertise","Bane"],"picked":"Poisoned Stab"},{"not_picked":["Choke","Cloak And Dagger"],"picked":"Infinite Blades"},{"not_picked":["All Out Attack","Choke"],"picked":"Poisoned Stab"},{"not_picked":["Dodge and Roll","Endless Agony"],"picked":"Dash"},{"not_picked":["Acrobatics","Poisoned Stab"],"picked":"Underhanded Strike"},{"not_picked":["Masterful Stab","Flying Knee"],"picked":"Venomology"},{"not_picked":["Endless Agony","Underhanded Strike"],"picked":"Catalyst"},{"not_picked":["Dagger Throw","Deadly Poison"],"picked":"Backflip"},{"not_picked":["Grand Finale","Night Terror"],"picked":"Storm of Steel"},{"not_picked":["PiercingWail","Predator"],"picked":"Terror"},{"not_picked":["Predator","Slice"],"picked":"Caltrops"},{"not_picked":["Footwork","Quick Slash"],"picked":"Calculated Gamble"},{"not_picked":["Prepared","Outmaneuver"],"picked":"Escape Plan"},{"not_picked":["Choke","Outmaneuver"],"picked":"Calculated Gamble"},{"not_picked":["Sucker Punch","Cloak And Dagger"],"picked":"Concentrate"},{"not_picked":["Wraith Form","Grand Finale"],"picked":"Tactician"},{"not_picked":["Flying Knee","Skewer"],"picked":"Deflect"},{"not_picked":["Poisoned Stab","Skewer"],"picked":"Backflip"},{"not_picked":["Poisoned Stab","Leg Sweep"],"picked":"Calculated Gamble"},{"not_picked":["Bane","Dagger Spray"],"picked":"Dagger Throw"},{"not_picked":["Deadly Poison","PiercingWail"],"picked":"Adrenaline"},{"not_picked":["Poisoned Stab","Dash"],"picked":"Cloak And Dagger"}],"player_experience":194318,"potions_floor_usage":[4,7,7,16,16,23,23,24,28,29,33,33,35,38,41,47,50],"damage_taken":[{"damage":0,"enemies":"Jaw Worm","floor":1,"turns":4},{"damage":0,"enemies":"Cultist","floor":2,"turns":4},{"damage":0,"enemies":"Small Slimes","floor":3,"turns":3},{"damage":11,"enemies":"3 Louse","floor":4,"turns":4},{"damage":0,"enemies":"2 Fungi Beasts","floor":5,"turns":4},{"damage":3,"enemies":"3 Sentries","floor":7,"turns":10},{"damage":1,"enemies":"Blue Slaver","floor":10,"turns":4},{"damage":12,"enemies":"Large Slime","floor":12,"turns":5},{"damage":8,"enemies":"Exordium Thugs","floor":13,"turns":5},{"damage":20,"enemies":"Slime Boss","floor":16,"turns":10},{"damage":17,"enemies":"2 Thieves","floor":18,"turns":5},{"damage":14,"enemies":"Spheric Guardian","floor":22,"turns":4},{"damage":35,"enemies":"Book of Stabbing","floor":23,"turns":5},{"damage":10,"enemies":"Centurion and Healer","floor":24,"turns":6},{"damage":9,"enemies":"Chosen and Byrds","floor":28,"turns":4},{"damage":12,"enemies":"3 Cultists","floor":29,"turns":4},{"damage":12,"enemies":"Automaton","floor":33,"turns":8},{"damage":23,"enemies":"3 Shapes","floor":35,"turns":4},{"damage":14,"enemies":"Orb Walker","floor":37,"turns":4},{"damage":1,"enemies":"Sphere and 2 Shapes","floor":38,"turns":6},{"damage":13,"enemies":"Nemesis","floor":41,"turns":5},{"damage":33,"enemies":"Giant Head","floor":44,"turns":7},{"damage":5,"enemies":"3 Darklings","floor":45,"turns":4},{"damage":1,"enemies":"Maw","floor":47,"turns":4},{"damage":38,"enemies":"Awakened One","floor":50,"turns":5}],"event_choices":[{"event_name":"Living Wall","player_choice":"Forget","floor":11,"damage_taken":0},{"event_name":"Big Fish","player_choice":"Donut","floor":14,"damage_taken":0},{"event_name":"Drug Dealer","player_choice":"Ignored","floor":20,"damage_taken":0},{"event_name":"Addict","player_choice":"Obtained Relic","floor":21,"damage_taken":0},{"event_name":"The Library","player_choice":"Heal","floor":27,"damage_taken":0},{"event_name":"Forgotten Altar","player_choice":"Smashed Altar","floor":30,"damage_taken":0},{"event_name":"The Moai Head","player_choice":"Heal","floor":39,"damage_taken":0},{"event_name":"Tomb of Lord Red Mask","player_choice":"Paid","floor":48,"damage_taken":0}],"boss_relics":[{"not_picked":["Orrery","The Specimen"],"picked":"Pandora\u0027s Box"},{"not_picked":["Sozu","Tiny House"],"picked":"Calling Bell"}],"potions_floor_spawned":[2,3,5,7,18,24,33,35,41],"seed_played":"2648091150924434099","killed_by":"Awakened One","ascension_level":0,"is_trial":false}