{"gold_per_floor":[216,226,23,35,35,70,70,105,131,131,147,112,188,212,212,342,342,361,76,101,81,81],"floor_reached":22,"playtime":888,"items_purged":["Strike_G","Regret"],"score":301,"play_id":"fd2ffd0f-de05-4f46-85e6-07b819bb5b5b","local_time":"20190127103650","is_ascension_mode":true,"campfire_choices":[{"floor":7,"key":"REST"},{"data":"Bane","floor":10,"key":"SMITH"},{"data":"Neutralize","floor":15,"key":"SMITH"}],"neow_cost":"NONE","seed_source_timestamp":240309450492600,"circlet_count":0,"master_deck":["AscendersBane","Defend_G","Defend_G","Defend_G","Defend_G","Defend_G","Strike_G","Strike_G","Strike_G","Strike_G","Survivor","Neutralize+1","Predator","Deadly Poison","Bane+1","Terror","Flying Knee","Deflect","Poisoned Stab","Dagger Spray","Envenom","Injury","Writhe","Well Laid Plans+1","Leg Sweep"],"relics":["Ring of the Snake","Golden Idol","Bronze Scales","PreservedInsect","Ancient Tea Set","Calling Bell","Snake Skull","Frozen Egg 2","Nunchaku","Anchor"],"potions_floor_usage":[14,16,20,20],"damage_taken":[{"damage":0,"enemies":"Cultist","floor":1,"turns":5},{"damage":0,"enemies":"Small Slimes","floor":2,"turns":3},{"damage":0,"enemies":"2 Louse","floor":4,"turns":2},{"damage":37,"enemies":"3 Sentries","floor":6,"turns":10},{"damage":10,"enemies":"Gremlin Nob","floor":8,"turns":3},{"damage":1,"enemies":"Looter","floor":11,"turns":3},{"damage":1,"enemies":"Exordium Thugs","floor":14,"turns":4},{"damage":16,"enemies":"The Guardian","floor":16,"turns":9},{"damage":49,"enemies":"Spheric Guardian","floor":18,"turns":5},{"damage":0,"enemies":"Shell Parasite","floor":20,"turns":2},{"damage":15,"enemies":"Snecko","floor":22,"turns":3}],"seed_played":"-7886546122305355568","potions_obtained":[{"floor":2,"key":"Energy Potion"},{"floor":8,"key":"Strength Potion"},{"floor":14,"key":"SteroidPotion"},{"floor":16,"key":"Swift Potion"},{"floor":20,"key":"Strength Potion"},{"floor":21,"key":"LiquidBronze"}],"is_trial":false,"path_per_floor":["M","M","$","M","?","E","R","E","T","R","M","?","?","M","R","B",null,"M","$","M","?","M"],"character_chosen":"THE_SILENT","items_purchased":["Bane","Terror","Well Laid Plans+1","Anchor"],"campfire_rested":1,"item_purchase_floors":[3,3,19,19],"current_hp_per_floor":[63,63,63,63,63,26,45,35,35,35,34,50,50,49,49,33,57,8,8,8,8,0],"gold":81,"neow_bonus":"HUNDRED_GOLD","is_prod":false,"is_daily":false,"chose_seed":false,"campfire_upgraded":2,"win_rate":0,"timestamp":1548581810,"path_taken":["M","?","$","M","?","E","R","E","T","R","M","?","?","M","R","BOSS","M","$","M","?","?"],"build_version":"2019-01-23","purchased_purges":2,"victory":false,"max_hp_per_floor":[70,70,70,70,65,65,65,65,65,65,65,65,65,65,65,65,65,65,65,65,65,65],"card_choices":[{"not_picked":["Quick Slash","Finisher"],"picked":"Predator","floor":1},{"not_picked":["Quick Slash","Flying Knee"],"picked":"Deadly Poison","floor":2},{"not_picked":["Blade Dance","Finisher"],"picked":"Flying Knee","floor":4},{"not_picked":["Malaise","Blade Dance"],"picked":"Deflect","floor":6},{"not_picked":["Setup","Acrobatics","Distraction"],"picked":"SKIP","floor":8},{"not_picked":["Sucker Punch","Outmaneuver"],"picked":"Poisoned Stab","floor":11},{"not_picked":["Endless Agony","Deflect"],"picked":"Dagger Spray","floor":14},{"not_picked":["Glass Knife","Grand Finale"],"picked":"Envenom","floor":16},{"not_picked":["Sucker Punch","Dagger Spray","Blade Dance"],"picked":"SKIP","floor":18},{"not_picked":["Heel Hook","Eviscerate+1"],"picked":"Leg Sweep","floor":20}],"player_experience":396060,"relics_obtained":[{"floor":6,"key":"Bronze Scales"},{"floor":8,"key":"PreservedInsect"},{"floor":9,"key":"Ancient Tea Set"},{"floor":17,"key":"Snake Skull"},{"floor":17,"key":"Frozen Egg 2"},{"floor":17,"key":"Nunchaku"}],"event_choices":[{"damage_healed":0,"gold_gain":0,"player_choice":"Lose Max HP","damage_taken":0,"relics_obtained":["Golden Idol"],"max_hp_gain":0,"max_hp_loss":5,"event_name":"Golden Idol","floor":5,"gold_loss":0},{"damage_healed":16,"gold_gain":0,"player_choice":"Healed","damage_taken":0,"max_hp_gain":0,"max_hp_loss":0,"event_name":"The Cleric","floor":12,"gold_loss":35},{"damage_healed":0,"gold_gain":76,"player_choice":"Gained Gold","damage_taken":0,"max_hp_gain":0,"max_hp_loss":0,"event_name":"Golden Wing","floor":13,"gold_loss":0},{"damage_healed":0,"gold_gain":0,"player_choice":"Bought 1 Potion","damage_taken":0,"max_hp_gain":0,"max_hp_loss":0,"event_name":"The Woman in Blue","floor":21,"gold_loss":0}],"is_beta":false,"boss_relics":[{"not_picked":["Pandora\u0027s Box","Empty Cage"],"picked":"Calling Bell"}],"items_purged_floors":[3,19],"is_endless":false,"potions_floor_spawned":[2,8,11,14,16,20],"killed_by":"Snecko","ascension_level":11}