{"gold_per_floor":[111,111,130,55,73,73,100,54,54,54,54,74,74,88,88,185,185,202,202,202,218,218,231,244,244,244,254,62,62,72,86,86,86],"floor_reached":33,"playtime":1968,"items_purged":[],"score":249,"play_id":"af552095-e5b1-4c11-8b12-7b1cbdd9fa12","local_time":"20190219141103","is_ascension_mode":false,"campfire_choices":[{"data":"Static Discharge","floor":6,"key":"SMITH"},{"floor":10,"key":"REST"},{"data":"Thunder Strike","floor":13,"key":"SMITH"},{"data":"Zap","floor":15,"key":"SMITH"},{"floor":25,"key":"REST"},{"floor":29,"key":"REST"},{"floor":32,"key":"REST"}],"neow_cost":"NONE","seed_source_timestamp":18886735876114,"circlet_count":0,"master_deck":["Strike_B","Strike_B","Strike_B","Defend_B","Defend_B","Defend_B","Defend_B","Zap+1","Dualcast","Cold Snap","Conserve Battery","Static Discharge+1","Chill","FTL","Thunder Strike+1","Seek","Turbo","Ball Lightning","Leap","Mind Blast","White Noise","Ball Lightning","Barrage","Dodge and Roll","Infernal Blade"],"relics":["Cracked Core","Bottled Lightning","Cables","Inserter","Ornamental Fan","PrismaticShard"],"potions_floor_usage":[7,12,21,24,24],"damage_taken":[{"damage":1,"enemies":"Jaw Worm","floor":1,"turns":3},{"damage":0,"enemies":"Cultist","floor":3,"turns":4},{"damage":0,"enemies":"2 Louse","floor":5,"turns":2},{"damage":14,"enemies":"3 Sentries","floor":7,"turns":6},{"damage":0,"enemies":"Large Slime","floor":12,"turns":7},{"damage":3,"enemies":"Looter","floor":14,"turns":3},{"damage":31,"enemies":"Slime Boss","floor":16,"turns":8},{"damage":10,"enemies":"Chosen","floor":18,"turns":6},{"damage":6,"enemies":"3 Byrds","floor":21,"turns":5},{"damage":4,"enemies":"Snecko","floor":23,"turns":5},{"damage":17,"enemies":"Snake Plant","floor":24,"turns":4},{"damage":18,"enemies":"Shelled Parasite and Fungi","floor":27,"turns":4},{"damage":3,"enemies":"Chosen and Byrds","floor":30,"turns":5},{"damage":18,"enemies":"Snecko","floor":31,"turns":5},{"damage":84,"enemies":"Collector","floor":33,"turns":6}],"seed_played":"-3995905213420848690","potions_obtained":[{"floor":5,"key":"GamblersBrew"},{"floor":7,"key":"Block Potion"},{"floor":16,"key":"Energy Potion"},{"floor":18,"key":"Block Potion"},{"floor":21,"key":"FearPotion"},{"floor":27,"key":"SteroidPotion"}],"is_trial":false,"path_per_floor":["M","?","M","$","M","R","E","?","T","R","$","M","R","M","R","B",null,"M","?","?","M","?","M","M","R","T","M","$","R","M","M","R","B"],"character_chosen":"DEFECT","items_purchased":["Static Discharge","PrismaticShard"],"campfire_rested":4,"item_purchase_floors":[4,28],"current_hp_per_floor":[81,81,81,81,81,81,67,67,67,82,82,82,82,79,79,48,82,72,72,56,50,50,46,29,55,55,37,37,63,60,42,68,0],"gold":86,"neow_bonus":"TEN_PERCENT_HP_BONUS","is_prod":false,"is_daily":false,"chose_seed":false,"campfire_upgraded":3,"win_rate":0,"timestamp":1550607063,"path_taken":["M","?","M","?","M","R","E","?","T","R","$","M","R","M","R","BOSS","M","?","?","M","?","M","M","R","T","M","$","R","M","M","R","BOSS"],"build_version":"2019-01-23","purchased_purges":0,"victory":false,"max_hp_per_floor":[82,82,82,82,82,82,82,82,82,82,82,82,82,82,82,82,82,82,82,87,87,87,87,87,87,87,87,87,87,87,87,87,87],"card_choices":[{"not_picked":["Steam","Stack"],"picked":"Cold Snap","floor":1},{"not_picked":["Barrage","Hologram"],"picked":"Conserve Battery","floor":3},{"not_picked":["Ball Lightning","Lockon"],"picked":"Chill","floor":5},{"not_picked":["Gash","Hello World"],"picked":"FTL","floor":7},{"not_picked":["Gash","Double Energy"],"picked":"Thunder Strike","floor":12},{"not_picked":["Turbo","Doom and Gloom","Recycle"],"picked":"SKIP","floor":14},{"not_picked":["Creative AI","Buffer"],"picked":"Seek","floor":16},{"not_picked":["Streamline","Steam"],"picked":"Turbo","floor":18},{"not_picked":["Coolheaded","Sweeping Beam"],"picked":"Leap","floor":21},{"not_picked":["Gash+1","Go for the Eyes"],"picked":"White Noise","floor":23},{"not_picked":["Chaos","Steam"],"picked":"Ball Lightning","floor":24},{"not_picked":["Beam Cell+1","Coolheaded"],"picked":"Barrage","floor":27},{"not_picked":["Heel Hook","Blood for Blood+1"],"picked":"Dodge and Roll","floor":30},{"not_picked":["Dodge and Roll","Acrobatics"],"picked":"Infernal Blade","floor":31}],"player_experience":250699,"relics_obtained":[{"floor":7,"key":"Bottled Lightning"},{"floor":9,"key":"Cables"},{"floor":26,"key":"Ornamental Fan"}],"event_choices":[{"cards_removed":["Strike_B"],"damage_healed":0,"gold_gain":0,"player_choice":"Offered Basic","damage_taken":0,"max_hp_gain":0,"max_hp_loss":0,"event_name":"Bonfire Elementals","floor":2,"gold_loss":0},{"damage_healed":0,"gold_gain":0,"player_choice":"Left Gold","damage_taken":0,"max_hp_gain":0,"max_hp_loss":0,"event_name":"World of Goop","floor":8,"gold_loss":46},{"damage_healed":0,"gold_gain":0,"player_choice":"Read","damage_taken":0,"max_hp_gain":0,"max_hp_loss":0,"event_name":"The Library","floor":19,"gold_loss":0,"cards_obtained":["Ball Lightning"]},{"damage_healed":0,"gold_gain":0,"player_choice":"Shed Blood","damage_taken":21,"max_hp_gain":5,"max_hp_loss":0,"event_name":"Forgotten Altar","floor":20,"gold_loss":0},{"damage_healed":0,"gold_gain":0,"player_choice":"1 cards matched","damage_taken":0,"max_hp_gain":0,"max_hp_loss":0,"event_name":"Match and Keep!","floor":22,"gold_loss":0,"cards_obtained":["Mind Blast"]}],"is_beta":false,"boss_relics":[{"not_picked":["Cursed Key","Runic Pyramid"],"picked":"Inserter"}],"items_purged_floors":[],"is_endless":false,"potions_floor_spawned":[5,7,16,18,21,27],"killed_by":"Collector","ascension_level":0}