{"gold_per_floor":[214,214,214,227,72,106,3,3,3,60,86,104,104,118,118,118],"floor_reached":16,"playtime":580,"items_purged":["Strike_G"],"score":230,"play_id":"c3203665-42e8-4640-9db6-7645c93db627","local_time":"20190301191247","is_ascension_mode":true,"campfire_choices":[{"floor":8,"key":"REST"},{"floor":15,"key":"REST"}],"neow_cost":"NONE","seed_source_timestamp":299229240973800,"circlet_count":0,"master_deck":["AscendersBane","Defend_G","Defend_G","Defend_G","Defend_G","Defend_G","Strike_G","Strike_G","Strike_G","Survivor","Neutralize","Poisoned Stab","Skewer","Footwork","Terror","Leg Sweep","Quick Slash","PiercingWail"],"relics":["Ring of the Snake","Smiling Mask","Darkstone Periapt","Tiny Chest","Oddly Smooth Stone"],"potions_floor_usage":[6,10,13],"damage_taken":[{"damage":5,"enemies":"Jaw Worm","floor":1,"turns":5},{"damage":6,"enemies":"Small Slimes","floor":4,"turns":4},{"damage":51,"enemies":"3 Sentries","floor":6,"turns":15},{"damage":23,"enemies":"Lagavulin","floor":10,"turns":8},{"damage":0,"enemies":"Cultist","floor":12,"turns":4},{"damage":4,"enemies":"3 Sentries","floor":13,"turns":2},{"damage":0,"enemies":"Looter","floor":14,"turns":4},{"damage":30,"enemies":"Slime Boss","floor":16,"turns":8}],"seed_played":"-3787531004710225560","potions_obtained":[{"floor":10,"key":"SmokeBomb"}],"is_trial":false,"path_per_floor":["M","?","?","M","$","E","$","R","T","E","T","M","E","M","R","B"],"character_chosen":"THE_SILENT","items_purchased":["Footwork","Regen Potion","PowerPotion"],"campfire_rested":2,"item_purchase_floors":[5,5,7],"current_hp_per_floor":[54,59,52,46,46,10,10,31,31,8,8,8,4,4,25,0],"gold":118,"neow_bonus":"HUNDRED_GOLD","is_prod":false,"is_daily":false,"chose_seed":false,"campfire_upgraded":0,"win_rate":0,"timestamp":1551463967,"path_taken":["M","?","?","M","$","E","$","R","T","E","?","?","E","M","R","BOSS"],"build_version":"2019-01-23","purchased_purges":1,"victory":false,"max_hp_per_floor":[66,71,71,71,71,71,71,71,71,71,71,71,71,71,71,71],"card_choices":[{"not_picked":["Outmaneuver","Dodge and Roll"],"picked":"Poisoned Stab","floor":1},{"not_picked":["Escape Plan","Sucker Punch"],"picked":"Skewer","floor":4},{"not_picked":["Prepared","Outmaneuver"],"picked":"Terror","floor":6},{"not_picked":["Tactician","Reflex"],"picked":"Leg Sweep","floor":10},{"not_picked":["Night Terror","Flying Knee"],"picked":"Quick Slash","floor":12},{"not_picked":["Accuracy","Finisher"],"picked":"PiercingWail","floor":14}],"player_experience":531015,"relics_obtained":[{"floor":6,"key":"Smiling Mask"},{"floor":9,"key":"Darkstone Periapt"},{"floor":10,"key":"Tiny Chest"},{"floor":11,"key":"Oddly Smooth Stone"}],"event_choices":[{"damage_healed":0,"gold_gain":0,"player_choice":"Donut","damage_taken":0,"max_hp_gain":5,"max_hp_loss":0,"event_name":"Big Fish","floor":2,"gold_loss":0},{"cards_removed":["Strike_G"],"damage_healed":0,"gold_gain":0,"player_choice":"Card Removal","damage_taken":7,"max_hp_gain":0,"max_hp_loss":0,"event_name":"Golden Wing","floor":3,"gold_loss":0}],"is_beta":false,"boss_relics":[],"items_purged_floors":[7],"is_endless":false,"potions_floor_spawned":[10,13],"killed_by":"Slime Boss","ascension_level":19}