{"gold_per_floor":[114,114,129,144,159,189,189,204,204,234,409,409,424,424,424,524,524,539,554,569,584,599,629,629,644,644,644,674,674,689,614,614,714,714,729,744,759,774,789,789],"floor_reached":40,"playtime":2424,"items_purged":[],"score":471,"play_id":"49de7aec-93f0-4ffa-8c30-7184323b8727","local_time":"20190222155836","daily_mods":["Cursed Run","Diverse","Terminal"],"is_ascension_mode":false,"campfire_choices":[{"data":"Heavy Blade","floor":7,"key":"SMITH"},{"data":"Footwork","floor":12,"key":"SMITH"},{"data":"Zap","floor":15,"key":"SMITH"},{"floor":24,"key":"REST"},{"data":"Barricade","floor":27,"key":"SMITH"},{"floor":29,"key":"REST"},{"data":"Dualcast","floor":32,"key":"SMITH"}],"neow_cost":"","seed_source_timestamp":2567019616410,"circlet_count":0,"master_deck":["Strike_B","Strike_B","Defend_B","Defend_B","Defend_B","Defend_B","Zap+1","Dualcast+1","Heavy Blade+1","Footwork+1","Doubt","Shame","Barricade+1","Conserve Battery+1","Self Repair+1","Heavy Blade+1","Capacitor+1","Blade Dance+1","Well Laid Plans","Shame","Pain","Dagger Spray","Accuracy"],"special_seed":17949,"relics":["Cursed Key","Darkstone Periapt","Du-Vu Doll","Blue Candle","Pen Nib","Bottled Flame","Nuclear Battery","Anchor","Matryoshka","Letter Opener","Black Star"],"potions_floor_usage":[6,20,21,25,28,37,39,40,40],"damage_taken":[{"damage":0,"enemies":"Small Slimes","floor":1,"turns":4},{"damage":0,"enemies":"Jaw Worm","floor":3,"turns":4},{"damage":0,"enemies":"2 Louse","floor":4,"turns":3},{"damage":0,"enemies":"Looter","floor":5,"turns":4},{"damage":3,"enemies":"Lagavulin","floor":6,"turns":7},{"damage":3,"enemies":"Red Slaver","floor":8,"turns":3},{"damage":0,"enemies":"Gremlin Nob","floor":10,"turns":3},{"damage":2,"enemies":"3 Louse","floor":13,"turns":3},{"damage":27,"enemies":"Slime Boss","floor":16,"turns":11},{"damage":42,"enemies":"3 Byrds","floor":18,"turns":7},{"damage":6,"enemies":"Spheric Guardian","floor":19,"turns":5},{"damage":2,"enemies":"Snecko","floor":20,"turns":4},{"damage":15,"enemies":"Snake Plant","floor":21,"turns":6},{"damage":1,"enemies":"Cultist and Chosen","floor":22,"turns":7},{"damage":29,"enemies":"Gremlin Leader","floor":23,"turns":11},{"damage":6,"enemies":"3 Cultists","floor":25,"turns":6},{"damage":60,"enemies":"Slavers","floor":28,"turns":8},{"damage":1,"enemies":"Chosen and Byrds","floor":30,"turns":8},{"damage":20,"enemies":"Collector","floor":33,"turns":11},{"damage":3,"enemies":"Orb Walker","floor":35,"turns":3},{"damage":5,"enemies":"3 Shapes","floor":36,"turns":5},{"damage":45,"enemies":"Writhing Mass","floor":37,"turns":6},{"damage":12,"enemies":"4 Shapes","floor":38,"turns":7},{"damage":23,"enemies":"Transient","floor":39,"turns":5},{"damage":27,"enemies":"Giant Head","floor":40,"turns":6}],"seed_played":"3109262383248247929","potions_obtained":[{"floor":1,"key":"PowerPotion"},{"floor":4,"key":"Energy Potion"},{"floor":5,"key":"FocusPotion"},{"floor":6,"key":"GamblersBrew"},{"floor":10,"key":"Regen Potion"},{"floor":19,"key":"Swift Potion"},{"floor":20,"key":"FairyPotion"},{"floor":23,"key":"GamblersBrew"},{"floor":25,"key":"PowerPotion"},{"floor":36,"key":"Block Potion"},{"floor":37,"key":"Fire Potion"},{"floor":39,"key":"FearPotion"}],"is_trial":false,"path_per_floor":["M","?","M","M","M","E","R","M","T","E","?","R","M","?","R","B",null,"M","M","M","M","M","E","R","M","T","R","E","R","M","?","R","B",null,"M","M","M","M","M","E"],"character_chosen":"DEFECT","items_purchased":[],"campfire_rested":2,"item_purchase_floors":[],"current_hp_per_floor":[73,72,71,70,69,66,66,63,69,69,75,74,72,65,65,44,75,33,27,25,35,44,25,45,49,55,55,17,38,47,47,47,43,70,69,68,33,31,18,0],"gold":789,"neow_bonus":"","is_prod":false,"is_daily":true,"chose_seed":false,"campfire_upgraded":5,"win_rate":0,"timestamp":1550847516,"path_taken":["M","?","M","M","M","E","R","M","T","E","?","R","M","?","R","BOSS","M","M","M","M","M","E","R","M","T","R","E","R","M","?","R","BOSS","M","M","M","M","M","E"],"build_version":"2019-01-23","purchased_purges":0,"victory":false,"max_hp_per_floor":[73,72,71,70,69,68,67,66,71,70,75,74,73,72,71,76,75,74,73,72,71,70,69,68,67,72,71,70,69,68,67,66,71,70,69,68,67,66,65,65],"card_choices":[{"not_picked":["Carnage","Perfected Strike","Gash"],"picked":"SKIP","floor":1},{"not_picked":["Pommel Strike","Disarm","Dodge and Roll"],"picked":"SKIP","floor":3},{"not_picked":["Fusion","Headbutt","Rebound"],"picked":"SKIP","floor":4},{"not_picked":["Cleave","Sword Boomerang"],"picked":"Heavy Blade","floor":5},{"not_picked":["Bludgeon","Eviscerate","Skewer"],"picked":"SKIP","floor":6},{"not_picked":["PiercingWail","Slice","Dagger Throw"],"picked":"SKIP","floor":8},{"not_picked":["Dash","Backflip"],"picked":"Footwork","floor":10},{"not_picked":["Dagger Throw","Evolve","Shrug It Off"],"picked":"SKIP","floor":13},{"not_picked":["Adrenaline","Phantasmal Killer"],"picked":"Barricade","floor":16},{"not_picked":["Ball Lightning","Backflip","Gash+1"],"picked":"SKIP","floor":18},{"not_picked":["Compile Driver","Power Through+1"],"picked":"Conserve Battery+1","floor":19},{"not_picked":["Shrug It Off","Skim"],"picked":"Self Repair+1","floor":20},{"not_picked":["Turbo","Ball Lightning"],"picked":"Heavy Blade+1","floor":21},{"not_picked":["Coolheaded","Impervious"],"picked":"Capacitor+1","floor":22},{"not_picked":["Consume+1","Spot Weakness"],"picked":"Blade Dance+1","floor":23},{"not_picked":["Whirlwind","Slice"],"picked":"Well Laid Plans","floor":25},{"not_picked":["Skewer","Armaments+1","Double Energy"],"picked":"SKIP","floor":28},{"not_picked":["Gash","Storm","Double Energy"],"picked":"SKIP","floor":30},{"not_picked":["Beam Cell+1","Slice"],"picked":"Dagger Spray","floor":35},{"not_picked":["Searing Blow","Flex","Dodge and Roll"],"picked":"SKIP","floor":36},{"not_picked":["Burning Pact+1","Bloodletting"],"picked":"Accuracy","floor":37},{"not_picked":["Iron Wave+1","Power Through","Second Wind+1"],"picked":"SKIP","floor":38},{"not_picked":["Cloak And Dagger+1","Lockon+1","Ball Lightning"],"picked":"SKIP","floor":39}],"player_experience":708687,"relics_obtained":[{"floor":6,"key":"Blue Candle"},{"floor":9,"key":"Pen Nib"},{"floor":10,"key":"Bottled Flame"},{"floor":23,"key":"Anchor"},{"floor":26,"key":"Matryoshka"},{"floor":28,"key":"Letter Opener"}],"event_choices":[{"cards_removed":["Strike_B"],"damage_healed":0,"gold_gain":0,"player_choice":"Forget","damage_taken":0,"max_hp_gain":0,"max_hp_loss":0,"event_name":"Living Wall","floor":2,"gold_loss":0},{"damage_healed":0,"gold_gain":175,"player_choice":"AGREE","damage_taken":0,"max_hp_gain":0,"max_hp_loss":0,"event_name":"Liars Game","floor":11,"gold_loss":0,"cards_obtained":["Doubt"]},{"cards_removed":["Strike_B"],"damage_healed":0,"gold_gain":0,"player_choice":"Card Removal","damage_taken":7,"max_hp_gain":0,"max_hp_loss":0,"event_name":"Golden Wing","floor":14,"gold_loss":0},{"cards_removed":["Regret"],"damage_healed":0,"gold_gain":0,"player_choice":"Gave Gold","damage_taken":0,"max_hp_gain":0,"max_hp_loss":0,"event_name":"Beggar","floor":31,"gold_loss":75}],"is_beta":false,"boss_relics":[{"not_picked":["Busted Crown","Empty Cage"],"picked":"Nuclear Battery"},{"not_picked":["Velvet Choker","Coffee Dripper"],"picked":"Black Star"}],"items_purged_floors":[],"is_endless":false,"potions_floor_spawned":[1,4,5,6,10,19,20,23,25,36,37,39],"killed_by":"Giant Head","ascension_level":0}