{"path_per_floor":["M","M","M","M","M","E","$","E","T","R","M","M","E","M","R","B",null,"M","?","$","M","M","E","R","E","T","E","M","E","M","$","R","B",null,"M","?","M","$","?","E","M","E","T","R","?","E","$","M","R","B"],"character_chosen":"DEFECT","items_purchased":["Capacitor","Force Field","Melter","Storm","Ice Cream","Capacitor","Sundial"],"gold_per_floor":[115,127,142,161,177,211,61,93,93,93,77,92,125,137,137,232,232,250,250,137,152,163,193,193,228,306,333,348,374,384,202,202,298,298,318,318,334,38,88,421,439,469,469,469,469,498,17,28,28,28],"floor_reached":51,"campfire_rested":2,"playtime":3147,"item_purchase_floors":[7,7,20,31,38,47,47],"current_hp_per_floor":[73,73,72,70,67,50,50,33,33,55,46,46,49,40,40,33,75,75,75,75,52,38,38,38,63,63,42,31,41,42,42,66,71,82,70,70,82,82,53,61,81,52,52,52,52,72,72,72,72,72],"items_purged":["Strike_B","Strike_B","Strike_B"],"gold":28,"score":970,"play_id":"70825342-eb8b-4ea4-9f27-0945b02e8a7e","local_time":"20180623025633","is_prod":false,"is_daily":false,"chose_seed":false,"is_ascension_mode":true,"campfire_upgraded":4,"win_rate":0,"timestamp":1529715393,"campfire_choices":[{"floor":10,"key":"REST"},{"data":"Storm","floor":15,"key":"SMITH"},{"data":"Self Repair","floor":24,"key":"SMITH"},{"floor":32,"key":"REST"},{"data":"Buffer","floor":44,"key":"SMITH"},{"data":"Storm","floor":49,"key":"SMITH"}],"path_taken":["M","M","M","M","M","E","$","E","T","R","M","M","E","M","R","BOSS","M","?","$","M","M","E","R","E","T","E","?","E","M","$","R","BOSS","M","?","M","$","?","E","M","E","T","R","?","E","$","M","R","BOSS"],"build_version":"2018-06-21","seed_source_timestamp":6562105584128,"purchased_purges":3,"circlet_count":0,"victory":true,"master_deck":["Defend_B","Defend_B","Defend_B","Defend_B","Zap","Dualcast","Defragment","Auto Shields","Defragment","Skim","White Noise","Capacitor","Force Field","BootSequence","Static Discharge","Streamline","Storm+1","Amplify","Defragment+1","Melter","Loop","Self Repair+1","Glacier","Chill","Buffer+1","Storm","Seek","Force Field+1","Lockon+1","Chill+1","Storm+1","Thunder Strike","Static Discharge","Buffer","Double Energy+1","Amplify+1","Capacitor","BootSequence+1"],"max_hp_per_floor":[75,75,75,75,75,75,75,75,75,75,75,75,75,75,75,75,75,75,75,75,75,75,75,75,82,82,82,82,82,82,82,82,82,82,82,82,82,82,82,82,82,82,82,82,82,82,82,82,82,82],"relics":["Cracked Core","Pen Nib","Prayer Wheel","Meat on the Bone","Gambling Chip","Inserter","Gremlin Horn","Strawberry","Cables","Orichalcum","Toxic Egg 2","Runic Pyramid","Ice Cream","Incense Burner","Old Coin","Lantern","Bottled Flame","Question Card","Sundial"],"card_choices":[{"not_picked":["Auto Shields","Chaos"],"picked":"Defragment","floor":1},{"not_picked":["Stack","Ball Lightning"],"picked":"Auto Shields","floor":2},{"not_picked":["Sweeping Beam","Recycle","Steam Power"],"picked":"SKIP","floor":3},{"not_picked":["Beam Cell","Heatsinks"],"picked":"Defragment","floor":4},{"not_picked":["Sweeping Beam","Coolheaded"],"picked":"Skim","floor":5},{"not_picked":["Thunder Strike","Coolheaded"],"picked":"White Noise","floor":6},{"not_picked":["Go for the Eyes","Barrage","Coolheaded"],"picked":"SKIP","floor":8},{"not_picked":["Aggregate","Stack","Turbo"],"picked":"SKIP","floor":11},{"not_picked":["Doom and Gloom","Compile Driver","Hologram"],"picked":"SKIP","floor":11},{"not_picked":["FTL","Turbo"],"picked":"BootSequence","floor":12},{"not_picked":["Gash","Aggregate","Seek"],"picked":"SKIP","floor":12},{"not_picked":["Glacier","Stack"],"picked":"Static Discharge","floor":13},{"not_picked":["Compile Driver","Rip and Tear"],"picked":"Streamline","floor":14},{"not_picked":["Coolheaded","Gash"],"picked":"Storm","floor":14},{"not_picked":["Fission","Rainbow"],"picked":"Amplify","floor":16},{"not_picked":["Conserve Battery","Turbo+1"],"picked":"Defragment+1","floor":18},{"not_picked":["Conserve Battery","Gash+1","Undo"],"picked":"SKIP","floor":18},{"not_picked":["Skim+1","Fusion"],"picked":"Loop","floor":21},{"not_picked":["Barrage+1","Coolheaded"],"picked":"Self Repair","floor":21},{"not_picked":["Sweeping Beam+1","Hello World"],"picked":"Glacier","floor":22},{"not_picked":["Darkness","Sweeping Beam","Go for the Eyes"],"picked":"SKIP","floor":22},{"not_picked":["Ball Lightning","Conserve Battery"],"picked":"Chill","floor":23},{"not_picked":["Fusion","Loop"],"picked":"Buffer","floor":25},{"not_picked":["Rip and Tear","Cold Snap"],"picked":"Storm","floor":27},{"not_picked":["Go for the Eyes+1","Redo"],"picked":"Seek","floor":28},{"not_picked":["Doom and Gloom","Coolheaded"],"picked":"Force Field+1","floor":28},{"not_picked":["Skim+1","Streamline"],"picked":"Lockon+1","floor":29},{"not_picked":["Coolheaded+1","Ball Lightning"],"picked":"Chill+1","floor":30},{"not_picked":["Doom and Gloom","Rebound","Recycle+1"],"picked":"SKIP","floor":30},{"not_picked":["Hyperbeam","Machine Learning"],"picked":"Thunder Strike","floor":33},{"not_picked":["Doom and Gloom","Coolheaded+1","Rip and Tear"],"picked":"SKIP","floor":35},{"not_picked":["Compile Driver","Go for the Eyes","Steam Power+1"],"picked":"SKIP","floor":35},{"not_picked":["Cold Snap","Conserve Battery+1"],"picked":"Static Discharge","floor":37},{"not_picked":["Hologram+1","Cold Snap+1"],"picked":"Buffer","floor":37},{"not_picked":["Chaos+1","Steam+1"],"picked":"Double Energy+1","floor":40},{"not_picked":["Leap+1","Hologram+1","Glacier+1"],"picked":"SKIP","floor":41},{"not_picked":["Conserve Battery+1","Steam+1","Chaos+1"],"picked":"SKIP","floor":41},{"not_picked":["Compile Driver+1","Barrage","Chaos+1"],"picked":"SKIP","floor":42},{"not_picked":["Storm","Blizzard"],"picked":"Amplify+1","floor":46},{"not_picked":["Aggregate+1","Streamline+1","Turbo+1"],"picked":"BootSequence+1","floor":48},{"not_picked":["Barrage+1","Turbo+1","Hello World+1","Hologram+1"],"picked":"SKIP","floor":48}],"player_experience":410436,"potions_floor_usage":[8,13,14,16,22,28,30,39,50,50,50],"damage_taken":[{"damage":2,"enemies":"Jaw Worm","floor":1,"turns":4},{"damage":0,"enemies":"2 Louse","floor":2,"turns":2},{"damage":1,"enemies":"Cultist","floor":3,"turns":5},{"damage":2,"enemies":"Looter","floor":4,"turns":4},{"damage":3,"enemies":"Red Slaver","floor":5,"turns":3},{"damage":17,"enemies":"3 Sentries","floor":6,"turns":8},{"damage":17,"enemies":"Lagavulin","floor":8,"turns":8},{"damage":21,"enemies":"Exordium Thugs","floor":11,"turns":5},{"damage":12,"enemies":"Looter","floor":12,"turns":4},{"damage":9,"enemies":"3 Sentries","floor":13,"turns":8},{"damage":28,"enemies":"Large Slime","floor":14,"turns":5},{"damage":19,"enemies":"Hexaghost","floor":16,"turns":7},{"damage":0,"enemies":"Chosen","floor":18,"turns":4},{"damage":23,"enemies":"2 Thieves","floor":21,"turns":3},{"damage":26,"enemies":"Snecko","floor":22,"turns":4},{"damage":19,"enemies":"Gremlin Leader","floor":23,"turns":5},{"damage":4,"enemies":"Book of Stabbing","floor":25,"turns":5},{"damage":21,"enemies":"Gremlin Leader","floor":27,"turns":6},{"damage":23,"enemies":"Snake Plant","floor":28,"turns":2},{"damage":2,"enemies":"Book of Stabbing","floor":29,"turns":4},{"damage":26,"enemies":"Centurion and Healer","floor":30,"turns":6},{"damage":5,"enemies":"Champ","floor":33,"turns":5},{"damage":22,"enemies":"3 Darklings","floor":35,"turns":5},{"damage":8,"enemies":"Orb Walker","floor":37,"turns":3},{"damage":29,"floor":39,"turns":5},{"damage":14,"enemies":"Giant Head","floor":40,"turns":7},{"damage":0,"enemies":"Sphere and 2 Shapes","floor":41,"turns":4},{"damage":65,"enemies":"2 Orb Walkers","floor":42,"turns":5},{"damage":0,"enemies":"Giant Head","floor":46,"turns":6},{"damage":0,"enemies":"4 Shapes","floor":48,"turns":2},{"damage":32,"enemies":"Time Eater","floor":50,"turns":7}],"relics_obtained":[{"floor":6,"key":"Pen Nib"},{"floor":8,"key":"Prayer Wheel"},{"floor":9,"key":"Meat on the Bone"},{"floor":13,"key":"Gambling Chip"},{"floor":23,"key":"Gremlin Horn"},{"floor":25,"key":"Strawberry"},{"floor":26,"key":"Cables"},{"floor":27,"key":"Orichalcum"},{"floor":29,"key":"Toxic Egg 2"},{"floor":39,"key":"Incense Burner"},{"floor":40,"key":"Old Coin"},{"floor":42,"key":"Lantern"},{"floor":43,"key":"Bottled Flame"},{"floor":46,"key":"Question Card"}],"event_choices":[{"event_name":"Ghosts","player_choice":"Ignored","floor":19,"damage_taken":0},{"event_name":"The Woman in Blue","player_choice":"Bought 0 Potions","floor":36,"damage_taken":0},{"event_name":"Mysterious Sphere","player_choice":"Fight","floor":39,"damage_taken":0},{"event_name":"Falling","player_choice":"Removed Attack","floor":45,"damage_taken":0}],"boss_relics":[{"not_picked":["Snecko Eye","Busted Crown"],"picked":"Inserter"},{"not_picked":["Black Star","Eternal Feather"],"picked":"Runic Pyramid"}],"items_purged_floors":[20,31,47],"is_endless":false,"potions_floor_spawned":[1,6,11,13,14,21,25,27,28,30,37,39,41,48],"seed_played":"-2424476550843175001","ascension_level":2,"potions_obtained":[{"floor":1,"key":"Strength Potion"},{"floor":6,"key":"Poison Potion"},{"floor":11,"key":"Fire Potion"},{"floor":13,"key":"PowerPotion"},{"floor":14,"key":"PowerPotion"},{"floor":21,"key":"Weak Potion"},{"floor":25,"key":"Dexterity Potion"},{"floor":27,"key":"Explosive Potion"},{"floor":28,"key":"Regen Potion"},{"floor":30,"key":"Dexterity Potion"},{"floor":37,"key":"Poison Potion"},{"floor":39,"key":"Strength Potion"}],"is_trial":false}