{"gold_per_floor":[109,109,109,120,132,132,132,150,150,150,170,170,198,198,198,321,384,404,418,300,313,238,238,251,251],"floor_reached":25,"playtime":905,"items_purged":["Strike_R"],"score":241,"play_id":"3333882a-122a-4904-943e-a80c2684dc41","local_time":"20180806022054","is_ascension_mode":true,"campfire_choices":[{"data":"Headbutt","floor":6,"key":"SMITH"},{"data":"Rampage","floor":10,"key":"SMITH"},{"data":"Whirlwind","floor":12,"key":"SMITH"},{"floor":15,"key":"REST"},{"floor":23,"key":"REST"}],"neow_cost":"NONE","seed_source_timestamp":366989804418332,"circlet_count":0,"master_deck":["Strike_R+1","Strike_R","Defend_R","Defend_R","Defend_R","Defend_R+1","Bash+1","Headbutt+1","Rampage+1","Whirlwind+1","Body Slam","Limit Break","Iron Wave","Shrug It Off","Iron Wave","Evolve"],"relics":["Burning Blood","The Courier","Golden Idol","Red Skull","Odd Mushroom","Tiny House"],"potions_floor_usage":[16,21,25,25,25],"damage_taken":[{"damage":7,"enemies":"2 Louse","floor":1,"turns":3},{"damage":0,"enemies":"Small Slimes","floor":4,"turns":3},{"damage":6,"enemies":"Jaw Worm","floor":5,"turns":5},{"damage":5,"enemies":"Exordium Wildlife","floor":8,"turns":5},{"damage":7,"enemies":"2 Fungi Beasts","floor":11,"turns":3},{"damage":0,"floor":13,"turns":2},{"damage":27,"enemies":"Hexaghost","floor":16,"turns":9},{"damage":5,"enemies":"Chosen","floor":18,"turns":6},{"damage":41,"enemies":"Shell Parasite","floor":19,"turns":9},{"damage":43,"enemies":"Centurion and Healer","floor":21,"turns":6},{"damage":43,"enemies":"Sentry and Sphere","floor":24,"turns":6},{"damage":13,"enemies":"Snake Plant","floor":25,"turns":4}],"seed_played":"-2626287002786061883","potions_obtained":[{"floor":4,"key":"SkillPotion"},{"floor":11,"key":"GamblersBrew"},{"floor":16,"key":"Ancient Potion"},{"floor":17,"key":"SteroidPotion"},{"floor":18,"key":"Regen Potion"},{"floor":24,"key":"SpeedPotion"}],"is_trial":false,"path_per_floor":["M","?","?","M","M","R","?","M","T","R","M","R","?","?","R","B",null,"M","M","$","M","?","R","M"],"character_chosen":"IRONCLAD","items_purchased":["Evolve"],"campfire_rested":2,"item_purchase_floors":[20],"current_hp_per_floor":[79,63,51,57,57,57,37,38,38,38,37,37,43,43,67,46,77,78,43,43,20,20,45,8,0],"gold":251,"neow_bonus":"REMOVE_CARD","is_prod":false,"is_daily":false,"chose_seed":false,"campfire_upgraded":3,"win_rate":0,"timestamp":1533514854,"path_taken":["M","?","?","M","M","R","?","M","T","R","?","R","?","?","R","BOSS","M","M","$","M","?","R","?","M"],"build_version":"2018-08-02","purchased_purges":1,"victory":false,"max_hp_per_floor":[80,80,80,80,80,80,80,80,80,80,80,80,80,80,80,80,85,85,85,85,85,85,85,85,85],"card_choices":[{"not_picked":["Anger","Searing Blow","Sever Soul"],"picked":"SKIP","floor":1},{"not_picked":["Combust","Rupture"],"picked":"Headbutt","floor":4},{"not_picked":["Warcry","Burning Pact","Power Through"],"picked":"SKIP","floor":5},{"not_picked":["Twin Strike","Inflame"],"picked":"Rampage","floor":8},{"not_picked":["Hemokinesis","Entrench"],"picked":"Whirlwind","floor":11},{"not_picked":["Clothesline","Iron Wave"],"picked":"Body Slam","floor":13},{"not_picked":["Immolate","Double Tap"],"picked":"Limit Break","floor":16},{"not_picked":["Havoc","Headbutt"],"picked":"Iron Wave","floor":17},{"not_picked":["Havoc+1","Flex"],"picked":"Shrug It Off","floor":18},{"not_picked":["Entrench","Havoc+1"],"picked":"Iron Wave","floor":19},{"not_picked":["Thunderclap+1","Dark Embrace","Sever Soul"],"picked":"SKIP","floor":21},{"not_picked":["Burning Pact","Infernal Blade","Rage"],"picked":"SKIP","floor":24}],"player_experience":500018,"relics_obtained":[{"floor":9,"key":"Red Skull"},{"floor":13,"key":"Odd Mushroom"}],"event_choices":[{"event_name":"Shining Light","player_choice":"Entered Light","floor":2,"damage_taken":0},{"event_name":"Scrap Ooze","player_choice":"success","floor":3,"damage_taken":12},{"event_name":"Golden Idol","player_choice":"Take Damage","floor":7,"damage_taken":0},{"event_name":"Mushrooms","player_choice":"Fought Mushrooms","floor":13,"damage_taken":0},{"event_name":"Liars Game","player_choice":"disagreed","floor":14,"damage_taken":0},{"event_name":"Beggar","player_choice":"Gave Gold","floor":22,"damage_taken":0}],"is_beta":false,"boss_relics":[{"not_picked":["Busted Crown","Snecko Eye"],"picked":"Tiny House"}],"items_purged_floors":[20],"is_endless":false,"potions_floor_spawned":[4,11,16,18,24],"killed_by":"Snake Plant","ascension_level":5}