{"gold_per_floor":[110,110,110,123,136,136,162,184,248,260,272,284,296,323,335,448,460,489,501,428,454,466,478,490,517,611,642,654,686,226,237,237,335,335,347,360,360,24,37,37,37,65,116,126,226,261,261,279,279,279,279,279,81,110,110],"floor_reached":55,"playtime":2323,"items_purged":["Strike_B+1"],"score":757,"play_id":"ed16c2f0-9d91-47d2-8d4c-48a6682150d5","local_time":"20181212164247","is_ascension_mode":false,"campfire_choices":[{"data":"Zap","floor":6,"key":"SMITH"},{"floor":12,"key":"REST"},{"data":"Creative AI","floor":15,"key":"SMITH"},{"data":"Dualcast","floor":24,"key":"SMITH"},{"data":"BootSequence","floor":32,"key":"SMITH"},{"data":"Hologram","floor":40,"key":"SMITH"},{"floor":47,"key":"RECALL"},{"floor":49,"key":"REST"},{"data":"Conserve Battery","floor":52,"key":"SMITH"}],"neow_cost":"NONE","seed_source_timestamp":27268343922800,"circlet_count":0,"master_deck":["Strike_B+1","Defend_B+1","Defend_B+1","Defend_B+1","Defend_B+1","Zap+1","Dualcast+1","Creative AI+1","BootSequence+1","Self Repair+1","Conserve Battery+1","Echo Form+1","Storm+1","Echo Form+1","Static Discharge+1","Steam","BootSequence","Hologram+1","Loop+1","Defragment+1","Amplify","Turbo","Chill","Defragment+1","Conserve Battery+1","Stack+1","Auto Shields","Stack","Double Energy+1","Parasite","Stack+1","Conserve Battery+1","Storm+1"],"relics":["Cracked Core","Frozen Egg 2","MawBank","Anchor","Busted Crown","Ginger","MutagenicStrength","Tiny Chest","Turnip","Inserter","Bottled Tornado","Bag of Preparation","Dream Catcher","Pocketwatch","Singing Bowl","Bronze Scales","Girya"],"potions_floor_usage":[7,16,33,48,48,48,55,55],"damage_taken":[{"damage":1,"enemies":"Jaw Worm","floor":1,"turns":3},{"damage":0,"enemies":"Small Slimes","floor":4,"turns":3},{"damage":0,"enemies":"2 Louse","floor":5,"turns":2},{"damage":41,"enemies":"Gremlin Nob","floor":7,"turns":5},{"damage":4,"enemies":"Blue Slaver","floor":8,"turns":4},{"damage":0,"enemies":"Exordium Wildlife","floor":14,"turns":3},{"damage":22,"enemies":"The Guardian","floor":16,"turns":8},{"damage":11,"enemies":"2 Thieves","floor":18,"turns":4},{"damage":0,"enemies":"Shell Parasite","floor":21,"turns":5},{"damage":18,"enemies":"3 Cultists","floor":25,"turns":4},{"damage":15,"enemies":"Cultist and Chosen","floor":27,"turns":5},{"damage":4,"enemies":"Shelled Parasite and Fungi","floor":29,"turns":5},{"damage":18,"enemies":"Chosen and Byrds","floor":31,"turns":3},{"damage":22,"enemies":"Automaton","floor":33,"turns":5},{"damage":10,"enemies":"3 Shapes","floor":35,"turns":3},{"damage":4,"enemies":"Orb Walker","floor":36,"turns":4},{"damage":16,"enemies":"Jaw Worm Horde","floor":39,"turns":5},{"damage":14,"enemies":"Giant Head","floor":42,"turns":7},{"damage":4,"enemies":"Transient","floor":44,"turns":5},{"damage":0,"enemies":"Mind Bloom Boss Battle","floor":45,"turns":4},{"damage":64,"enemies":"Reptomancer","floor":46,"turns":6},{"damage":0,"enemies":"Writhing Mass","floor":48,"turns":5},{"damage":37,"enemies":"Time Eater","floor":50,"turns":10},{"damage":49,"enemies":"Shield and Spear","floor":54,"turns":4},{"damage":33,"enemies":"The Heart","floor":55,"turns":6}],"seed_played":"-604154369959251011","potions_obtained":[{"floor":5,"key":"AttackPotion"},{"floor":7,"key":"SteroidPotion"},{"floor":8,"key":"Swift Potion"},{"floor":21,"key":"FocusPotion"},{"floor":25,"key":"Strength Potion"},{"floor":27,"key":"EntropicBrew"},{"floor":36,"key":"SneckoOil"},{"floor":54,"key":"Block Potion"}],"is_trial":false,"path_per_floor":["M","?","?","M","M","R","E","M","T","?","T","R","?","M","R","B",null,"M","?","?","M","?","?","R","M","T","M","?","M","$","M","R","B",null,"M","M","?","$","M","R","$","E","T","M","?","E","R","M","R","B",null,"R","$","E","B"],"character_chosen":"DEFECT","items_purchased":["Turnip","Hologram","Loop+1","Bottled Tornado","Defragment+1","Conserve Battery","Bronze Scales","Storm+1"],"campfire_rested":2,"item_purchase_floors":[30,30,30,38,38,38,53,53],"current_hp_per_floor":[74,59,41,41,51,51,20,26,26,26,26,48,48,48,48,26,75,64,64,64,74,74,74,74,66,66,71,71,75,75,57,57,55,75,75,71,71,71,75,75,75,75,75,75,75,23,23,33,56,19,77,77,77,30,0],"gold":110,"neow_bonus":"TRANSFORM_CARD","is_prod":false,"is_daily":false,"chose_seed":false,"campfire_upgraded":6,"win_rate":0,"timestamp":1544629367,"path_taken":["M","?","?","M","M","R","E","M","T","?","?","R","?","M","R","BOSS","M","?","?","M","?","?","R","M","T","M","?","?","$","M","R","BOSS","M","M","?","$","M","R","?","E","T","?","?","E","R","M","R","BOSS","R","$","E","BOSS"],"build_version":"2018-12-06","purchased_purges":1,"victory":false,"max_hp_per_floor":[75,75,75,75,75,75,75,75,75,75,75,75,75,75,75,75,75,75,75,75,75,75,75,75,75,75,75,75,75,75,75,75,75,75,75,75,75,75,75,75,75,75,75,75,75,77,77,77,77,77,77,77,77,79,79],"card_choices":[{"not_picked":["Redo","Beam Cell"],"picked":"BootSequence","floor":1},{"not_picked":["Stack","Lockon"],"picked":"Self Repair+1","floor":4},{"not_picked":["Compile Driver","Coolheaded"],"picked":"Conserve Battery","floor":5},{"not_picked":["Leap","Steam"],"picked":"Echo Form+1","floor":7},{"not_picked":["Stack","Reprogram","Skim"],"picked":"SKIP","floor":8},{"not_picked":["Lockon","Defragment+1"],"picked":"Storm+1","floor":14},{"not_picked":["Creative AI+1","Thunder Strike"],"picked":"Echo Form+1","floor":16},{"not_picked":["Stack"],"picked":"SKIP","floor":18},{"not_picked":["Scrape"],"picked":"SKIP","floor":21},{"not_picked":[],"picked":"Steam","floor":25},{"not_picked":[],"picked":"BootSequence","floor":27},{"not_picked":["Blizzard"],"picked":"SKIP","floor":29},{"not_picked":[],"picked":"Defragment+1","floor":31},{"not_picked":[],"picked":"Amplify","floor":33},{"not_picked":[],"picked":"Turbo","floor":35},{"not_picked":[],"picked":"Chill","floor":36},{"not_picked":[],"picked":"Stack+1","floor":39},{"not_picked":[],"picked":"Auto Shields","floor":42},{"not_picked":[],"picked":"Stack","floor":44},{"not_picked":[],"picked":"Double Energy+1","floor":45},{"not_picked":["Sweeping Beam+1"],"picked":"Singing Bowl","floor":46},{"not_picked":[],"picked":"Stack+1","floor":48},{"not_picked":[],"picked":"Conserve Battery+1","floor":49},{"not_picked":["Compile Driver+1"],"picked":"Singing Bowl","floor":54}],"player_experience":243185,"relics_obtained":[{"floor":7,"key":"MawBank"},{"floor":11,"key":"Anchor"},{"floor":26,"key":"Tiny Chest"},{"floor":42,"key":"Bag of Preparation"},{"floor":43,"key":"Dream Catcher"},{"floor":45,"key":"Pocketwatch"},{"floor":46,"key":"Singing Bowl"},{"floor":54,"key":"Girya"}],"event_choices":[{"damage_healed":0,"gold_gain":0,"player_choice":"Entered Light","damage_taken":15,"max_hp_gain":0,"max_hp_loss":0,"event_name":"Shining Light","floor":2,"gold_loss":0,"cards_upgraded":["Strike_B","Defend_B"]},{"damage_healed":0,"gold_gain":0,"player_choice":"Success","damage_taken":18,"relics_obtained":["Frozen Egg 2"],"max_hp_gain":0,"max_hp_loss":0,"event_name":"Scrap Ooze","floor":3,"gold_loss":0},{"damage_healed":0,"gold_gain":0,"player_choice":"Grow","damage_taken":0,"max_hp_gain":0,"max_hp_loss":0,"event_name":"Living Wall","floor":10,"gold_loss":0,"cards_upgraded":["Conserve Battery"]},{"damage_healed":0,"gold_gain":0,"player_choice":"Ignored","damage_taken":0,"max_hp_gain":0,"max_hp_loss":0,"event_name":"Liars Game","floor":13,"gold_loss":0},{"damage_healed":0,"gold_gain":0,"player_choice":"Ignored","damage_taken":0,"max_hp_gain":0,"max_hp_loss":0,"event_name":"Vampires","floor":19,"gold_loss":0},{"damage_healed":0,"gold_gain":0,"player_choice":"Obtained Relic","damage_taken":0,"relics_obtained":["Ginger"],"max_hp_gain":0,"max_hp_loss":0,"event_name":"Addict","floor":20,"gold_loss":85},{"damage_healed":0,"gold_gain":0,"player_choice":"Read","damage_taken":0,"max_hp_gain":0,"max_hp_loss":0,"event_name":"The Library","floor":22,"gold_loss":0,"cards_obtained":["Static Discharge"]},{"damage_healed":0,"gold_gain":0,"player_choice":"Inject Mutagens","damage_taken":0,"relics_obtained":["MutagenicStrength"],"max_hp_gain":0,"max_hp_loss":0,"event_name":"Drug Dealer","floor":23,"gold_loss":0},{"damage_healed":0,"gold_gain":0,"player_choice":"Simplicity","damage_taken":0,"max_hp_gain":0,"max_hp_loss":0,"event_name":"Back to Basics","floor":28,"gold_loss":0,"cards_upgraded":["Strike_B","Strike_B","Defend_B","Defend_B","Defend_B"]},{"cards_removed":["Strike_B"],"damage_healed":0,"gold_gain":0,"player_choice":"Removed Attack","damage_taken":0,"max_hp_gain":0,"max_hp_loss":0,"event_name":"Falling","floor":37,"gold_loss":0},{"damage_healed":0,"gold_gain":0,"player_choice":"Fight","damage_taken":0,"max_hp_gain":0,"max_hp_loss":0,"event_name":"MindBloom","floor":45,"gold_loss":0}],"is_beta":false,"boss_relics":[{"not_picked":["Runic Pyramid","Empty Cage"],"picked":"Busted Crown"},{"not_picked":["White Beast Statue","Eternal Feather"],"picked":"Inserter"}],"items_purged_floors":[30],"is_endless":false,"potions_floor_spawned":[5,7,8,21,25,27,31,36,44,45,54],"killed_by":"The Heart","ascension_level":0}