{"path_per_floor":["M","?","?","?","?","R","M","R","T","M","R","M","M","M","R","B",null,"M","?","M","?"],"character_chosen":"IRONCLAD","items_purchased":[],"gold_per_floor":[118,118,118,118,118,118,136,136,136,149,149,167,180,192,192,293,323,338,338,357,357],"floor_reached":22,"campfire_rested":0,"playtime":1248,"current_hp_per_floor":[79,79,72,72,56,56,58,58,58,58,58,64,65,63,63,56,85,52,52,63,63],"items_purged":[],"gold":357,"score":176,"play_id":"fca2ad0a-cb70-4f01-a822-37be1b64f7d6","is_prod":false,"is_daily":false,"is_ascension_mode":false,"campfire_upgraded":4,"path_taken":["M","?","?","?","?","R","M","R","T","M","R","M","M","?","R","BOSS","M","?","M","?","M"],"build_version":"2018-02-15-PROD1","purchased_purges":0,"victory":false,"master_deck":["Strike_R","Strike_R","Strike_R+1","Defend_R","Defend_R","Defend_R","Defend_R","Bash+1","Body Slam+1","Spot Weakness+1","Normality","Armaments","Flame Barrier+1","Iron Wave+1","Feel No Pain","Juggernaut+1","Demon Form","Warcry","Clash","Bludgeon","Shockwave","Shrug It Off"],"max_hp_per_floor":[80,80,80,80,80,80,80,80,80,80,80,80,80,80,80,80,85,85,85,85,85],"relics":["Burning Blood","Vajra","Bag of Marbles","Tiny House"],"card_choices":[{"not_picked":["Warcry","Sentinel"],"picked":"Body Slam"},{"not_picked":["Headbutt","Disarm"],"picked":"Spot Weakness"},{"not_picked":["Sentinel","Perfected Strike"],"picked":"Flame Barrier"},{"not_picked":["Sever Soul","Combust"],"picked":"Iron Wave"},{"not_picked":["Corruption","Second Wind"],"picked":"Feel No Pain"},{"not_picked":["Iron Wave","Shrug It Off"],"picked":"Juggernaut"},{"not_picked":["Bludgeon","Impervious"],"picked":"Demon Form"},{"not_picked":["Pommel Strike","Wild Strike"],"picked":"Warcry"}],"player_experience":95305,"potions_floor_usage":[16,20,22],"damage_taken":[{"damage":7,"enemies":"2 Louse","floor":1,"turns":3},{"damage":4,"enemies":"Cultist","floor":7,"turns":4},{"damage":6,"enemies":"Jaw Worm","floor":10,"turns":2},{"damage":0,"enemies":"Blue Slaver","floor":12,"turns":3},{"damage":5,"enemies":"Looter","floor":13,"turns":3},{"damage":8,"enemies":"Red Slaver","floor":14,"turns":3},{"damage":13,"enemies":"Slime Boss","floor":16,"turns":8},{"damage":39,"enemies":"2 Thieves","floor":18,"turns":5},{"damage":10,"enemies":"3 Byrds","floor":20,"turns":6},{"damage":88,"enemies":"3 Cultists","floor":22,"turns":6}],"event_choices":[{"event_name":"Accursed Blacksmith","player_choice":"Rummage","floor":2,"damage_taken":0},{"event_name":"Golden Wing","player_choice":"Card Removal","floor":3,"damage_taken":0},{"event_name":"Transmorgrifier","player_choice":"Transform","floor":4,"damage_taken":0},{"event_name":"Shining Light","player_choice":"Entered Light","floor":5,"damage_taken":0},{"event_name":"Match and Keep!","player_choice":"3 cards matched","floor":19,"damage_taken":0},{"event_name":"The Library","player_choice":"Read","floor":21,"damage_taken":0}],"boss_relics":[{"not_picked":["Runic Dome","Velvet Choker"],"picked":"Tiny House"}],"potions_floor_spawned":[1,12,16,18],"seed_played":"-8998076143037289988","killed_by":"3 Cultists","ascension_level":0,"is_trial":false}