{"path_per_floor":["M","$","M","?","?","R","M","R","T","R","?","M","E","M","R","B",null,"M","$","?","?","M","R","M","M","T","$","R","?","M","?","R"],"character_chosen":"IRONCLAD","items_purchased":["Juzu Bracelet","Flex","Flex","Bottled Flame"],"gold_per_floor":[366,83,100,100,275,275,286,286,311,311,311,329,364,376,376,481,481,481,354,354,269,269,269,269,269,269,25,25,25,25,25,25],"floor_reached":33,"campfire_rested":0,"playtime":1405,"current_hp_per_floor":[78,77,77,82,82,82,76,76,76,76,69,64,52,44,44,9,82,84,84,84,84,85,85,88,65,65,65,65,48,47,47,47],"items_purged":["Parasite","Defend_R"],"gold":25,"score":270,"play_id":"182e9fdc-9b50-4daa-8085-b4f31ec9691b","local_time":"20180321211100","is_prod":false,"is_daily":false,"is_ascension_mode":false,"campfire_upgraded":7,"timestamp":1521681060,"path_taken":["M","$","M","?","?","R","M","R","T","R","?","M","E","M","R","BOSS","M","$","?","?","M","R","M","M","T","$","R","?","M","?","R","BOSS"],"build_version":"2018-03-15v3","purchased_purges":2,"victory":false,"master_deck":["Strike_R","Strike_R","Strike_R","Strike_R","Strike_R","Defend_R","Defend_R","Defend_R","Bash","Hemokinesis+1","Flex+1","Rupture+1","Sword Boomerang+1","Whirlwind+1","Bloodletting+1","Feed","Flex+1","Seeing Red+1","Warcry+1"],"max_hp_per_floor":[80,77,77,82,82,82,82,82,82,82,82,82,82,82,82,82,82,85,85,85,85,85,85,88,88,88,88,88,93,96,96,96],"relics":["Burning Blood","Juzu Bracelet","Bronze Scales","Pantograph","Ectoplasm","Darkstone Periapt","Pen Nib","Bag of Preparation","Bottled Flame"],"card_choices":[{"not_picked":["Warcry","Pommel Strike"],"picked":"Hemokinesis"},{"not_picked":["Havoc","Wild Strike"],"picked":"Rupture"},{"not_picked":["Clothesline","Entrench"],"picked":"Sword Boomerang"},{"not_picked":["Rupture","Disarm"],"picked":"Whirlwind"},{"not_picked":["Sword Boomerang","Thunderclap"],"picked":"Bloodletting"},{"not_picked":["Exhume","Fiend Fire"],"picked":"Feed"},{"not_picked":["Carnage","Rupture"],"picked":"Seeing Red"},{"not_picked":["Thunderclap","Sever Soul"],"picked":"Warcry"}],"player_experience":152451,"potions_floor_usage":[13,13,22,25,30,33],"damage_taken":[{"damage":8,"enemies":"Small Slimes","floor":1,"turns":3},{"damage":6,"enemies":"Jaw Worm","floor":3,"turns":3},{"damage":12,"enemies":"Cultist","floor":7,"turns":4},{"damage":11,"enemies":"2 Fungi Beasts","floor":12,"turns":2},{"damage":18,"enemies":"Lagavulin","floor":13,"turns":6},{"damage":14,"enemies":"Blue Slaver","floor":14,"turns":3},{"damage":66,"enemies":"Hexaghost","floor":16,"turns":7},{"damage":7,"enemies":"3 Byrds","floor":18,"turns":3},{"damage":2,"enemies":"Chosen","floor":22,"turns":3},{"damage":0,"enemies":"Snake Plant","floor":24,"turns":2},{"damage":29,"enemies":"Cultist and Chosen","floor":25,"turns":5},{"damage":10,"enemies":"Snecko","floor":30,"turns":3},{"damage":81,"enemies":"Collector","floor":33,"turns":7}],"event_choices":[{"event_name":"Big Fish","player_choice":"Donut","floor":4,"damage_taken":0},{"event_name":"Liars Game","player_choice":"agreed","floor":5,"damage_taken":0},{"event_name":"Golden Wing","player_choice":"Card Removal","floor":11,"damage_taken":0},{"event_name":"The Mausoleum","player_choice":"Yes","floor":20,"damage_taken":0},{"event_name":"Addict","player_choice":"Obtained Relic","floor":21,"damage_taken":0},{"event_name":"Forgotten Altar","player_choice":"Shed Blood","floor":29,"damage_taken":0},{"event_name":"Beggar","player_choice":"Ignored","floor":31,"damage_taken":0}],"boss_relics":[{"not_picked":["Calling Bell","Runic Dome"],"picked":"Ectoplasm"}],"potions_floor_spawned":[1,12,14,22,25,30],"seed_played":"-5292254568089774362","killed_by":"Collector","ascension_level":0,"is_trial":false}