{"path_per_floor":["M","?","?","M","$","M","?","R","T","?","E","M","R","?","R","B",null,"M","M","M","?","?","R","E","R","T","R","M","E","M","T","R"],"character_chosen":"IRONCLAD","items_purchased":[],"gold_per_floor":[111,186,186,204,129,141,141,141,141,91,118,131,131,131,131,231,231,244,263,278,278,278,278,342,342,342,342,360,386,404,404,404,404],"floor_reached":33,"campfire_rested":0,"playtime":1618,"current_hp_per_floor":[80,69,69,70,70,76,69,69,69,69,47,54,54,54,54,28,82,82,82,76,76,76,76,73,73,73,73,85,88,90,90,90,0],"items_purged":["Strike_R"],"gold":404,"score":308,"play_id":"a3209aca-2127-42e6-bcc9-f7b4b6b95266","local_time":"20180421205124","is_prod":false,"is_daily":false,"chose_seed":false,"is_ascension_mode":false,"campfire_upgraded":7,"timestamp":1524358284,"path_taken":["M","?","?","?","$","M","?","R","T","?","E","M","R","?","R","BOSS","M","M","M","?","?","R","E","R","T","R","?","E","M","?","R","BOSS"],"build_version":"2018-04-19","seed_source_timestamp":33638377649824,"purchased_purges":1,"victory":false,"master_deck":["Strike_R","Strike_R","Strike_R","Defend_R","Defend_R","Bash+1","Seeing Red+1","Reckless Charge","Flex+1","Whirlwind+1","Bludgeon+1","Pommel Strike+1","Reckless Charge","Heavy Blade+1","Seeing Red+1","Warcry+1"],"max_hp_per_floor":[80,80,80,80,80,80,80,80,80,80,80,82,82,82,82,82,82,82,84,86,86,86,86,86,86,86,86,88,88,90,90,90,90],"relics":["Black Blood","Singing Bowl","Frozen Egg 2","Vajra","Tiny Chest","The Courier","Darkstone Periapt","Ginger"],"card_choices":[{"not_picked":["Cleave","Flex"],"picked":"Seeing Red","floor":1},{"not_picked":["Metallicize","Seeing Red"],"picked":"Reckless Charge","floor":4},{"not_picked":["Sword Boomerang","Iron Wave"],"picked":"Flex","floor":6},{"not_picked":["Sword Boomerang","Headbutt"],"picked":"Whirlwind","floor":11},{"not_picked":["Limit Break","Demon Form"],"picked":"Bludgeon","floor":16},{"not_picked":["Uppercut","Disarm"],"picked":"Pommel Strike","floor":18},{"not_picked":["Sentinel","Corruption"],"picked":"Seeing Red","floor":24},{"not_picked":["Exhume","Clash"],"picked":"Warcry","floor":29}],"player_experience":202462,"potions_floor_usage":[11,16,24,33,33,33],"damage_taken":[{"damage":0,"enemies":"2 Louse","floor":1,"turns":4},{"damage":5,"enemies":"Small Slimes","floor":4,"turns":4},{"damage":0,"enemies":"Cultist","floor":6,"turns":3},{"damage":28,"enemies":"Gremlin Nob","floor":11,"turns":4},{"damage":1,"enemies":"Exordium Thugs","floor":12,"turns":3},{"damage":32,"enemies":"The Guardian","floor":16,"turns":6},{"damage":1,"enemies":"3 Byrds","floor":18,"turns":3},{"damage":12,"enemies":"Shell Parasite","floor":19,"turns":2},{"damage":18,"enemies":"Snecko","floor":20,"turns":4},{"damage":13,"enemies":"Gremlin Leader","floor":24,"turns":4},{"damage":0,"enemies":"Sentry and Sphere","floor":28,"turns":2},{"damage":0,"enemies":"Slavers","floor":29,"turns":1},{"damage":0,"enemies":"Chosen and Byrds","floor":30,"turns":2},{"damage":96,"enemies":"Automaton","floor":33,"turns":6}],"event_choices":[{"event_name":"World of Goop","player_choice":"Gather Gold","floor":2,"damage_taken":0},{"event_name":"Living Wall","player_choice":"Grow","floor":3,"damage_taken":0},{"event_name":"Golden Wing","player_choice":"Card Removal","floor":7,"damage_taken":0},{"event_name":"The Cleric","player_choice":"Card Removal","floor":10,"damage_taken":0},{"event_name":"The Lab","player_choice":"Got Potions","floor":14,"damage_taken":0},{"event_name":"The Library","player_choice":"Read","floor":21,"damage_taken":0},{"event_name":"Transmorgrifier","player_choice":"Transform","floor":22,"damage_taken":0}],"boss_relics":[{"not_picked":["Tiny House","Orrery"],"picked":"Black Blood"}],"potions_floor_spawned":[4,6,12,24,29,30],"seed_played":"3317582801859594780","killed_by":"Automaton","ascension_level":0,"is_trial":false}