{"gold_per_floor":[117,135,135,145,145,145,177,187,187,35,35,68,68,102,102,102],"floor_reached":16,"playtime":581,"items_purged":["Strike_R"],"score":179,"play_id":"d6a5d971-ab78-45db-8cc5-15c0b42d8dc6","local_time":"20190225161030","is_ascension_mode":true,"campfire_choices":[{"data":"Carnage","floor":6,"key":"SMITH"},{"floor":11,"key":"REST"},{"data":"Rampage","floor":15,"key":"SMITH"}],"neow_cost":"NONE","seed_source_timestamp":21879445837173,"circlet_count":0,"master_deck":["Strike_R","Strike_R","Strike_R","Defend_R","Defend_R","Defend_R","Defend_R","Bash","Carnage+1","Battle Trance","Rampage+1","Rupture","Shrug It Off","Cleave","Sword Boomerang","Combust"],"relics":["Burning Blood","Blood Vial","Anchor","Bottled Flame","Boot","Juzu Bracelet","Meat on the Bone"],"potions_floor_usage":[12,12,14,14,14,16,16],"damage_taken":[{"damage":8,"enemies":"Small Slimes","floor":1,"turns":4},{"damage":2,"enemies":"Jaw Worm","floor":2,"turns":3},{"damage":1,"enemies":"Cultist","floor":4,"turns":3},{"damage":40,"enemies":"Lagavulin","floor":7,"turns":4},{"damage":12,"enemies":"Exordium Thugs","floor":8,"turns":5},{"damage":0,"enemies":"Gremlin Nob","floor":12,"turns":2},{"damage":15,"enemies":"3 Sentries","floor":14,"turns":4},{"damage":93,"enemies":"Hexaghost","floor":16,"turns":12}],"seed_played":"-1452584446977972696","potions_obtained":[{"floor":2,"key":"Swift Potion"},{"floor":8,"key":"AttackPotion"},{"floor":12,"key":"EntropicBrew"}],"is_trial":false,"path_per_floor":["M","M","?","M","?","R","E","M","T","$","R","E","$","E","R","B"],"character_chosen":"IRONCLAD","items_purchased":["Regen Potion"],"campfire_rested":1,"item_purchase_floors":[10],"current_hp_per_floor":[78,80,73,80,80,80,46,42,42,42,66,79,79,71,71,0],"gold":102,"neow_bonus":"RANDOM_COMMON_RELIC","is_prod":false,"is_daily":false,"chose_seed":false,"campfire_upgraded":2,"win_rate":0,"timestamp":1551132630,"path_taken":["M","M","?","M","?","R","E","?","T","$","R","E","$","E","R","BOSS"],"build_version":"2019-01-23","purchased_purges":1,"victory":false,"max_hp_per_floor":[80,80,80,80,80,80,80,80,80,80,80,80,80,80,80,80],"card_choices":[{"not_picked":["True Grit","Power Through"],"picked":"Carnage","floor":1},{"not_picked":["Havoc","Warcry"],"picked":"Battle Trance","floor":2},{"not_picked":["Infernal Blade","True Grit"],"picked":"Rampage","floor":4},{"not_picked":["Clothesline","True Grit"],"picked":"Shrug It Off","floor":7},{"not_picked":["Clothesline","Shockwave"],"picked":"Cleave","floor":8},{"not_picked":["Fiend Fire","Clash"],"picked":"Sword Boomerang","floor":12},{"not_picked":["Fire Breathing","Perfected Strike"],"picked":"Combust","floor":14}],"player_experience":402379,"relics_obtained":[{"floor":7,"key":"Bottled Flame"},{"floor":9,"key":"Boot"},{"floor":12,"key":"Juzu Bracelet"},{"floor":14,"key":"Meat on the Bone"}],"event_choices":[{"damage_healed":0,"gold_gain":0,"player_choice":"Success","damage_taken":7,"relics_obtained":["Anchor"],"max_hp_gain":0,"max_hp_loss":0,"event_name":"Scrap Ooze","floor":3,"gold_loss":0},{"damage_healed":0,"gold_gain":0,"cards_transformed":["Strike_R"],"player_choice":"Transformed","damage_taken":0,"max_hp_gain":0,"max_hp_loss":0,"event_name":"Transmorgrifier","floor":5,"gold_loss":0,"cards_obtained":["Rupture"]}],"is_beta":false,"boss_relics":[],"items_purged_floors":[10],"is_endless":false,"potions_floor_spawned":[2,8,12],"killed_by":"Hexaghost","ascension_level":5}