{"gold_per_floor":[13,31,31,44,62,62,76,110,110,110,62,127,157,101,101,201,201,220,31,50,60,60],"floor_reached":22,"playtime":1120,"items_purged":[],"score":245,"play_id":"d4942bec-621d-4a30-b793-a370e2749bfb","local_time":"20190224135742","is_ascension_mode":true,"campfire_choices":[{"data":"Bash","floor":6,"key":"SMITH"},{"floor":10,"key":"REST"},{"floor":15,"key":"REST"}],"neow_cost":"NO_GOLD","seed_source_timestamp":20365481535796,"circlet_count":0,"master_deck":["Strike_R","Strike_R","Strike_R","Strike_R","Strike_R","Defend_R","Defend_R","Defend_R","Defend_R","Bash+1","Fiend Fire","Armaments","Battle Trance","Uppercut","Seeing Red","Armaments","Shrug It Off","Immolate","Evolve","Whirlwind","Headbutt"],"relics":["Burning Blood","Champion Belt","Paper Frog","FossilizedHelix","Question Card","Eternal Feather","Anchor"],"potions_floor_usage":[7,16,18,21],"damage_taken":[{"damage":0,"enemies":"Small Slimes","floor":1,"turns":3},{"damage":1,"enemies":"Cultist","floor":2,"turns":4},{"damage":7,"enemies":"Jaw Worm","floor":4,"turns":4},{"damage":5,"enemies":"2 Fungi Beasts","floor":5,"turns":4},{"damage":44,"enemies":"Gremlin Gang","floor":7,"turns":9},{"damage":30,"enemies":"Lagavulin","floor":8,"turns":5},{"damage":37,"enemies":"Gremlin Nob","floor":13,"turns":5},{"damage":15,"enemies":"The Guardian","floor":16,"turns":17},{"damage":33,"enemies":"3 Byrds","floor":18,"turns":7},{"damage":0,"enemies":"Chosen","floor":20,"turns":4},{"damage":21,"enemies":"Snecko","floor":21,"turns":7},{"damage":33,"enemies":"Chosen and Byrds","floor":22,"turns":6}],"seed_played":"-2243682472867242241","potions_obtained":[{"floor":4,"key":"SpeedPotion"},{"floor":13,"key":"Energy Potion"},{"floor":16,"key":"Block Potion"},{"floor":18,"key":"Block Potion"}],"is_trial":false,"path_per_floor":["M","M","?","M","M","R","M","E","T","R","$","?","E","?","R","B",null,"M","$","M","M","M"],"character_chosen":"IRONCLAD","items_purchased":["Armaments","Anchor","Whirlwind"],"campfire_rested":2,"item_purchase_floors":[11,19,19],"current_hp_per_floor":[80,80,80,79,80,80,42,18,18,42,42,42,11,11,35,26,67,40,40,46,31,0],"gold":60,"neow_bonus":"THREE_RARE_CARDS","is_prod":false,"is_daily":false,"chose_seed":false,"campfire_upgraded":1,"win_rate":0,"timestamp":1551038262,"path_taken":["M","M","?","M","?","R","M","E","T","R","$","?","E","?","R","BOSS","M","$","M","?","M"],"build_version":"2019-01-23","purchased_purges":0,"victory":false,"max_hp_per_floor":[80,80,80,80,80,80,80,80,80,80,80,80,80,80,80,80,80,80,80,80,80,80],"card_choices":[{"not_picked":["Brutality","Limit Break"],"picked":"Fiend Fire","floor":0},{"not_picked":["Power Through","True Grit"],"picked":"Armaments","floor":1},{"not_picked":["Dual Wield","Sentinel","Bloodletting"],"picked":"SKIP","floor":2},{"not_picked":["Thunderclap","Combust","Flex"],"picked":"SKIP","floor":4},{"not_picked":["Thunderclap","Dropkick"],"picked":"Battle Trance","floor":5},{"not_picked":["Anger","Pummel"],"picked":"Uppercut","floor":7},{"not_picked":["Rupture","Hemokinesis"],"picked":"Seeing Red","floor":8},{"not_picked":["Armaments","Limit Break"],"picked":"Shrug It Off","floor":13},{"not_picked":["Brutality","Bludgeon","Double Tap"],"picked":"Immolate","floor":16},{"not_picked":["Pummel","Armaments","Hemokinesis"],"picked":"Evolve","floor":18},{"not_picked":["Twin Strike","Heavy Blade","Sword Boomerang"],"picked":"Headbutt","floor":20},{"not_picked":["Clash","Anger","Flame Barrier","Body Slam"],"picked":"SKIP","floor":21}],"player_experience":344880,"relics_obtained":[{"floor":8,"key":"Champion Belt"},{"floor":9,"key":"Paper Frog"},{"floor":13,"key":"FossilizedHelix"}],"event_choices":[{"damage_healed":0,"gold_gain":0,"player_choice":"Ignored","damage_taken":0,"max_hp_gain":0,"max_hp_loss":0,"event_name":"Purifier","floor":3,"gold_loss":0},{"damage_healed":0,"gold_gain":65,"player_choice":"Gained Gold","damage_taken":0,"max_hp_gain":0,"max_hp_loss":0,"event_name":"Golden Wing","floor":12,"gold_loss":0},{"damage_healed":0,"gold_gain":0,"player_choice":"Paid Gold","damage_taken":0,"relics_obtained":["Question Card"],"max_hp_gain":0,"max_hp_loss":0,"event_name":"WeMeetAgain","floor":14,"gold_loss":56}],"is_beta":false,"boss_relics":[{"not_picked":["Runic Dome","Runic Cube"],"picked":"Eternal Feather"}],"items_purged_floors":[],"is_endless":false,"potions_floor_spawned":[4,13,16,18],"killed_by":"Chosen and Byrds","ascension_level":5}