{"gold_per_floor":[166,166,184,184,184,184,195,270,270,300,250,250,16,41,41,143,143,153,153,153,153,165,194,194],"floor_reached":24,"playtime":3012,"items_purged":[],"score":358,"play_id":"bfb65a3c-514b-4877-8f48-d5d55b272205","local_time":"20190304173007","is_ascension_mode":true,"campfire_choices":[{"data":"Cloak And Dagger","floor":6,"key":"SMITH"},{"floor":12,"key":"REST"},{"data":"Envenom","floor":15,"key":"SMITH"}],"neow_cost":"NONE","seed_source_timestamp":592955895084100,"circlet_count":0,"master_deck":["Defend_G","Defend_G","Defend_G","Survivor+1","Neutralize","Cloak And Dagger+1","Backflip+1","Terror","Adrenaline","Adrenaline","Skewer","Envenom+1","Masterful Stab","Night Terror","Outmaneuver+1","Bite","Bite","Bite","Bite","Bite","Ghostly","Ghostly","Ghostly","Ghostly","Ghostly","Necronomicurse"],"relics":["Tiny House","Question Card","Sundial","Dream Catcher","WristBlade","Necronomicon","Bag of Marbles"],"potions_floor_usage":[23,23],"damage_taken":[{"damage":0,"enemies":"2 Louse","floor":1,"turns":3},{"damage":1,"enemies":"Small Slimes","floor":3,"turns":4},{"damage":1,"enemies":"Jaw Worm","floor":7,"turns":3},{"damage":16,"enemies":"3 Sentries","floor":10,"turns":10},{"damage":9,"enemies":"Gremlin Nob","floor":14,"turns":3},{"damage":2,"enemies":"Hexaghost","floor":16,"turns":8},{"damage":0,"enemies":"3 Byrds","floor":18,"turns":5},{"damage":4,"enemies":"2 Thieves","floor":22,"turns":5},{"damage":28,"enemies":"Book of Stabbing","floor":23,"turns":8},{"damage":0,"enemies":"3 Cultists","floor":24,"turns":1}],"seed_played":"-8670355966718922870","potions_obtained":[{"floor":0,"key":"PowerPotion"},{"floor":1,"key":"PowerPotion"},{"floor":7,"key":"GhostInAJar"},{"floor":22,"key":"GamblersBrew"}],"is_trial":false,"path_per_floor":["M","?","M","?","?","R","M","?","T","E","?","R","$","E","R","B",null,"M","?","?","?","M","E","M"],"character_chosen":"THE_SILENT","items_purchased":["Skewer","Envenom"],"campfire_rested":1,"item_purchase_floors":[13,13],"current_hp_per_floor":[68,53,52,52,45,45,44,33,33,17,17,39,39,30,30,28,63,63,52,26,10,14,2,2],"gold":194,"neow_bonus":"BOSS_RELIC","is_prod":false,"is_daily":false,"chose_seed":false,"campfire_upgraded":2,"win_rate":0,"timestamp":1551745807,"path_taken":["M","?","M","?","?","R","M","?","T","E","?","R","$","E","R","BOSS","M","?","?","?","M","E","?"],"build_version":"2019-01-23","purchased_purges":0,"victory":false,"max_hp_per_floor":[75,75,75,75,75,75,75,75,75,75,75,75,75,75,75,75,75,75,52,26,26,26,26,26],"card_choices":[{"not_picked":["Setup","Poisoned Stab"],"picked":"Cloak And Dagger","floor":0},{"not_picked":["Underhanded Strike","Poisoned Stab"],"picked":"Backflip","floor":1},{"not_picked":["Outmaneuver","Calculated Gamble"],"picked":"Terror","floor":3},{"not_picked":["Dodge and Roll","PiercingWail"],"picked":"Adrenaline","floor":7},{"not_picked":["Heel Hook","Underhanded Strike","Leg Sweep"],"picked":"Adrenaline","floor":10},{"not_picked":["Bouncing Flask","Sucker Punch","Endless Agony"],"picked":"Masterful Stab","floor":14},{"not_picked":["Tools of the Trade","Storm of Steel","Unload"],"picked":"Night Terror","floor":16},{"not_picked":["Underhanded Strike+1","Flechettes","PiercingWail"],"picked":"Outmaneuver+1","floor":18},{"not_picked":["Sucker Punch","Footwork","Flying Knee","PiercingWail"],"picked":"SKIP","floor":22},{"not_picked":["PiercingWail","Quick Slash","Flying Knee","Dodge and Roll+1"],"picked":"SKIP","floor":23}],"player_experience":432562,"relics_obtained":[{"floor":9,"key":"Question Card"},{"floor":10,"key":"Sundial"},{"floor":14,"key":"Dream Catcher"},{"floor":21,"key":"Necronomicon"},{"floor":23,"key":"Bag of Marbles"}],"event_choices":[{"damage_healed":0,"gold_gain":0,"player_choice":"Entered Light","damage_taken":15,"max_hp_gain":0,"max_hp_loss":0,"event_name":"Shining Light","floor":2,"gold_loss":0,"cards_upgraded":["Strike_G","Backflip"]},{"cards_removed":["Defend_G"],"damage_healed":0,"gold_gain":0,"player_choice":"Forget","damage_taken":0,"max_hp_gain":0,"max_hp_loss":0,"event_name":"Living Wall","floor":4,"gold_loss":0},{"cards_removed":["Defend_G"],"damage_healed":0,"gold_gain":0,"player_choice":"Card Removal","damage_taken":7,"max_hp_gain":0,"max_hp_loss":0,"event_name":"Golden Wing","floor":5,"gold_loss":0},{"damage_healed":0,"gold_gain":75,"player_choice":"Gather Gold","damage_taken":11,"max_hp_gain":0,"max_hp_loss":0,"event_name":"World of Goop","floor":8,"gold_loss":0},{"cards_removed":["Strike_G"],"damage_healed":0,"gold_gain":0,"player_choice":"Card Removal","damage_taken":0,"max_hp_gain":0,"max_hp_loss":0,"event_name":"The Cleric","floor":11,"gold_loss":50},{"damage_healed":0,"gold_gain":0,"player_choice":"Became a vampire","damage_taken":0,"max_hp_gain":0,"max_hp_loss":23,"event_name":"Vampires","floor":19,"gold_loss":0,"cards_obtained":["Bite","Bite","Bite","Bite","Bite"]},{"damage_healed":0,"gold_gain":0,"player_choice":"Became a Ghost","damage_taken":0,"max_hp_gain":0,"max_hp_loss":26,"event_name":"Ghosts","floor":20,"gold_loss":0,"cards_obtained":["Ghostly","Ghostly","Ghostly","Ghostly","Ghostly"]},{"damage_healed":0,"gold_gain":0,"player_choice":"Obtained Book","damage_taken":16,"max_hp_gain":0,"max_hp_loss":0,"event_name":"Cursed Tome","floor":21,"gold_loss":0}],"is_beta":false,"boss_relics":[{"not_picked":["HoveringKite","Runic Pyramid"],"picked":"WristBlade"}],"items_purged_floors":[],"is_endless":false,"potions_floor_spawned":[1,7,14,18,22],"killed_by":"3 Cultists","ascension_level":8}