{"path_per_floor":["M","M","?","M","?","R","E","M","T","M","R","M","E","?","R","B",null,"M","M","?","$","?","E","$","R","T"],"character_chosen":"IRONCLAD","items_purchased":["Oddly Smooth Stone","Dramatic Entrance","Inflame"],"gold_per_floor":[111,129,129,141,141,141,168,187,187,204,204,214,244,244,244,349,349,368,378,378,57,57,85,4,4,4,4],"floor_reached":27,"campfire_rested":0,"playtime":1087,"item_purchase_floors":[21,21,24],"current_hp_per_floor":[80,80,80,80,80,80,45,39,39,37,37,34,33,30,30,35,80,60,65,65,65,49,33,33,33,33,0],"items_purged":["Decay"],"gold":4,"score":241,"play_id":"dc3e2efe-7215-4e17-8923-8966e8123ba1","local_time":"20180526213811","is_prod":false,"is_daily":false,"chose_seed":false,"is_ascension_mode":false,"campfire_upgraded":1,"win_rate":0,"timestamp":1527363491,"campfire_choices":[{"data":"Metallicize","floor":6,"key":"SMITH"},{"data":"1","floor":11,"key":"LIFT"},{"data":"2","floor":15,"key":"LIFT"},{"data":"3","floor":25,"key":"LIFT"}],"path_taken":["M","M","?","M","?","R","E","M","T","M","R","?","E","?","R","BOSS","M","M","?","?","?","E","?","R","T","E"],"build_version":"2018-05-24","seed_source_timestamp":19406375081724,"purchased_purges":1,"victory":false,"master_deck":["Strike_R","Strike_R","Strike_R","Strike_R","Defend_R","Defend_R","Defend_R","Defend_R","Bash","Metallicize+1","Spot Weakness","Heavy Blade","Thunderclap","Flame Barrier","Thunderclap","Berserk","Parasite","Clumsy","Shrug It Off+1","Ghostly Armor+1","Dramatic Entrance","Necronomicurse","Blood for Blood+1","Inflame"],"max_hp_per_floor":[80,80,80,80,80,80,80,80,80,80,80,80,80,80,80,80,80,80,80,80,80,80,80,80,80,80,80],"relics":["Burning Blood","Potion Belt","Shuriken","Girya","Magic Flower","Orichalcum","Calling Bell","Boot","Letter Opener","Oddly Smooth Stone","Necronomicon","Meat on the Bone","Singing Bowl"],"card_choices":[{"not_picked":["Second Wind","Flex"],"picked":"Metallicize","floor":1},{"not_picked":["True Grit","Bloodletting","Body Slam"],"picked":"SKIP","floor":2},{"not_picked":["Whirlwind","Double Tap"],"picked":"Spot Weakness","floor":4},{"not_picked":["Clothesline","Headbutt"],"picked":"Heavy Blade","floor":7},{"not_picked":["Heavy Blade","Cleave","Clash"],"picked":"SKIP","floor":8},{"not_picked":["Armaments","Sentinel"],"picked":"Thunderclap","floor":10},{"not_picked":["Flex","Twin Strike"],"picked":"Flame Barrier","floor":12},{"not_picked":["Anger","Sentinel"],"picked":"Thunderclap","floor":13},{"not_picked":["Exhume","Impervious"],"picked":"Berserk","floor":16},{"not_picked":["Bloodletting+1","Cleave"],"picked":"Shrug It Off+1","floor":18},{"not_picked":["Entrench+1","Dual Wield"],"picked":"Ghostly Armor+1","floor":19},{"not_picked":["Impervious","Anger"],"picked":"Blood for Blood+1","floor":23}],"player_experience":278993,"potions_floor_usage":[23,23,27,27,27,27],"damage_taken":[{"damage":6,"enemies":"Jaw Worm","floor":1,"turns":6},{"damage":0,"enemies":"Small Slimes","floor":2,"turns":3},{"damage":0,"enemies":"2 Louse","floor":4,"turns":3},{"damage":41,"enemies":"Lagavulin","floor":7,"turns":8},{"damage":12,"enemies":"Red Slaver","floor":8,"turns":5},{"damage":8,"enemies":"3 Louse","floor":10,"turns":5},{"damage":9,"enemies":"Lots of Slimes","floor":12,"turns":3},{"damage":7,"enemies":"3 Sentries","floor":13,"turns":7},{"damage":4,"enemies":"Slime Boss","floor":16,"turns":9},{"damage":29,"enemies":"2 Thieves","floor":18,"turns":5},{"damage":4,"enemies":"3 Byrds","floor":19,"turns":5},{"damage":25,"enemies":"Slavers","floor":23,"turns":6},{"damage":41,"enemies":"Gremlin Leader","floor":27,"turns":4}],"relics_obtained":[{"floor":7,"key":"Shuriken"},{"floor":9,"key":"Girya"},{"floor":13,"key":"Magic Flower"},{"floor":17,"key":"Boot"},{"floor":17,"key":"Letter Opener"},{"floor":22,"key":"Necronomicon"},{"floor":23,"key":"Meat on the Bone"},{"floor":26,"key":"Singing Bowl"}],"event_choices":[{"event_name":"Liars Game","player_choice":"disagreed","floor":3,"damage_taken":0},{"event_name":"Purifier","player_choice":"One Purge","floor":5,"damage_taken":0},{"event_name":"Scrap Ooze","player_choice":"success","floor":14,"damage_taken":3},{"event_name":"The Woman in Blue","player_choice":"Bought 0 Potions","floor":20,"damage_taken":0},{"event_name":"Cursed Tome","player_choice":"Obtained Book","floor":22,"damage_taken":0}],"boss_relics":[{"not_picked":["Tiny House","Snecko Eye"],"picked":"Calling Bell"}],"items_purged_floors":[21],"potions_floor_spawned":[1,7,8,12,13,18,23],"seed_played":"-1627219757023793798","killed_by":"Gremlin Leader","ascension_level":0,"potions_obtained":[{"floor":1,"key":"Block Potion"},{"floor":7,"key":"EssenceOfSteel"},{"floor":8,"key":"Dexterity Potion"},{"floor":12,"key":"SteroidPotion"},{"floor":13,"key":"Ancient Potion"},{"floor":23,"key":"SkillPotion"}],"is_trial":false}