{"path_per_floor":["M","$","M","M","M","E","R","?","T","R","M","T","M","$","R","B",null,"M","M","?","$","T","R","?","$","T","R","E","R","M","M","R","B",null,"M","?","M","?","M","R","E","R","T","M","R","$","M","M","R"],"character_chosen":"IRONCLAD","items_purchased":["Tiny Chest","Thunderclap","Dexterity Potion","Ancient Tea Set","Strange Spoon","Finesse"],"gold_per_floor":[216,40,54,72,88,115,115,190,215,215,230,230,250,126,126,226,226,238,255,255,255,255,255,255,1,1,1,35,35,52,67,67,164,164,182,182,200,252,266,266,291,291,291,304,304,13,30,40,40],"floor_reached":50,"campfire_rested":4,"playtime":3814,"current_hp_per_floor":[80,80,80,67,62,52,52,41,41,41,47,47,50,50,50,48,80,80,71,56,56,56,56,56,56,56,56,44,44,49,52,77,7,85,70,70,73,50,49,49,18,43,43,34,59,59,40,21,46],"items_purged":["Strike_R","Strike_R"],"gold":40,"play_id":"f46a5459-feb0-49ea-bfb0-9ce940986395","is_prod":false,"is_daily":false,"campfire_rituals":0,"campfire_upgraded":7,"is_hardmode":false,"path_taken":["M","$","M","M","M","E","R","?","T","R","M","?","M","$","R","BOSS","M","M","?","$","?","R","?","$","T","R","E","R","M","M","R","BOSS","M","?","M","?","M","R","E","R","T","M","R","$","?","M","R","BOSS"],"build_version":"2018-01-18-PROD3","purchased_purges":2,"victory":false,"master_deck":["Strike_R","Defend_R","Defend_R","Bash","Whirlwind","Thunderclap","Anger","Pommel Strike","Seeing Red","Whirlwind","Bloodletting","Shrug It Off","Bloodletting","Rampage","Sword Boomerang","Twin Strike","Double Tap","Limit Break","Headbutt","Offering","Rampage","Warcry","Rupture","Iron Wave","Flex","Finesse","Offering","Armaments"],"max_hp_per_floor":[80,80,80,80,80,80,80,80,80,80,80,80,80,80,80,80,80,80,80,85,85,85,85,85,85,85,85,85,85,85,85,85,85,85,85,85,85,85,85,85,85,85,85,85,85,85,85,85,85],"relics":["Burning Blood","Tiny Chest","Self Forming Clay","Toxic Egg","Molten Egg","Mark of Pain","Mummified Hand","Ancient Tea Set","Thread and Needle","Toolbox","Astrolabe","Ginger","Champion Belt","Happy Flower","Strange Spoon"],"campfire_meditates":0,"card_choices":[{"not_picked":["Feel No Pain","True Grit"],"picked":"Whirlwind"},{"not_picked":["Searing Blow","True Grit"],"picked":"Anger"},{"not_picked":["Searing Blow","True Grit"],"picked":"Pommel Strike"},{"not_picked":["Blood for Blood","Fiend Fire"],"picked":"Seeing Red"},{"not_picked":["Brutality","Second Wind"],"picked":"Whirlwind"},{"not_picked":["Sword Boomerang","Body Slam"],"picked":"Bloodletting"},{"not_picked":["Sever Soul","Heavy Blade"],"picked":"Shrug It Off"},{"not_picked":["Fiend Fire","Bludgeon"],"picked":"Brutality"},{"not_picked":["Clash","Thunderclap"],"picked":"Bloodletting"},{"not_picked":["Body Slam","Limit Break"],"picked":"Rampage"},{"not_picked":["Armaments","Feel No Pain"],"picked":"Twin Strike"},{"not_picked":["Demon Form","Reaper"],"picked":"Double Tap"},{"not_picked":["Clash","Thunderclap"],"picked":"Rampage"},{"not_picked":["Body Slam","Headbutt"],"picked":"Warcry"},{"not_picked":["Warcry","Fire Breathing"],"picked":"Rupture"},{"not_picked":["Feel No Pain","Flame Barrier"],"picked":"Iron Wave"},{"not_picked":["Clash","Body Slam"],"picked":"Flex"},{"not_picked":["Body Slam","Pommel Strike"],"picked":"Offering"},{"not_picked":["Perfected Strike","Headbutt"],"picked":"Armaments"}],"player_experience":40895,"potions_floor_usage":[6,16,31,33,33,37,38,38,50],"damage_taken":[{"damage":2,"enemies":"2 Louse","floor":1,"turns":2},{"damage":1,"enemies":"Jaw Worm","floor":3,"turns":3},{"damage":19,"enemies":"Blue Slaver","floor":4,"turns":3},{"damage":11,"enemies":"Exordium Wildlife","floor":5,"turns":4},{"damage":16,"enemies":"3 Sentries","floor":6,"turns":3},{"damage":0,"enemies":"3 Louse","floor":11,"turns":1},{"damage":3,"enemies":"Exordium Thugs","floor":13,"turns":2},{"damage":8,"enemies":"Slime Boss","floor":16,"turns":6},{"damage":5,"enemies":"Chosen","floor":18,"turns":4},{"damage":15,"enemies":"Shell Parasite","floor":19,"turns":5},{"damage":18,"enemies":"Gremlin Leader","floor":28,"turns":5},{"damage":1,"enemies":"Snecko","floor":30,"turns":2},{"damage":3,"enemies":"Snake Plant","floor":31,"turns":1},{"damage":76,"enemies":"Champ","floor":33,"turns":8},{"damage":21,"enemies":"3 Shapes","floor":35,"turns":3},{"damage":3,"enemies":"3 Darklings","floor":37,"turns":2},{"damage":29,"enemies":"Mysterious Sphere","floor":38,"turns":4},{"damage":7,"enemies":"Sphere and 2 Shapes","floor":39,"turns":2},{"damage":37,"enemies":"Nemesis","floor":41,"turns":4},{"damage":15,"enemies":"Maw","floor":44,"turns":6},{"damage":29,"enemies":"4 Shapes","floor":47,"turns":1},{"damage":25,"enemies":"Sphere and 2 Shapes","floor":48,"turns":1},{"damage":48,"enemies":"Time Eater","floor":50,"turns":6}],"event_choices":[{"event_name":"World of Goop","player_choice":"Gather Gold","floor":8,"damage_taken":0},{"event_name":"Forgotten Altar","player_choice":"Shed Blood","floor":20,"damage_taken":0},{"event_name":"Transmorgrifier","player_choice":"Transform","floor":24,"damage_taken":0},{"event_name":"Mysterious Sphere","player_choice":"Fight","floor":38,"damage_taken":0}],"boss_relics":[{"not_picked":["Orrery","Calling Bell"],"picked":"Mark of Pain"},{"not_picked":["Snecko Eye","Sozu"],"picked":"Astrolabe"}],"potions_floor_spawned":[1,6,19,30,31,33,37,38,44,48],"seed_played":"4416435676461174410","killed_by":"Time Eater","is_trial":false}