{"gold_per_floor":[119,139,139,109,124,124,162,162,162,162,178,213,231,249,249,378,378,392,392,14,35,62,62,62],"floor_reached":24,"playtime":1098,"items_purged":["Strike_G"],"score":299,"play_id":"692879a0-9cd2-49cf-b182-1ec03d4b9582","local_time":"20190117194810","is_ascension_mode":true,"campfire_choices":[{"data":"Neutralize","floor":6,"key":"SMITH"},{"data":"After Image","floor":8,"key":"SMITH"},{"data":"Infinite Blades","floor":10,"key":"SMITH"},{"floor":15,"key":"REST"},{"floor":23,"key":"REST"}],"neow_cost":"NONE","seed_source_timestamp":617655027770200,"circlet_count":0,"master_deck":["Defend_G","Defend_G","Defend_G","Defend_G","Defend_G","Strike_G","Strike_G","Strike_G","Strike_G","Survivor","Neutralize+1","After Image+1","Blade Dance","Predator","Infinite Blades+1","Crippling Poison","Sucker Punch","Dagger Spray","Finisher","Phantasmal Killer+1","Night Terror+1","Blade Dance+1","Footwork","Escape Plan+1","Infinite Blades"],"relics":["Ring of the Snake","Golden Idol","Dodecahedron","Bag of Preparation","Toxic Egg 2","Eternal Feather","Lantern","Orichalcum"],"potions_floor_usage":[7,7,12,13,16,16,19],"damage_taken":[{"damage":11,"enemies":"Jaw Worm","floor":1,"turns":7},{"damage":6,"enemies":"2 Louse","floor":2,"turns":4},{"damage":0,"enemies":"Cultist","floor":5,"turns":4},{"damage":28,"enemies":"Lagavulin","floor":7,"turns":9},{"damage":0,"enemies":"Looter","floor":11,"turns":4},{"damage":8,"enemies":"3 Sentries","floor":12,"turns":10},{"damage":13,"enemies":"Exordium Thugs","floor":13,"turns":4},{"damage":0,"enemies":"Large Slime","floor":14,"turns":5},{"damage":6,"enemies":"Slime Boss","floor":16,"turns":8},{"damage":39,"enemies":"Spheric Guardian","floor":18,"turns":8},{"damage":28,"enemies":"Colosseum Slavers","floor":19,"turns":5},{"damage":4,"enemies":"Shell Parasite","floor":21,"turns":6},{"damage":39,"enemies":"Slavers","floor":24,"turns":3}],"seed_played":"-1827308537513927974","potions_obtained":[{"floor":1,"key":"Regen Potion"},{"floor":4,"key":"Regen Potion"},{"floor":4,"key":"Energy Potion"},{"floor":7,"key":"SkillPotion"},{"floor":11,"key":"Energy Potion"},{"floor":12,"key":"PowerPotion"},{"floor":18,"key":"Regen Potion"}],"is_trial":false,"path_per_floor":["M","M","?","?","M","R","E","R","T","R","M","E","M","M","R","B",null,"M","?","$","M","T","R","E"],"character_chosen":"THE_SILENT","items_purchased":["Footwork","Escape Plan+1","Lantern"],"campfire_rested":2,"item_purchase_floors":[20,20,20],"current_hp_per_floor":[52,46,46,46,46,46,45,45,45,45,45,37,24,24,43,37,58,19,5,5,1,1,35,0],"gold":62,"neow_bonus":"ONE_RANDOM_RARE_CARD","is_prod":false,"is_daily":false,"chose_seed":false,"campfire_upgraded":3,"win_rate":0,"timestamp":1547750890,"path_taken":["M","M","?","?","M","R","E","R","T","R","M","E","?","M","R","BOSS","M","?","$","M","?","R","E"],"build_version":"2019-01-10","purchased_purges":1,"victory":false,"max_hp_per_floor":[70,70,65,65,65,65,65,65,65,65,65,65,65,65,65,65,65,65,65,65,65,65,65,65],"card_choices":[{"not_picked":["Predator","Prepared"],"picked":"Blade Dance","floor":1},{"not_picked":["Calculated Gamble","Poisoned Stab"],"picked":"Predator","floor":2},{"not_picked":["Dagger Throw","Deflect"],"picked":"Infinite Blades","floor":5},{"not_picked":["Bane","Outmaneuver"],"picked":"Crippling Poison","floor":7},{"not_picked":["Slice","Skewer"],"picked":"Sucker Punch","floor":11},{"not_picked":["PiercingWail","Leg Sweep"],"picked":"Dagger Spray","floor":12},{"not_picked":["Dagger Throw","Acrobatics+1"],"picked":"Finisher","floor":13},{"not_picked":["Setup+1","Bane"],"picked":"Phantasmal Killer+1","floor":14},{"not_picked":["Grand Finale","Unload"],"picked":"Night Terror+1","floor":16},{"not_picked":["Bane+1","Choke"],"picked":"Blade Dance+1","floor":18},{"not_picked":["Caltrops","Quick Slash+1"],"picked":"Infinite Blades","floor":21}],"player_experience":381424,"relics_obtained":[{"floor":7,"key":"Dodecahedron"},{"floor":9,"key":"Bag of Preparation"},{"floor":12,"key":"Toxic Egg 2"},{"floor":22,"key":"Orichalcum"}],"event_choices":[{"damage_healed":0,"gold_gain":0,"player_choice":"Lose Max HP","damage_taken":0,"relics_obtained":["Golden Idol"],"max_hp_gain":0,"max_hp_loss":5,"event_name":"Golden Idol","floor":3,"gold_loss":0},{"damage_healed":0,"gold_gain":0,"player_choice":"Bought 2 Potions","damage_taken":0,"max_hp_gain":0,"max_hp_loss":0,"event_name":"The Woman in Blue","floor":4,"gold_loss":0},{"damage_healed":0,"gold_gain":0,"player_choice":"Fight","damage_taken":0,"max_hp_gain":0,"max_hp_loss":0,"event_name":"Colosseum","floor":19,"gold_loss":0},{"damage_healed":0,"gold_gain":0,"player_choice":"Fled From Nobs","damage_taken":0,"max_hp_gain":0,"max_hp_loss":0,"event_name":"Colosseum","floor":19,"gold_loss":0}],"is_beta":false,"boss_relics":[{"not_picked":["White Beast Statue","Velvet Choker"],"picked":"Eternal Feather"}],"items_purged_floors":[20],"is_endless":false,"potions_floor_spawned":[1,7,11,12,18],"killed_by":"Slavers","ascension_level":9}