{"gold_per_floor":[13,13,13,29,29,29,49,49,100,100,100,25,46,46,46,170,170,195,214,229,229,229,229,129,139,186,186,200,200,220,255,255,255],"floor_reached":33,"playtime":1005,"items_purged":["Strike_R","Strike_R"],"score":255,"play_id":"bf5fd64b-0386-4f45-a623-8a4b6c0454ab","local_time":"20190305165456","is_ascension_mode":false,"campfire_choices":[{"floor":6,"key":"REST"},{"data":"Clash","floor":8,"key":"SMITH"},{"data":"Bash","floor":11,"key":"SMITH"},{"floor":15,"key":"RECALL"},{"data":"Immolate","floor":29,"key":"SMITH"},{"floor":32,"key":"REST"}],"neow_cost":"NO_GOLD","seed_source_timestamp":26328535754078,"circlet_count":0,"master_deck":["Strike_R","Strike_R","Defend_R+1","Defend_R","Defend_R+1","Bash+1","Sword Boomerang","Clash+1","Immolate+1","Wild Strike","Flex+1","Armaments+1","Bloodletting+1"],"relics":["Black Blood","Bloody Idol","Ancient Tea Set","Shuriken","Nilry\u0027s Codex","Strawberry","FossilizedHelix"],"potions_floor_usage":[15,16,19,25,25,25,25,25,31,31,33],"damage_taken":[{"damage":1,"enemies":"2 Louse","floor":1,"turns":3},{"damage":5,"enemies":"Jaw Worm","floor":4,"turns":4},{"damage":0,"enemies":"Cultist","floor":7,"turns":3},{"damage":0,"enemies":"Large Slime","floor":13,"turns":3},{"damage":28,"enemies":"The Guardian","floor":16,"turns":7},{"damage":5,"enemies":"Chosen","floor":18,"turns":3},{"damage":1,"enemies":"3 Byrds","floor":19,"turns":3},{"damage":18,"enemies":"Snake Plant","floor":20,"turns":3},{"damage":15,"enemies":"Shelled Parasite and Fungi","floor":25,"turns":3},{"damage":16,"enemies":"Snecko","floor":28,"turns":5},{"damage":34,"enemies":"Snake Plant","floor":30,"turns":4},{"damage":22,"enemies":"Slavers","floor":31,"turns":2},{"damage":83,"enemies":"Champ","floor":33,"turns":9}],"seed_played":"-3239166497163045965","potions_obtained":[{"floor":4,"key":"Regen Potion"},{"floor":14,"key":"Fruit Juice"},{"floor":14,"key":"SkillPotion"},{"floor":16,"key":"SkillPotion"},{"floor":20,"key":"EntropicBrew"},{"floor":28,"key":"Explosive Potion"},{"floor":30,"key":"FearPotion"},{"floor":31,"key":"EssenceOfSteel"}],"is_trial":false,"path_per_floor":["M","$","?","M","?","R","M","R","T","T","R","$","M","?","R","B",null,"M","M","M","?","T","?","$","M","T","?","M","R","M","E","R","B"],"character_chosen":"IRONCLAD","items_purchased":[],"campfire_rested":2,"item_purchase_floors":[],"current_hp_per_floor":[80,80,64,65,45,69,75,75,75,75,75,75,80,80,85,63,85,85,85,77,77,77,61,61,70,82,82,81,81,62,55,82,0],"gold":255,"neow_bonus":"REMOVE_TWO","is_prod":false,"is_daily":false,"chose_seed":false,"campfire_upgraded":3,"win_rate":0,"timestamp":1551826496,"path_taken":["M","$","?","M","?","R","?","R","T","?","R","?","M","?","R","BOSS","M","?","M","?","?","?","$","M","T","?","M","R","M","E","R","BOSS"],"build_version":"2019-01-23","purchased_purges":2,"victory":false,"max_hp_per_floor":[80,80,80,80,80,80,80,80,80,80,80,80,80,80,85,85,85,85,85,85,85,85,85,85,85,92,92,92,92,92,92,92,92],"card_choices":[{"not_picked":["Havoc","Hemokinesis"],"picked":"Sword Boomerang","floor":1},{"not_picked":["Flame Barrier","Flex"],"picked":"Clash","floor":4},{"not_picked":["Armaments","Headbutt","True Grit"],"picked":"SKIP","floor":7},{"not_picked":["Shrug It Off","Burning Pact","Blood for Blood"],"picked":"SKIP","floor":13},{"not_picked":["Fiend Fire","Double Tap"],"picked":"Immolate","floor":16},{"not_picked":["Iron Wave","Heavy Blade+1"],"picked":"Wild Strike","floor":18},{"not_picked":["Warcry","Blood for Blood+1","Body Slam"],"picked":"SKIP","floor":19},{"not_picked":["Sword Boomerang","Clothesline","Body Slam"],"picked":"SKIP","floor":20},{"not_picked":["Havoc","Intimidate+1"],"picked":"Flex+1","floor":25},{"not_picked":["Warcry","Sentinel"],"picked":"Armaments+1","floor":28},{"not_picked":["Searing Blow","Power Through"],"picked":"Bloodletting+1","floor":30},{"not_picked":["Body Slam","Limit Break","Clash+1"],"picked":"SKIP","floor":31}],"player_experience":561479,"relics_obtained":[{"floor":9,"key":"Ancient Tea Set"},{"floor":10,"key":"Shuriken"},{"floor":23,"key":"Nilry\u0027s Codex"},{"floor":26,"key":"Strawberry"},{"floor":31,"key":"FossilizedHelix"}],"event_choices":[{"damage_healed":0,"gold_gain":0,"player_choice":"Entered Light","damage_taken":16,"max_hp_gain":0,"max_hp_loss":0,"event_name":"Shining Light","floor":3,"gold_loss":0,"cards_upgraded":["Defend_R","Defend_R"]},{"damage_healed":0,"gold_gain":0,"player_choice":"Take Damage","damage_taken":20,"relics_obtained":["Golden Idol"],"max_hp_gain":0,"max_hp_loss":0,"event_name":"Golden Idol","floor":5,"gold_loss":0},{"damage_healed":0,"gold_gain":0,"player_choice":"Got Potions","damage_taken":0,"max_hp_gain":0,"max_hp_loss":0,"event_name":"Lab","floor":14,"gold_loss":0},{"damage_healed":0,"gold_gain":0,"player_choice":"Gave Idol","damage_taken":0,"relics_obtained":["Bloody Idol"],"max_hp_gain":0,"max_hp_loss":0,"event_name":"Forgotten Altar","floor":21,"relics_lost":["Golden Idol"],"gold_loss":0},{"damage_healed":0,"gold_gain":0,"player_choice":"Obtained Book","damage_taken":16,"max_hp_gain":0,"max_hp_loss":0,"event_name":"Cursed Tome","floor":23,"gold_loss":0},{"damage_healed":0,"gold_gain":0,"player_choice":"Ignored","damage_taken":0,"max_hp_gain":0,"max_hp_loss":0,"event_name":"WeMeetAgain","floor":27,"gold_loss":0}],"is_beta":false,"boss_relics":[{"not_picked":["Orrery","Astrolabe"],"picked":"Black Blood"}],"items_purged_floors":[12,24],"is_endless":false,"potions_floor_spawned":[4,16,20,28,30,31],"killed_by":"Champ","ascension_level":0}