{"path_per_floor":["M","M","?","?","M","R","M","R","T","$","$","M","R","M","R","B",null,"M","?","$","M","M","R","E","M","T","$","M","R","M","E","R","B",null,"M","M","$","?","?","E","R","E","T","R","$","M","R","M","R","B"],"character_chosen":"THE_SILENT","items_purchased":["Omamori","Footwork","Footwork","Dexterity Potion","Apotheosis","Finesse"],"gold_per_floor":[213,227,227,227,238,238,250,250,280,205,50,63,63,83,83,180,180,191,191,21,33,43,43,74,84,107,22,35,35,55,86,86,186,186,206,218,16,16,70,98,98,133,133,133,32,48,48,63,63,63],"floor_reached":51,"campfire_rested":2,"playtime":6289,"current_hp_per_floor":[52,52,52,52,50,50,50,50,50,50,50,50,50,43,43,26,70,55,49,49,46,49,49,28,14,14,14,22,36,49,49,49,24,49,49,42,42,49,49,35,35,49,49,49,49,49,49,40,49,28],"items_purged":["Strike_G","Defend_G"],"gold":63,"play_id":"71f34564-ffcd-4aa3-a9fb-e0a3c772467f","is_prod":false,"is_daily":false,"campfire_rituals":0,"campfire_upgraded":7,"is_hardmode":false,"path_taken":["M","M","?","?","M","R","M","R","T","?","$","M","R","M","R","BOSS","M","?","?","M","M","R","E","?","T","$","M","R","M","E","R","BOSS","M","M","$","?","?","E","R","E","T","R","$","M","R","M","R","BOSS"],"build_version":"2018-01-18-PROD4","purchased_purges":3,"victory":true,"master_deck":["Defend_G","Survivor","Neutralize","Dash","Leg Sweep","Deflect","Deadly Poison","Bane","Glass Knife","Dagger Throw","Bite_G","Bite_G","Bite_G","Bite_G","Bite_G","Footwork","Deflect","Prepared","Burst","Footwork","Backflip","Flying Knee","Poisoned Stab","Burst","Infinite Blades","Catalyst","Apotheosis","Poisoned Stab","Acrobatics","Finesse","Catalyst","Blur"],"max_hp_per_floor":[70,70,70,70,70,70,70,70,70,70,70,70,70,70,70,70,70,70,49,49,49,49,49,49,49,49,49,49,49,49,49,49,49,49,49,49,49,49,49,49,49,49,49,49,49,49,49,49,49,49],"relics":["Ring of the Snake","Tiny Chest","Omamori","Philosopher\u0027s Stone","Oddly Smooth Stone","Bag of Preparation","Dodecahedron","Sozu","Peace Pipe","Bottled Flame","Orichalcum","Toolbox"],"campfire_meditates":0,"card_choices":[{"not_picked":["Cloak And Dagger","Poisoned Stab"],"picked":"Dash"},{"not_picked":["Accuracy","Flying Knee"],"picked":"Leg Sweep"},{"not_picked":["Catalyst","Riddle With Holes"],"picked":"Deflect"},{"not_picked":["Slice","Calculated Gamble"],"picked":"Deadly Poison"},{"not_picked":["Reflex","PiercingWail"],"picked":"Bane"},{"not_picked":["Venomology","After Image"],"picked":"Glass Knife"},{"not_picked":["Poisoned Stab","Underhanded Strike"],"picked":"Dagger Throw"},{"not_picked":["Dagger Throw","Slice"],"picked":"Deflect"},{"not_picked":["Dagger Spray","PiercingWail"],"picked":"Prepared"},{"not_picked":["Leg Sweep","Cloak And Dagger"],"picked":"Burst"},{"not_picked":["Cloak And Dagger","Choke"],"picked":"Backflip"},{"not_picked":["Riddle With Holes","PiercingWail"],"picked":"Flying Knee"},{"not_picked":["Riddle With Holes","Eviscerate"],"picked":"Poisoned Stab"},{"not_picked":["Storm of Steel","After Image"],"picked":"Burst"},{"not_picked":["Finisher","Dagger Spray"],"picked":"Infinite Blades"},{"not_picked":["Deflect","Infinite Blades"],"picked":"Catalyst"},{"not_picked":["Doppelganger","Heel Hook"],"picked":"Poisoned Stab"},{"not_picked":["Dodge and Roll","Bane"],"picked":"Acrobatics"},{"not_picked":["Outmaneuver","Deflect"],"picked":"Catalyst"},{"not_picked":["Unload","Poisoned Stab"],"picked":"Blur"}],"player_experience":73112,"potions_floor_usage":[],"damage_taken":[{"damage":18.0,"enemies":"Jaw Worm","floor":1.0,"turns":9.0},{"damage":0.0,"enemies":"Small Slimes","floor":2.0,"turns":5.0},{"damage":2.0,"enemies":"2 Louse","floor":5.0,"turns":3.0},{"damage":0.0,"enemies":"Large Slime","floor":7.0,"turns":13.0},{"damage":0.0,"enemies":"Red Slaver","floor":12.0,"turns":4.0},{"damage":7.0,"enemies":"Exordium Thugs","floor":14.0,"turns":6.0},{"damage":17.0,"enemies":"Hexaghost","floor":16.0,"turns":14.0},{"damage":15.0,"enemies":"3 Byrds","floor":18.0,"turns":5.0},{"damage":7.0,"enemies":"2 Thieves","floor":21.0,"turns":4.0},{"damage":2.0,"enemies":"Snecko","floor":22.0,"turns":6.0},{"damage":30.0,"enemies":"Book of Stabbing","floor":24.0,"turns":7.0},{"damage":24.0,"enemies":"Sentry and Sphere","floor":25.0,"turns":8.0},{"damage":0.0,"enemies":"Snake Plant","floor":28.0,"turns":5.0},{"damage":0.0,"enemies":"3 Cultists","floor":30.0,"turns":8.0},{"damage":1.0,"enemies":"Gremlin Leader","floor":31.0,"turns":8.0},{"damage":25.0,"enemies":"Collector","floor":33.0,"turns":16.0},{"damage":1,"enemies":"3 Shapes","floor":35,"turns":7},{"damage":9,"enemies":"3 Darklings","floor":36,"turns":5},{"damage":3,"enemies":"Mysterious Sphere","floor":39,"turns":7},{"damage":26,"enemies":"2 Orb Walkers","floor":40,"turns":6},{"damage":0,"enemies":"Giant Head","floor":42,"turns":9},{"damage":0,"enemies":"4 Shapes","floor":46,"turns":8},{"damage":9,"enemies":"Maw","floor":48,"turns":3},{"damage":45,"enemies":"Awakened One","floor":50,"turns":15}],"event_choices":[{"event_name":"Living Wall","player_choice":"Forget","floor":3.0,"damage_taken":0.0},{"event_name":"Wheel of Change","player_choice":"Card Removal","floor":4.0,"damage_taken":0.0},{"event_name":"Vampires","player_choice":"Became a vampire","floor":19.0,"damage_taken":0.0},{"event_name":"Winding Halls","player_choice":"Writhe","floor":38,"damage_taken":0},{"event_name":"Mysterious Sphere","player_choice":"Fight","floor":39,"damage_taken":0}],"boss_relics":[{"not_picked":["Calling Bell","The Specimen"],"picked":"Sozu"}],"potions_floor_spawned":[5,12,16,21,22,24,31,36,39,40],"seed_played":"-4572434228454455396","is_trial":false}