{"path_per_floor":["M","M","M","M","M","E","M","M","T","?","?","$","M","M","R","B",null,"M","?","M","M","M","R","E","M","T","M","?","$","?","M","R","B",null,"M","?","M","$","M","R","?"],"character_chosen":"IRONCLAD","items_purchased":["Demon Form","Paper Frog","Self Forming Clay"],"gold_per_floor":[118,137,150,160,179,214,234,248,248,323,323,0,16,35,35,130,130,148,148,158,177,197,197,222,238,262,272,197,122,122,132,132,228,228,239,339,354,11,28,28,28],"floor_reached":42,"campfire_rested":0,"playtime":3514,"current_hp_per_floor":[80,80,80,60,66,36,39,45,45,34,34,34,31,25,25,24,80,69,54,45,45,33,33,24,30,30,36,36,36,36,33,33,35,85,58,58,56,56,37,37,37],"items_purged":["Strike_R","Strike_R"],"gold":28,"score":403,"play_id":"d8247a77-2d99-40fd-bed2-6ba754484cb5","is_prod":false,"is_daily":false,"is_ascension_mode":false,"campfire_upgraded":4,"path_taken":["M","M","?","M","M","E","M","M","T","?","?","?","M","?","R","BOSS","M","?","?","M","M","R","E","?","T","M","?","?","?","M","R","BOSS","M","?","M","$","M","R","?","M"],"build_version":"2018-02-15-PROD1","purchased_purges":2,"victory":false,"master_deck":["Strike_R","Defend_R+1","Defend_R","Defend_R+1","Defend_R","Bash","Clothesline","Blood for Blood","Pummel+1","Reckless Charge","Spot Weakness+1","Demon Form+1","Metallicize+1","Intimidate","Barricade","Blood for Blood","Flame Barrier+1","Feed","Thunderclap","Barricade","Rampage","Dramatic Entrance"],"max_hp_per_floor":[80,80,80,80,80,80,80,80,80,80,80,80,80,80,80,80,80,80,85,85,85,85,85,85,85,85,85,85,85,85,85,85,85,85,88,88,88,88,88,88,88],"relics":["Burning Blood","War Paint","Bag of Preparation","Bottled Lightning","Paper Frog","Snecko Eye","Girya","Pen Nib","Runic Pyramid","Self Forming Clay"],"card_choices":[{"not_picked":["Headbutt","Heavy Blade"],"picked":"Clothesline"},{"not_picked":["Havoc","Iron Wave"],"picked":"Blood for Blood"},{"not_picked":["Fire Breathing","Brutality"],"picked":"Pummel"},{"not_picked":["Sword Boomerang","Pommel Strike"],"picked":"Reckless Charge"},{"not_picked":["Armaments","Body Slam"],"picked":"Spot Weakness"},{"not_picked":["Anger","Flame Barrier"],"picked":"Metallicize"},{"not_picked":["Second Wind","Twin Strike"],"picked":"Intimidate"},{"not_picked":["Reaper","Limit Break"],"picked":"Barricade"},{"not_picked":["Fire Breathing","True Grit"],"picked":"Blood for Blood"},{"not_picked":["Shrug It Off","Rupture"],"picked":"Flame Barrier"},{"not_picked":["Brutality","Barricade"],"picked":"Feed"},{"not_picked":["Combust","Iron Wave"],"picked":"Thunderclap"}],"player_experience":102133,"potions_floor_usage":[7,14,16,20,24,33],"damage_taken":[{"damage":0,"enemies":"Cultist","floor":1,"turns":3},{"damage":0,"enemies":"2 Louse","floor":2,"turns":3},{"damage":0,"enemies":"Small Slimes","floor":3,"turns":3},{"damage":26,"enemies":"Exordium Thugs","floor":4,"turns":6},{"damage":0,"enemies":"2 Fungi Beasts","floor":5,"turns":3},{"damage":36,"enemies":"Lagavulin","floor":6,"turns":6},{"damage":18,"enemies":"Lots of Slimes","floor":7,"turns":6},{"damage":0,"enemies":"Red Slaver","floor":8,"turns":5},{"damage":9,"enemies":"Blue Slaver","floor":13,"turns":3},{"damage":12,"enemies":"Exordium Thugs","floor":14,"turns":6},{"damage":7,"enemies":"Hexaghost","floor":16,"turns":7},{"damage":17,"enemies":"Spheric Guardian","floor":18,"turns":4},{"damage":15,"enemies":"Chosen","floor":20,"turns":5},{"damage":6,"enemies":"Centurion and Healer","floor":21,"turns":6},{"damage":18,"enemies":"Sentry and Sphere","floor":22,"turns":4},{"damage":15,"enemies":"Gremlin Leader","floor":24,"turns":5},{"damage":0,"enemies":"Snecko","floor":25,"turns":7},{"damage":0,"enemies":"Chosen and Byrds","floor":27,"turns":6},{"damage":9,"enemies":"Snake Plant","floor":31,"turns":2},{"damage":4,"enemies":"Champ","floor":33,"turns":10},{"damage":36,"enemies":"3 Darklings","floor":35,"turns":6},{"damage":8,"enemies":"Orb Walker","floor":37,"turns":4},{"damage":25,"enemies":"Sphere and 2 Shapes","floor":39,"turns":6},{"damage":40,"enemies":"Maw","floor":42,"turns":7}],"event_choices":[{"event_name":"World of Goop","player_choice":"Gather Gold","floor":10,"damage_taken":0},{"event_name":"Purifier","player_choice":"One Purge","floor":11,"damage_taken":0},{"event_name":"Forgotten Altar","player_choice":"Shed Blood","floor":19,"damage_taken":0},{"event_name":"Beggar","player_choice":"Gave Gold","floor":28,"damage_taken":0},{"event_name":"Upgrade Shrine","player_choice":"Upgraded","floor":30,"damage_taken":0},{"event_name":"Golden Shrine","player_choice":"Pray","floor":36,"damage_taken":0},{"event_name":"Match and Keep!","player_choice":"3 cards matched","floor":41,"damage_taken":0}],"boss_relics":[{"not_picked":["Ectoplasm","Runic Cube"],"picked":"Snecko Eye"},{"not_picked":["Runic Dome","Velvet Choker"],"picked":"Runic Pyramid"}],"potions_floor_spawned":[2,3,6,13,16,18,21,22],"seed_played":"-4178734362893524552","killed_by":"Maw","ascension_level":0,"is_trial":false}