{"gold_per_floor":[117,117,42,42,42,42,54,54,108,126,141,169,188,204,204,309,309,319,334,433,433,449,449,460,479,506,506,520,520,520,540,540,639,639,654,654,654,672,572,572,592,612,612,41,0,0],"floor_reached":46,"playtime":2885,"items_purged":["Strike_B","Defend_B","Defend_B"],"score":449,"play_id":"d98b5e36-f65c-45a0-94e9-41a811802d35","local_time":"20181225010915","is_ascension_mode":false,"campfire_choices":[{"data":"Sunder","floor":6,"key":"SMITH"},{"data":"Dualcast","floor":8,"key":"SMITH"},{"data":"Zap","floor":15,"key":"SMITH"},{"data":"Meteor Strike","floor":23,"key":"SMITH"},{"data":"Cold Snap","floor":27,"key":"SMITH"},{"data":"Loop","floor":30,"key":"SMITH"},{"data":"Hologram","floor":32,"key":"SMITH"},{"data":"Madness","floor":40,"key":"SMITH"}],"neow_cost":"NONE","seed_source_timestamp":278823463177066,"circlet_count":0,"master_deck":["Defend_B","Zap+1","Dualcast+1","Sunder+1","Cold Snap+1","Hologram+1","Cold Snap","Turbo","Leap","Meteor Strike+1","Glacier+1","Loop+1","Beam Cell","Coolheaded","Capacitor","Swift Strike","Rebound","Defragment+1","Madness","Madness+1","Streamline","Barrage+1","Double Energy"],"relics":["Cracked Core","Mercury Hourglass","Bronze Scales","Orichalcum","Empty Cage","Strawberry","Velvet Choker","Mummified Hand","Bottled Tornado","Ancient Tea Set","Red Mask"],"potions_floor_usage":[12,12,19,33,33],"damage_taken":[{"damage":0,"enemies":"2 Louse","floor":1,"turns":2},{"damage":0,"enemies":"Cultist","floor":7,"turns":2},{"damage":0,"enemies":"Small Slimes","floor":10,"turns":1},{"damage":0,"enemies":"Looter","floor":11,"turns":1},{"damage":0,"enemies":"Gremlin Nob","floor":12,"turns":2},{"damage":1,"enemies":"Exordium Thugs","floor":13,"turns":2},{"damage":0,"enemies":"Exordium Wildlife","floor":14,"turns":3},{"damage":23,"enemies":"The Guardian","floor":16,"turns":7},{"damage":7,"enemies":"Shell Parasite","floor":18,"turns":4},{"damage":0,"enemies":"3 Byrds","floor":19,"turns":2},{"damage":2,"enemies":"Centurion and Healer","floor":22,"turns":9},{"damage":14,"enemies":"Snake Plant","floor":24,"turns":4},{"damage":8,"enemies":"3 Cultists","floor":25,"turns":6},{"damage":1,"enemies":"Snecko","floor":28,"turns":4},{"damage":4,"enemies":"Centurion and Healer","floor":31,"turns":4},{"damage":19,"enemies":"Collector","floor":33,"turns":16},{"damage":23,"enemies":"3 Darklings","floor":35,"turns":6},{"damage":13,"enemies":"Orb Walker","floor":38,"turns":5},{"damage":12,"enemies":"Transient","floor":41,"turns":5},{"damage":14,"enemies":"Sphere and 2 Shapes","floor":42,"turns":4},{"damage":15,"enemies":"Writhing Mass","floor":46,"turns":1}],"seed_played":"7126550045006509441","potions_obtained":[{"floor":5,"key":"Fire Potion"},{"floor":5,"key":"SpeedPotion"},{"floor":5,"key":"SneckoOil"},{"floor":7,"key":"Strength Potion"},{"floor":13,"key":"SmokeBomb"},{"floor":16,"key":"LiquidBronze"},{"floor":19,"key":"FocusPotion"},{"floor":24,"key":"AttackPotion"},{"floor":33,"key":"SpeedPotion"},{"floor":35,"key":"LiquidBronze"}],"is_trial":false,"path_per_floor":["M","?","$","T","?","R","M","R","T","M","M","E","M","M","R","B",null,"M","M","?","?","M","R","M","M","T","R","M","?","R","M","R","B",null,"M","?","?","M","$","R","M","M","T","$","?","M"],"character_chosen":"DEFECT","items_purchased":["Double Energy","Bottled Tornado","Ancient Tea Set"],"campfire_rested":0,"item_purchase_floors":[44,44,44],"current_hp_per_floor":[75,75,75,75,75,75,75,75,75,75,75,75,74,74,74,51,75,68,68,68,68,66,66,52,44,51,51,50,50,50,46,46,27,82,59,49,49,36,36,36,24,10,10,10,10,0],"gold":0,"neow_bonus":"TRANSFORM_CARD","is_prod":false,"is_daily":false,"chose_seed":false,"campfire_upgraded":8,"win_rate":0.0,"timestamp":1545728955,"path_taken":["M","?","$","?","?","R","?","R","T","?","M","E","M","M","R","BOSS","M","M","?","?","M","R","M","M","T","R","M","?","R","?","R","BOSS","M","?","?","M","$","R","M","?","T","$","?","M"],"build_version":"2018-12-20","purchased_purges":3,"victory":false,"max_hp_per_floor":[75,75,75,75,75,75,75,75,75,75,75,75,75,75,75,75,75,75,75,75,75,75,75,75,75,82,82,82,82,82,82,82,82,82,82,82,82,82,82,82,82,82,82,82,82,82],"card_choices":[{"not_picked":["Steam","Sweeping Beam","Rebound"],"picked":"SKIP","floor":1},{"not_picked":["Coolheaded","Blizzard"],"picked":"Cold Snap","floor":7},{"not_picked":["Aggregate","Rip and Tear"],"picked":"Hologram","floor":10},{"not_picked":["Chaos","Rebound"],"picked":"Cold Snap","floor":11},{"not_picked":["Compile Driver","Streamline"],"picked":"Turbo","floor":12},{"not_picked":["Hello World","Chaos"],"picked":"Leap","floor":13},{"not_picked":["Loop","Fusion","Aggregate"],"picked":"SKIP","floor":14},{"not_picked":["Multi-Cast","Machine Learning"],"picked":"Meteor Strike","floor":16},{"not_picked":["Leap+1","Beam Cell"],"picked":"Glacier+1","floor":18},{"not_picked":["Steam Power","Stack+1"],"picked":"Loop","floor":19},{"not_picked":["Steam+1","Compile Driver"],"picked":"Coolheaded","floor":22},{"not_picked":["Turbo","Aggregate","Go for the Eyes"],"picked":"SKIP","floor":24},{"not_picked":["Scrape","Turbo","Static Discharge"],"picked":"SKIP","floor":25},{"not_picked":["Double Energy","Leap"],"picked":"Capacitor","floor":28},{"not_picked":["Go for the Eyes","Sweeping Beam","Compile Driver+1"],"picked":"SKIP","floor":31},{"not_picked":["Chaos","Recycle"],"picked":"Defragment+1","floor":35},{"not_picked":["Go for the Eyes+1","Rebound+1","Lockon"],"picked":"SKIP","floor":38},{"not_picked":["Stack+1","Auto Shields+1"],"picked":"Barrage+1","floor":41},{"not_picked":["Sweeping Beam+1","Steam+1","Lockon+1"],"picked":"SKIP","floor":42}],"player_experience":243320,"relics_obtained":[{"floor":4,"key":"Mercury Hourglass"},{"floor":9,"key":"Bronze Scales"},{"floor":12,"key":"Orichalcum"},{"floor":26,"key":"Strawberry"},{"floor":43,"key":"Mummified Hand"}],"event_choices":[{"damage_healed":0,"gold_gain":0,"player_choice":"Bought 0 Potions","damage_taken":0,"max_hp_gain":0,"max_hp_loss":0,"event_name":"The Woman in Blue","floor":2,"gold_loss":0},{"damage_healed":0,"gold_gain":0,"player_choice":"Got Potions","damage_taken":0,"max_hp_gain":0,"max_hp_loss":0,"event_name":"Lab","floor":5,"gold_loss":0},{"damage_healed":0,"gold_gain":99,"player_choice":"Stole From Cult","damage_taken":0,"max_hp_gain":0,"max_hp_loss":0,"event_name":"Nest","floor":20,"gold_loss":0},{"damage_healed":0,"gold_gain":0,"player_choice":"Read","damage_taken":0,"max_hp_gain":0,"max_hp_loss":0,"event_name":"The Library","floor":21,"gold_loss":0,"cards_obtained":["Beam Cell"]},{"damage_healed":0,"gold_gain":0,"player_choice":"2 cards matched","damage_taken":0,"max_hp_gain":0,"max_hp_loss":0,"event_name":"Match and Keep!","floor":29,"gold_loss":0,"cards_obtained":["Swift Strike","Rebound"]},{"damage_healed":0,"gold_gain":0,"player_choice":"Embrace Madness","damage_taken":10,"max_hp_gain":0,"max_hp_loss":0,"event_name":"Winding Halls","floor":36,"gold_loss":0,"cards_obtained":["Madness","Madness"]},{"damage_healed":0,"gold_gain":0,"cards_transformed":["Defend_B"],"player_choice":"Transformed","damage_taken":0,"max_hp_gain":0,"max_hp_loss":0,"event_name":"Transmorgrifier","floor":37,"gold_loss":0,"cards_obtained":["Streamline"]},{"damage_healed":0,"gold_gain":0,"player_choice":"Paid","damage_taken":0,"relics_obtained":["Red Mask"],"max_hp_gain":0,"max_hp_loss":0,"event_name":"Tomb of Lord Red Mask","floor":45,"gold_loss":41}],"is_beta":false,"boss_relics":[{"not_picked":["Busted Crown","Pandora\u0027s Box"],"picked":"Empty Cage"},{"not_picked":["Orrery","Philosopher\u0027s Stone"],"picked":"Velvet Choker"}],"items_purged_floors":[3,39,44],"is_endless":false,"potions_floor_spawned":[7,10,13,16,19,24,33,35,38],"killed_by":"Writhing Mass","ascension_level":0}