{"path_per_floor":["M","$","M","M","?","R","E","?","T","M","T","?","R","M","R","B",null,"M","?","?","?","$","R","M","M","T","$","R","?","M","M","R","B",null,"M","?","?","M","?","E","M","R","T","M","R","$","R","M","R","B"],"character_chosen":"IRONCLAD","items_purchased":["Juzu Bracelet"],"gold_per_floor":[145,70,80,97,97,97,127,127,178,193,193,193,193,204,204,302,302,302,302,302,302,202,202,172,172,172,20,20,20,20,20,20,20,20,20,20,0,0,0,0,0,0,0,0,0,0,0,0,0,0],"floor_reached":51,"campfire_rested":0,"playtime":4237,"current_hp_per_floor":[80,80,80,78,60,60,32,16,16,28,28,48,48,54,54,33,80,80,64,56,56,56,56,48,51,51,51,51,35,49,42,42,25,56,56,41,41,53,43,51,56,56,56,56,56,56,56,56,56,51],"items_purged":["Strike_R","Writhe"],"gold":0,"play_id":"64e15d41-30fd-4f49-94f3-9781c37e02d2","is_prod":false,"is_daily":false,"campfire_rituals":0,"campfire_upgraded":10,"is_hardmode":false,"path_taken":["M","$","M","M","?","R","E","?","T","?","?","?","R","M","R","BOSS","M","?","?","?","$","R","M","M","T","?","R","?","M","M","R","BOSS","M","?","?","M","?","E","M","R","T","M","R","$","R","M","R","BOSS"],"build_version":"2018-01-18-PROD3","purchased_purges":2,"victory":true,"master_deck":["Defend_R","Defend_R","Defend_R","Defend_R","Bash","Armaments","Uppercut","Clash","Dropkick","Whirlwind","Parasite","Dark Embrace","Armaments","Bite_R","Bite_R","Bite_R","Bite_R","Bite_R","Iron Wave","Trip","Dropkick","Flex","Impervious","Body Slam","True Grit","Body Slam","Madness","Madness","Flame Barrier","Warcry","Warcry","Feel No Pain"],"max_hp_per_floor":[80,80,80,80,80,80,80,80,80,80,80,80,80,80,80,80,80,80,80,56,56,56,56,56,56,56,56,56,56,56,56,56,56,56,56,56,56,56,56,56,56,56,56,56,56,56,56,56,56,56],"relics":["Black Blood","Tiny Chest","Toolbox","Oddly Smooth Stone","Ancient Tea Set","Champion Belt","Ectoplasm","Enchiridion","Bronze Scales","Gambling Chip","Juzu Bracelet","Charon\u0027s Ashes","Red Mask","Dream Catcher","Vajra"],"campfire_meditates":0,"card_choices":[{"not_picked":["Clothesline","True Grit"],"picked":"Armaments"},{"not_picked":["Headbutt","Pommel Strike"],"picked":"Uppercut"},{"not_picked":["Second Wind","Clothesline"],"picked":"Clash"},{"not_picked":["Cleave","Feel No Pain"],"picked":"Dropkick"},{"not_picked":["Cleave","Headbutt"],"picked":"Whirlwind"},{"not_picked":["Fiend Fire","Limit Break"],"picked":"Dark Embrace"},{"not_picked":["Cleave","Whirlwind"],"picked":"Armaments"},{"not_picked":["Power Through","Sword Boomerang"],"picked":"Iron Wave"},{"not_picked":["Clothesline","Body Slam"],"picked":"Dropkick"},{"not_picked":["Rupture","Armaments"],"picked":"Flex"},{"not_picked":["Feed","Demon Form"],"picked":"Impervious"},{"not_picked":["True Grit","Fire Breathing"],"picked":"Body Slam"},{"not_picked":["Perfected Strike","Infernal Blade"],"picked":"True Grit"},{"not_picked":["Cleave","Twin Strike"],"picked":"Body Slam"},{"not_picked":["Combust","Blood for Blood"],"picked":"Flame Barrier"},{"not_picked":["Thunderclap","Pommel Strike"],"picked":"Warcry"},{"not_picked":["Heavy Blade","Perfected Strike"],"picked":"Warcry"},{"not_picked":["Reckless Charge","Whirlwind"],"picked":"Feel No Pain"}],"player_experience":51612,"potions_floor_usage":[50],"damage_taken":[{"damage":0.0,"enemies":"Small Slimes","floor":1.0,"turns":3.0},{"damage":2.0,"enemies":"2 Louse","floor":3.0,"turns":3.0},{"damage":8.0,"enemies":"Blue Slaver","floor":4.0,"turns":6.0},{"damage":34.0,"enemies":"3 Sentries","floor":7.0,"turns":9.0},{"damage":0.0,"enemies":"2 Fungi Beasts","floor":10.0,"turns":3.0},{"damage":0.0,"enemies":"Looter","floor":14.0,"turns":2.0},{"damage":27.0,"enemies":"The Guardian","floor":16.0,"turns":9.0},{"damage":0.0,"enemies":"Shell Parasite","floor":18.0,"turns":2.0},{"damage":14.0,"enemies":"2 Thieves","floor":24.0,"turns":2.0},{"damage":9.0,"enemies":"Centurion and Healer","floor":25.0,"turns":4.0},{"damage":9.0,"enemies":"Snake Plant","floor":30.0,"turns":4.0},{"damage":23.0,"enemies":"Snecko","floor":31.0,"turns":6.0},{"damage":48.0,"enemies":"Automaton","floor":33.0,"turns":8.0},{"damage":17.0,"enemies":"3 Shapes","floor":35.0,"turns":5.0},{"damage":34.0,"enemies":"Mysterious Sphere","floor":36.0,"turns":6.0},{"damage":0.0,"enemies":"Orb Walker","floor":38.0,"turns":3.0},{"damage":6.0,"enemies":"2 Orb Walkers","floor":40.0,"turns":3.0},{"damage":3.0,"enemies":"Maw","floor":41.0,"turns":6.0},{"damage":6,"enemies":"4 Shapes","floor":44,"turns":2},{"damage":0,"enemies":"Sphere and 2 Shapes","floor":48,"turns":4},{"damage":30,"enemies":"Awakened One","floor":50,"turns":12}],"event_choices":[{"event_name":"Scrap Ooze","player_choice":"success","floor":5.0,"damage_taken":18.0},{"event_name":"Shining Light","player_choice":"Entered Light","floor":8.0,"damage_taken":0.0},{"event_name":"Mushrooms","player_choice":"Healed and dodged fight","floor":12.0,"damage_taken":0.0},{"event_name":"Cursed Tome","player_choice":"Obtained Book","floor":19.0,"damage_taken":0.0},{"event_name":"Vampires","player_choice":"Became a vampire","floor":20.0,"damage_taken":0.0},{"event_name":"The Mausoleum","player_choice":"Yes","floor":21.0,"damage_taken":0.0},{"event_name":"Knowing Skull","player_choice":"CARD ","floor":29.0,"damage_taken":0.0},{"event_name":"Mysterious Sphere","player_choice":"Fight","floor":36.0,"damage_taken":0.0},{"event_name":"Tomb of Lord Red Mask","player_choice":"Paid","floor":37.0,"damage_taken":0.0},{"event_name":"Winding Halls","player_choice":"Embrace Madness","floor":39.0,"damage_taken":0.0}],"boss_relics":[],"potions_floor_spawned":[7,10,14,16,18,24,31,36,44,48],"seed_played":"-5211444658685660622","is_trial":false}