{"gold_per_floor":[20,31,48,63,74,106,106,67,67,85,95,105,28,28,28,131,131,151,151,151,2,17,17,27,27,51,66,66,83,97,116,116,217,217,237,41,60,78,88,88],"floor_reached":40,"playtime":1993,"items_purged":["Strike_B"],"score":398,"play_id":"c71b9e71-b420-4fda-8198-57bbdd3c589d","local_time":"20190217125046","is_ascension_mode":false,"campfire_choices":[{"data":"Dualcast","floor":7,"key":"SMITH"},{"floor":15,"key":"REST"},{"data":"Chaos","floor":23,"key":"SMITH"},{"floor":25,"key":"REST"},{"floor":32,"key":"REST"}],"neow_cost":"NO_GOLD","seed_source_timestamp":4663965544314,"circlet_count":0,"master_deck":["Strike_B","Strike_B","Strike_B","Defend_B","Defend_B","Defend_B","Defend_B","Zap","Dualcast+1","Ball Lightning","Glacier","Glacier","Redo","Auto Shields","Self Repair+1","Chaos+1","Conserve Battery","Hello World+1","Doom and Gloom","Rainbow","Compile Driver+1","Loop+1","Ball Lightning+1","Defragment+1","Redo+1","Beam Cell+1","Capacitor+1","Static Discharge+1","Self Repair+1","Creative AI+1","Compile Driver+1","Leap+1","Parasite","Steam+1"],"relics":["Cracked Core","Nunchaku","Frozen Egg 2","Gremlin Horn","Philosopher\u0027s Stone","Dream Catcher","Pen Nib","Eternal Feather","ClockworkSouvenir"],"potions_floor_usage":[11,16,16,22,31,35,38,38,40],"damage_taken":[{"damage":1,"enemies":"Cultist","floor":1,"turns":3},{"damage":1,"enemies":"2 Louse","floor":2,"turns":2},{"damage":6,"enemies":"Jaw Worm","floor":3,"turns":3},{"damage":3,"enemies":"Red Slaver","floor":4,"turns":4},{"damage":5,"enemies":"Large Slime","floor":5,"turns":5},{"damage":19,"enemies":"Gremlin Nob","floor":6,"turns":4},{"damage":31,"enemies":"Gremlin Gang","floor":10,"turns":5},{"damage":0,"enemies":"Exordium Wildlife","floor":11,"turns":4},{"damage":0,"enemies":"Blue Slaver","floor":12,"turns":3},{"damage":21,"enemies":"The Guardian","floor":16,"turns":11},{"damage":0,"enemies":"Spheric Guardian","floor":18,"turns":3},{"damage":9,"enemies":"Chosen","floor":22,"turns":5},{"damage":21,"enemies":"Snake Plant","floor":24,"turns":3},{"damage":8,"enemies":"Chosen and Byrds","floor":27,"turns":6},{"damage":0,"enemies":"Snecko","floor":29,"turns":4},{"damage":22,"enemies":"Centurion and Healer","floor":30,"turns":5},{"damage":36,"enemies":"3 Cultists","floor":31,"turns":6},{"damage":11,"enemies":"Automaton","floor":33,"turns":9},{"damage":20,"enemies":"3 Shapes","floor":35,"turns":3},{"damage":22,"enemies":"3 Darklings","floor":37,"turns":6},{"damage":54,"enemies":"Writhing Mass","floor":38,"turns":7},{"damage":17,"enemies":"Sphere and 2 Shapes","floor":39,"turns":6},{"damage":50,"enemies":"Reptomancer","floor":40,"turns":2}],"seed_played":"5825744747516700483","potions_obtained":[{"floor":2,"key":"FocusPotion"},{"floor":5,"key":"SpeedPotion"},{"floor":6,"key":"Energy Potion"},{"floor":10,"key":"SkillPotion"},{"floor":11,"key":"FearPotion"},{"floor":18,"key":"PowerPotion"},{"floor":27,"key":"SneckoOil"},{"floor":33,"key":"FearPotion"},{"floor":37,"key":"Fire Potion"},{"floor":39,"key":"Regen Potion"}],"is_trial":false,"path_per_floor":["M","M","M","M","M","E","R","?","T","M","M","M","$","?","R","B",null,"M","T","?","$","M","R","M","R","T","M","$","M","M","M","R","B",null,"M","$","M","M","M","E"],"character_chosen":"DEFECT","items_purchased":["Doom and Gloom","Loop+1","ClockworkSouvenir"],"campfire_rested":3,"item_purchase_floors":[13,21,36],"current_hp_per_floor":[74,73,67,64,59,40,40,40,40,19,29,29,29,29,51,30,75,75,75,75,75,75,75,54,75,75,75,75,75,63,37,59,58,75,75,75,73,39,32,0],"gold":88,"neow_bonus":"ONE_RARE_RELIC","is_prod":false,"is_daily":false,"chose_seed":false,"campfire_upgraded":2,"win_rate":0,"timestamp":1550429446,"path_taken":["M","M","M","M","?","E","R","?","T","M","M","M","$","?","R","BOSS","M","?","?","$","M","R","M","R","T","M","$","?","M","M","R","BOSS","M","$","M","M","M","E"],"build_version":"2019-01-23","purchased_purges":1,"victory":false,"max_hp_per_floor":[75,75,75,75,75,75,75,75,75,75,75,75,75,75,75,75,75,75,75,75,75,75,75,75,75,75,75,75,75,75,75,75,75,75,75,75,75,75,75,75],"card_choices":[{"not_picked":["Cold Snap","Sweeping Beam"],"picked":"Ball Lightning","floor":1},{"not_picked":["Sweeping Beam","Darkness"],"picked":"Glacier","floor":2},{"not_picked":["FTL","Beam Cell"],"picked":"Glacier","floor":3},{"not_picked":["Stack","BootSequence"],"picked":"Redo","floor":4},{"not_picked":["Steam","Stack"],"picked":"Auto Shields","floor":5},{"not_picked":["Stack","Gash"],"picked":"Self Repair","floor":6},{"not_picked":["Aggregate","Double Energy"],"picked":"Chaos","floor":10},{"not_picked":["Ball Lightning","FTL"],"picked":"Conserve Battery","floor":11},{"not_picked":["Steam Power","Streamline"],"picked":"Hello World+1","floor":12},{"not_picked":["Reboot","Amplify"],"picked":"Rainbow","floor":16},{"not_picked":["Glacier","Ball Lightning"],"picked":"Compile Driver+1","floor":18},{"not_picked":["Rebound+1","Consume"],"picked":"Ball Lightning+1","floor":22},{"not_picked":["Conserve Battery","Glacier+1","Coolheaded"],"picked":"SKIP","floor":24},{"not_picked":["Leap+1","Sunder"],"picked":"Defragment+1","floor":25},{"not_picked":["Creative AI+1","Go for the Eyes"],"picked":"Redo+1","floor":27},{"not_picked":["Compile Driver","Leap"],"picked":"Beam Cell+1","floor":29},{"not_picked":["Ball Lightning+1","Sunder"],"picked":"Capacitor+1","floor":30},{"not_picked":["Defragment+1","Steam+1"],"picked":"Static Discharge+1","floor":31},{"not_picked":["Streamline","Stack"],"picked":"Self Repair+1","floor":32},{"not_picked":["Amplify","Meteor Strike"],"picked":"Creative AI+1","floor":33},{"not_picked":["Streamline","Rebound+1"],"picked":"Compile Driver+1","floor":35},{"not_picked":["Hello World+1","Compile Driver"],"picked":"Leap+1","floor":37},{"not_picked":["Gash+1","Go for the Eyes","Ball Lightning"],"picked":"SKIP","floor":38},{"not_picked":["Go for the Eyes","Doom and Gloom+1"],"picked":"Steam+1","floor":39}],"player_experience":171811,"relics_obtained":[{"floor":6,"key":"Frozen Egg 2"},{"floor":9,"key":"Gremlin Horn"},{"floor":19,"key":"Dream Catcher"},{"floor":26,"key":"Pen Nib"}],"event_choices":[{"damage_healed":0,"gold_gain":0,"player_choice":"Left Gold","damage_taken":0,"max_hp_gain":0,"max_hp_loss":0,"event_name":"World of Goop","floor":8,"gold_loss":39},{"damage_healed":0,"gold_gain":0,"player_choice":"Leave","damage_taken":0,"max_hp_gain":0,"max_hp_loss":0,"event_name":"FaceTrader","floor":14,"gold_loss":0},{"damage_healed":0,"gold_gain":0,"player_choice":"Ignored","damage_taken":0,"max_hp_gain":0,"max_hp_loss":0,"event_name":"NoteForYourself","floor":20,"gold_loss":0}],"is_beta":false,"boss_relics":[{"not_picked":["Orrery","Lizard Tail"],"picked":"Philosopher\u0027s Stone"},{"not_picked":["Fusion Hammer","Snecko Eye"],"picked":"Eternal Feather"}],"items_purged_floors":[21],"is_endless":false,"potions_floor_spawned":[2,5,6,10,11,18,27,33,37,39],"killed_by":"Reptomancer","ascension_level":0}