{"gold_per_floor":[109,126,77,96,110,136,154,210,210,226,226,226,21,37,37,142,142,157,13,13,0,12,12,22,50,50,50,65,75,75,75,75,175,175,190,208,258,258,7,7,40,40,40,50,50,50,63,80,80,80],"floor_reached":50,"playtime":2462,"items_purged":["Strike_B"],"score":579,"play_id":"3757bda1-bcbb-4e94-8f78-5acf75779f5e","local_time":"20190228154235","is_ascension_mode":false,"campfire_choices":[{"floor":12,"key":"REST"},{"floor":15,"key":"REST"},{"floor":23,"key":"REST"},{"floor":27,"key":"REST"},{"floor":30,"key":"REST"},{"floor":32,"key":"REST"},{"data":"Echo Form","floor":40,"key":"SMITH"},{"floor":42,"key":"REST"},{"floor":49,"key":"REST"}],"neow_cost":"NONE","seed_source_timestamp":10564342106903,"circlet_count":0,"master_deck":["Zap","Dualcast","Cold Snap","Cold Snap","Ball Lightning","Sweeping Beam+1","Gash","Gash","Leap","Blizzard","Redo","Leap","Ball Lightning","Echo Form+1","Rebound","White Noise","Gash+1","Hologram+1","Sunder","White Noise","Beam Cell","Gash+1","Scrape","Leap","Darkness","Barrage","Coolheaded","Rebound","Hello World","Cold Snap+1","Static Discharge","Chill+1","Double Energy+1","Blizzard+1","Tempest+1","Core Surge"],"relics":["Cracked Core","Art of War","Centennial Puzzle","Tiny Chest","Mummified Hand","Mercury Hourglass","Regal Pillow","Black Star","Question Card","Pen Nib","Cables","Pandora\u0027s Box","Mango","Whetstone","Omamori","Kunai","Gremlin Horn"],"potions_floor_usage":[6,8,25,25,25,36,37,41,50,50,50],"damage_taken":[{"damage":0,"enemies":"Cultist","floor":1,"turns":3},{"damage":1,"enemies":"Jaw Worm","floor":2,"turns":3},{"damage":0,"enemies":"2 Louse","floor":4,"turns":2},{"damage":3,"enemies":"2 Fungi Beasts","floor":5,"turns":4},{"damage":11,"enemies":"Gremlin Nob","floor":6,"turns":3},{"damage":5,"enemies":"Looter","floor":7,"turns":2},{"damage":11,"enemies":"Lagavulin","floor":8,"turns":6},{"damage":17,"enemies":"Large Slime","floor":10,"turns":5},{"damage":2,"enemies":"Lots of Slimes","floor":14,"turns":2},{"damage":14,"enemies":"Slime Boss","floor":16,"turns":8},{"damage":5,"enemies":"Chosen","floor":18,"turns":3},{"damage":22,"enemies":"Shell Parasite","floor":22,"turns":5},{"damage":29,"enemies":"Shelled Parasite and Fungi","floor":24,"turns":7},{"damage":36,"enemies":"Book of Stabbing","floor":25,"turns":6},{"damage":7,"enemies":"Cultist and Chosen","floor":28,"turns":5},{"damage":21,"enemies":"Snake Plant","floor":29,"turns":4},{"damage":24,"enemies":"Champ","floor":33,"turns":9},{"damage":14,"enemies":"3 Shapes","floor":35,"turns":4},{"damage":26,"enemies":"3 Darklings","floor":36,"turns":4},{"damage":26,"enemies":"2 Orb Walkers","floor":37,"turns":3},{"damage":31,"enemies":"Nemesis","floor":41,"turns":5},{"damage":17,"enemies":"Spire Growth","floor":44,"turns":5},{"damage":13,"enemies":"Sphere and 2 Shapes","floor":47,"turns":5},{"damage":8,"enemies":"4 Shapes","floor":48,"turns":3},{"damage":97,"enemies":"Donu and Deca","floor":50,"turns":8}],"seed_played":"-7240157510926519489","potions_obtained":[{"floor":1,"key":"Dexterity Potion"},{"floor":5,"key":"AttackPotion"},{"floor":10,"key":"GamblersBrew"},{"floor":16,"key":"LiquidBronze"},{"floor":18,"key":"PowerPotion"},{"floor":24,"key":"SkillPotion"},{"floor":29,"key":"Explosive Potion"},{"floor":35,"key":"FearPotion"},{"floor":41,"key":"PowerPotion"},{"floor":48,"key":"Block Potion"}],"is_trial":false,"path_per_floor":["M","M","$","M","M","E","M","E","T","M","T","R","$","M","R","B",null,"M","$","?","?","M","R","M","E","T","R","M","M","R","?","R","B",null,"M","M","?","?","$","R","E","R","T","M","$","?","M","M","R","B"],"character_chosen":"DEFECT","items_purchased":["Ball Lightning","Regal Pillow","Leap","White Noise","Whetstone","AttackPotion","Dexterity Potion"],"campfire_rested":8,"item_purchase_floors":[3,13,13,19,39,39,39],"current_hp_per_floor":[75,74,74,74,71,60,55,44,44,27,27,49,49,47,75,61,75,70,70,70,70,48,75,46,10,10,47,40,19,56,56,75,51,75,61,35,23,99,99,99,68,99,99,82,82,82,69,61,94,0],"gold":80,"neow_bonus":"RANDOM_COMMON_RELIC","is_prod":false,"is_daily":false,"chose_seed":false,"campfire_upgraded":1,"win_rate":0,"timestamp":1551390155,"path_taken":["M","M","$","M","M","E","M","E","T","M","?","R","$","M","R","BOSS","M","$","?","?","M","R","M","E","T","R","M","M","R","?","R","BOSS","M","M","?","?","$","R","E","R","T","?","$","?","M","M","R","BOSS"],"build_version":"2019-01-23","purchased_purges":1,"victory":false,"max_hp_per_floor":[75,75,75,75,75,75,75,75,75,75,75,75,75,75,75,75,75,75,75,75,75,75,75,75,75,75,75,75,75,75,75,75,75,75,75,75,89,99,99,99,99,99,99,99,99,94,94,94,94,94],"card_choices":[{"not_picked":["Tempest","Leap"],"picked":"Cold Snap","floor":1},{"not_picked":["Beam Cell","Streamline"],"picked":"Cold Snap","floor":2},{"not_picked":["Turbo","Chill"],"picked":"Sweeping Beam","floor":4},{"not_picked":["Heatsinks","Thunder Strike"],"picked":"Gash","floor":5},{"not_picked":["Auto Shields","Reinforced Body"],"picked":"Gash","floor":6},{"not_picked":["Hologram","Beam Cell"],"picked":"Leap","floor":7},{"not_picked":["Turbo","Rip and Tear"],"picked":"Blizzard","floor":8},{"not_picked":["Heatsinks","Loop"],"picked":"Redo","floor":10},{"not_picked":["Leap","Redo"],"picked":"Ball Lightning","floor":14},{"not_picked":["Machine Learning","Hyperbeam"],"picked":"Echo Form","floor":16},{"not_picked":["Compile Driver","Leap"],"picked":"Rebound","floor":18},{"not_picked":["Multi-Cast","Hologram"],"picked":"Gash+1","floor":22},{"not_picked":["Chaos","Aggregate"],"picked":"Hologram+1","floor":24},{"not_picked":["Reprogram","Darkness"],"picked":"Sunder","floor":25},{"not_picked":["Glacier","Cold Snap","Rebound"],"picked":"White Noise","floor":28},{"not_picked":["Loop","Rebound+1","Streamline"],"picked":"Beam Cell","floor":29},{"not_picked":["Creative AI","Buffer","Rainbow"],"picked":"Reboot","floor":33},{"not_picked":["Redo","Barrage","Compile Driver"],"picked":"Cold Snap+1","floor":35},{"not_picked":["Beam Cell+1","Rebound","Cold Snap"],"picked":"Static Discharge","floor":36},{"not_picked":["Redo+1","Turbo+1","Hello World+1"],"picked":"Chill+1","floor":37},{"not_picked":["Rebound","Conserve Battery+1","Leap"],"picked":"Double Energy+1","floor":41},{"not_picked":["Static Discharge","Hello World+1","Heatsinks"],"picked":"Blizzard+1","floor":44},{"not_picked":["BootSequence","Streamline","Force Field+1"],"picked":"Tempest+1","floor":47},{"not_picked":["Coolheaded+1","Storm","Go for the Eyes"],"picked":"Core Surge","floor":48}],"player_experience":475620,"relics_obtained":[{"floor":6,"key":"Centennial Puzzle"},{"floor":8,"key":"Tiny Chest"},{"floor":9,"key":"Mummified Hand"},{"floor":11,"key":"Mercury Hourglass"},{"floor":25,"key":"Question Card"},{"floor":25,"key":"Pen Nib"},{"floor":26,"key":"Cables"},{"floor":37,"key":"Mango"},{"floor":41,"key":"Omamori"},{"floor":41,"key":"Kunai"},{"floor":43,"key":"Gremlin Horn"}],"event_choices":[{"damage_healed":0,"gold_gain":0,"player_choice":"Paid Fearfully","damage_taken":0,"max_hp_gain":0,"max_hp_loss":0,"event_name":"Masked Bandits","floor":21,"gold_loss":13},{"damage_healed":0,"gold_gain":0,"player_choice":"Read","damage_taken":0,"max_hp_gain":0,"max_hp_loss":0,"event_name":"The Library","floor":31,"gold_loss":0,"cards_obtained":["Gash"]},{"damage_healed":0,"gold_gain":0,"player_choice":"Fight","damage_taken":0,"max_hp_gain":0,"max_hp_loss":0,"event_name":"Mysterious Sphere","floor":37,"gold_loss":0},{"cards_removed":["Reboot"],"damage_healed":66,"gold_gain":0,"player_choice":"Offered Rare","damage_taken":0,"max_hp_gain":10,"max_hp_loss":0,"event_name":"Bonfire Elementals","floor":38,"gold_loss":0},{"damage_healed":0,"gold_gain":0,"player_choice":"Max HP","damage_taken":0,"max_hp_gain":0,"max_hp_loss":5,"event_name":"Winding Halls","floor":46,"gold_loss":0}],"is_beta":false,"boss_relics":[{"not_picked":["Lizard Tail","Astrolabe"],"picked":"Black Star"},{"not_picked":["Eternal Feather","Busted Crown"],"picked":"Pandora\u0027s Box"}],"items_purged_floors":[19],"is_endless":false,"potions_floor_spawned":[1,5,10,16,18,24,29,35,41,48],"killed_by":"Donu and Deca","ascension_level":0}