{"path_per_floor":["M","T","M","?","M","R","E","R","T","R","M","E","$","M","R","B",null,"M","?","T","$","M","R","M","M","T","M","M","R","$","M","R","B",null,"M","T","$","M","?","R","M","E","T","R","M","T","M","E","R"],"character_chosen":"IRONCLAD","items_purchased":["Ghostly Armor","Singing Bowl"],"gold_per_floor":[118,144,156,156,171,171,226,226,249,249,259,290,215,226,226,323,323,343,343,389,214,225,225,236,247,271,289,302,302,21,39,39,137,137,153,153,3,15,61,61,75,109,109,109,120,120,140,175,175],"floor_reached":50,"campfire_rested":0,"playtime":3350,"current_hp_per_floor":[80,80,80,62,68,68,64,64,64,64,70,63,63,51,51,57,80,80,80,80,80,80,80,80,80,80,80,80,80,80,82,82,81,82,82,82,82,84,86,86,88,90,104,104,106,106,108,110,110],"items_purged":["Strike_R","Strike_R","Fiend Fire","Fire Breathing"],"gold":175,"score":589,"play_id":"09611d67-1a01-44b9-b9b5-46d2defac531","local_time":"20180307114540","is_prod":false,"is_daily":false,"is_ascension_mode":false,"campfire_upgraded":9,"timestamp":1520441140,"path_taken":["M","?","M","?","?","R","E","R","T","R","M","E","$","M","R","BOSS","M","?","?","?","?","R","M","M","T","M","?","R","$","M","R","BOSS","M","?","$","M","?","R","M","E","T","R","M","?","M","E","R","BOSS"],"build_version":"2018-03-01-PROD1","purchased_purges":4,"victory":false,"master_deck":["Defend_R","Defend_R","Defend_R","Defend_R","Power Through+1","Body Slam+1","Metallicize","Entrench+1","Body Slam+1","Dual Wield+1","Ghostly Armor+1","Armaments+1","Offering+1","Impervious+1","Ghostly Armor+1"],"max_hp_per_floor":[80,80,80,80,80,80,80,80,80,80,80,80,80,80,80,80,80,80,80,80,80,80,80,80,80,80,80,80,80,80,82,82,82,82,82,82,82,84,86,86,88,90,104,104,106,106,108,110,110],"relics":["Black Blood","Anchor","Vajra","Tiny Chest","Bag of Preparation","Bag of Marbles","Astrolabe","Whetstone","Blood Vial","Singing Bowl","Orichalcum","Gambling Chip","Happy Flower","Mango","Peace Pipe","Ornamental Fan"],"card_choices":[{"not_picked":["Infernal Blade","Wild Strike"],"picked":"Power Through"},{"not_picked":["Wild Strike","Clothesline"],"picked":"Body Slam"},{"not_picked":["Inflame","Sword Boomerang"],"picked":"Metallicize"},{"not_picked":["Limit Break","Clothesline"],"picked":"Entrench"},{"not_picked":["Dropkick","Bloodletting"],"picked":"Body Slam"},{"not_picked":["Searing Blow","Bloodletting"],"picked":"Armaments"},{"not_picked":["Wild Strike","Perfected Strike"],"picked":"Offering"},{"not_picked":["Bludgeon","Exhume"],"picked":"Impervious"},{"not_picked":["Thunderclap","Iron Wave"],"picked":"Ghostly Armor"}],"player_experience":149101,"potions_floor_usage":[7,7,16,16,33,38,50,50,50],"damage_taken":[{"damage":6,"enemies":"Cultist","floor":1,"turns":3},{"damage":1,"enemies":"Jaw Worm","floor":3,"turns":2},{"damage":0,"enemies":"2 Louse","floor":5,"turns":2},{"damage":10,"enemies":"Gremlin Nob","floor":7,"turns":4},{"damage":0,"enemies":"Exordium Wildlife","floor":11,"turns":4},{"damage":13,"enemies":"3 Sentries","floor":12,"turns":8},{"damage":18,"enemies":"Gremlin Gang","floor":14,"turns":6},{"damage":0,"enemies":"Slime Boss","floor":16,"turns":6},{"damage":0,"enemies":"3 Byrds","floor":18,"turns":3},{"damage":0,"enemies":"Shell Parasite","floor":22,"turns":1},{"damage":0,"enemies":"3 Cultists","floor":24,"turns":4},{"damage":0,"enemies":"Snecko","floor":25,"turns":1},{"damage":0,"enemies":"Chosen and Byrds","floor":27,"turns":4},{"damage":0,"enemies":"3 Cultists","floor":28,"turns":1},{"damage":0,"enemies":"Snecko","floor":31,"turns":1},{"damage":7,"enemies":"Collector","floor":33,"turns":3},{"damage":4,"enemies":"Orb Walker","floor":35,"turns":1},{"damage":10,"enemies":"3 Darklings","floor":38,"turns":11},{"damage":4,"enemies":"Mysterious Sphere","floor":39,"turns":1},{"damage":4,"enemies":"Sphere and 2 Shapes","floor":41,"turns":1},{"damage":4,"enemies":"2 Orb Walkers","floor":42,"turns":1},{"damage":4,"enemies":"4 Shapes","floor":45,"turns":2},{"damage":0,"enemies":"Maw","floor":47,"turns":1},{"damage":4,"enemies":"Giant Head","floor":48,"turns":1},{"damage":115,"enemies":"Time Eater","floor":50,"turns":15}],"event_choices":[{"event_name":"Scrap Ooze","player_choice":"success","floor":4,"damage_taken":18},{"event_name":"Vampires","player_choice":"Ignored","floor":19,"damage_taken":0},{"event_name":"Mysterious Sphere","player_choice":"Fight","floor":39,"damage_taken":0}],"boss_relics":[{"not_picked":["White Beast Statue","Runic Dome"],"picked":"Astrolabe"},{"not_picked":["Philosopher\u0027s Stone","Lizard Tail"],"picked":"Black Blood"}],"potions_floor_spawned":[1,3,7,12,18,22,28,38,41,48],"seed_played":"7119130435940292316","killed_by":"Time Eater","ascension_level":0,"is_trial":false}