{"gold_per_floor":[109,109,121,121,132,132,144,144,169,199,374,259,291,291],"floor_reached":14,"playtime":572,"items_purged":["Doubt"],"score":108,"play_id":"a265b42f-722a-48e6-b27b-dd0d09649030","local_time":"20190304232842","is_ascension_mode":true,"campfire_choices":[{"floor":6,"key":"RECALL"},{"data":"Shrug It Off","floor":8,"key":"SMITH"}],"neow_cost":"PERCENT_DAMAGE","seed_source_timestamp":11056784029787,"circlet_count":0,"master_deck":["Strike_R","Strike_R","Strike_R","Strike_R","Strike_R","Defend_R","Defend_R","Defend_R","Defend_R","Bash","Juggernaut","True Grit","Ghostly Armor","Shrug It Off+1","Infernal Blade","Corruption"],"relics":["Burning Blood","Ancient Tea Set","Gremlin Horn"],"potions_floor_usage":[13],"damage_taken":[{"damage":7,"enemies":"2 Louse","floor":1,"turns":2},{"damage":0,"enemies":"Cultist","floor":3,"turns":4},{"damage":10,"enemies":"Small Slimes","floor":5,"turns":4},{"damage":4,"enemies":"Exordium Wildlife","floor":7,"turns":5},{"damage":8,"enemies":"Lagavulin","floor":10,"turns":9},{"damage":51,"enemies":"3 Sentries","floor":13,"turns":16},{"damage":17,"enemies":"Exordium Thugs","floor":14,"turns":3}],"seed_played":"7958029736281804597","potions_obtained":[{"floor":1,"key":"PowerPotion"},{"floor":7,"key":"SteroidPotion"},{"floor":10,"key":"Swift Potion"}],"is_trial":false,"path_per_floor":["M","?","M","$","M","R","M","R","T","E","?","$","E","M"],"character_chosen":"IRONCLAD","items_purchased":["Corruption"],"campfire_rested":0,"item_purchase_floors":[12],"current_hp_per_floor":[55,55,61,61,57,57,59,59,59,57,57,57,12,0],"gold":291,"neow_bonus":"THREE_RARE_CARDS","is_prod":false,"is_daily":false,"chose_seed":false,"campfire_upgraded":1,"win_rate":0,"timestamp":1551770922,"path_taken":["M","?","M","$","?","R","M","R","T","E","?","?","E","?"],"build_version":"2019-01-23","purchased_purges":1,"victory":false,"max_hp_per_floor":[80,80,80,80,80,80,80,80,80,80,80,80,80,80],"card_choices":[{"not_picked":["Berserk","Bludgeon"],"picked":"Juggernaut","floor":0},{"not_picked":["Flame Barrier","Fire Breathing"],"picked":"True Grit","floor":1},{"not_picked":["Battle Trance","Clothesline"],"picked":"Ghostly Armor","floor":3},{"not_picked":["Heavy Blade","Carnage"],"picked":"Shrug It Off","floor":5},{"not_picked":["Pommel Strike","Clash","Shockwave"],"picked":"SKIP","floor":7},{"not_picked":["Headbutt","Burning Pact"],"picked":"Infernal Blade","floor":10},{"not_picked":["Twin Strike","Carnage","Headbutt"],"picked":"SKIP","floor":13}],"player_experience":134205,"relics_obtained":[{"floor":10,"key":"Ancient Tea Set"},{"floor":13,"key":"Gremlin Horn"}],"event_choices":[{"damage_healed":0,"gold_gain":0,"player_choice":"Bought 0 Potions","damage_taken":0,"max_hp_gain":0,"max_hp_loss":0,"event_name":"The Woman in Blue","floor":2,"gold_loss":0},{"damage_healed":0,"gold_gain":175,"player_choice":"AGREE","damage_taken":0,"max_hp_gain":0,"max_hp_loss":0,"event_name":"Liars Game","floor":11,"gold_loss":0,"cards_obtained":["Doubt"]}],"is_beta":false,"boss_relics":[],"items_purged_floors":[12],"is_endless":false,"potions_floor_spawned":[1,7,10],"killed_by":"Exordium Thugs","ascension_level":2}