{"path_per_floor":["M","$","?","M","M","E","R","E","T","?","?","$","R","M","R","B",null,"M","?","M","?","?","R","M","R","T","R","?","M"],"character_chosen":"DEFECT","items_purchased":["Ball Lightning","Leap","Blood Vial"],"gold_per_floor":[116,41,41,57,74,106,106,140,167,167,342,10,10,24,24,155,155,168,168,191,191,191,191,207,207,207,207,207,226,226],"floor_reached":30,"campfire_rested":4,"playtime":1418,"current_hp_per_floor":[75,75,75,74,72,52,52,7,7,7,7,7,27,19,39,15,69,34,34,35,35,35,55,26,46,46,46,46,13,0],"items_purged":["Strike_B","Doubt"],"gold":226,"score":236,"play_id":"e6cdfca5-2266-4ad7-8056-2be2ad554fbe","local_time":"20180426221504","is_prod":false,"is_daily":false,"chose_seed":false,"is_ascension_mode":false,"campfire_upgraded":2,"timestamp":1524795304,"path_taken":["M","$","?","M","M","E","R","E","T","?","?","$","R","M","R","BOSS","M","?","M","?","?","R","?","R","T","R","?","M","M"],"build_version":"2018-04-26","seed_source_timestamp":16602276236940,"purchased_purges":2,"victory":false,"master_deck":["Strike_B","Strike_B","Strike_B","Defend_B","Defend_B","Defend_B","Defend_B","Zap","Dualcast+1","Sweeping Beam","Capacitor","Double Energy+1","Axe Kick","Skim","Seek","Ball Lightning","Leap","Fission","Coolheaded+1","Coolheaded","Coolheaded+1","Impulse"],"max_hp_per_floor":[75,75,75,75,75,75,75,75,75,69,69,69,69,69,69,69,69,69,69,69,69,69,69,69,69,69,69,69,69,69],"relics":["Cracked Core","Bag of Marbles","Prayer Wheel","Bronze Scales","Bloody Idol","Blood Vial","Snecko Eye","Mummified Hand","Peace Pipe"],"card_choices":[{"not_picked":["Barrage","Cold Snap"],"picked":"Sweeping Beam","floor":1},{"not_picked":["Barrage","Sweeping Beam"],"picked":"Capacitor","floor":4},{"not_picked":["Beam Cell","Streamline"],"picked":"Double Energy","floor":5},{"not_picked":["Flux Capacitor","Capacitor"],"picked":"Axe Kick","floor":6},{"not_picked":["Streamline","Capacitor"],"picked":"Skim","floor":8},{"not_picked":["Tempest","Skim"],"picked":"Seek","floor":9},{"not_picked":["Prime","Machine Learning"],"picked":"Fission","floor":16},{"not_picked":["Sweeping Beam","Loop"],"picked":"Coolheaded","floor":18},{"not_picked":["Axe Kick","Stack"],"picked":"Coolheaded","floor":24},{"not_picked":["Cold Snap","Reprogram"],"picked":"Coolheaded","floor":26},{"not_picked":["Sweeping Beam","Streamline"],"picked":"Impulse","floor":29}],"player_experience":213475,"potions_floor_usage":[6,16,29,30],"damage_taken":[{"damage":0,"enemies":"2 Louse","floor":1,"turns":3},{"damage":1,"enemies":"Jaw Worm","floor":4,"turns":3},{"damage":2,"enemies":"Small Slimes","floor":5,"turns":4},{"damage":20,"enemies":"3 Sentries","floor":6,"turns":7},{"damage":45,"enemies":"Lagavulin","floor":8,"turns":7},{"damage":10,"enemies":"Gremlin Gang","floor":14,"turns":3},{"damage":41,"enemies":"The Guardian","floor":16,"turns":12},{"damage":35,"enemies":"Spheric Guardian","floor":18,"turns":6},{"damage":1,"enemies":"3 Byrds","floor":20,"turns":2},{"damage":31,"enemies":"Snake Plant","floor":24,"turns":4},{"damage":40,"enemies":"Cultist and Chosen","floor":29,"turns":9},{"damage":32,"enemies":"Snecko","floor":30,"turns":5}],"event_choices":[{"event_name":"Living Wall","player_choice":"Grow","floor":3,"damage_taken":0},{"event_name":"Golden Idol","player_choice":"Lose Max HP","floor":10,"damage_taken":0},{"event_name":"Liars Game","player_choice":"agreed","floor":11,"damage_taken":0},{"event_name":"Drug Dealer","player_choice":"Ignored","floor":19,"damage_taken":0},{"event_name":"The Mausoleum","player_choice":"Yes","floor":21,"damage_taken":0},{"event_name":"The Woman in Blue","player_choice":"Bought 0 Potions","floor":22,"damage_taken":0},{"event_name":"Forgotten Altar","player_choice":"Gave Idol","floor":28,"damage_taken":0}],"boss_relics":[{"not_picked":["White Beast Statue","Tiny House"],"picked":"Snecko Eye"}],"potions_floor_spawned":[5,14,16,18,29],"seed_played":"-6275584281389772887","killed_by":"Snecko","ascension_level":0,"is_trial":false}