{"gold_per_floor":[219,234,249,249,26,26,46,46,97,131,131,147,163,195,195,295,295,307,307,319,319,175,175,57,75,75,75,89,89,89,100,100,195,195,209,209,209,82,100,100,128,128,128,228,228,228,245,93,93,93,93,93,20,45,45],"floor_reached":55,"playtime":2215,"items_purged":["Strike_B","Blizzard","Hologram"],"score":678,"play_id":"db6849a3-2e49-44f1-8b4e-3211d00fcef3","local_time":"20190306134435","is_ascension_mode":false,"campfire_choices":[{"data":"Defragment","floor":6,"key":"SMITH"},{"data":"Dualcast","floor":8,"key":"SMITH"},{"floor":11,"key":"REST"},{"floor":15,"key":"REST"},{"floor":23,"key":"REST"},{"floor":27,"key":"RECALL"},{"data":"Double Energy","floor":29,"key":"SMITH"},{"data":"Electrodynamics","floor":32,"key":"SMITH"},{"data":"Static Discharge","floor":40,"key":"SMITH"},{"floor":42,"key":"REST"},{"floor":45,"key":"REST"},{"data":"Amplify","floor":49,"key":"SMITH"},{"data":"Storm","floor":52,"key":"SMITH"}],"neow_cost":"NONE","seed_source_timestamp":497956744969,"circlet_count":0,"master_deck":["Zap","Dualcast+1","Sweeping Beam+1","Leap","Defragment+1","Rebound+1","Go for the Eyes","Ball Lightning","Core Surge","Turbo+1","Compile Driver","Electrodynamics+1","Buffer+1","Machine Learning","Self Repair+1","Conserve Battery+1","Glacier+1","Lockon+1","Double Energy+1","Leap+1","Storm+1","Ball Lightning+1","Amplify+1","Leap+1","Hologram+1","Static Discharge+1","Capacitor+1","Leap","Thunder Strike"],"relics":["Cracked Core","Blood Vial","Omamori","Smiling Mask","Prayer Wheel","Pandora\u0027s Box","Vajra","Nuclear Battery","Symbiotic Virus","Shuriken","Thread and Needle","War Paint","Whetstone"],"potions_floor_usage":[14,16,41,50,50,55,55,55],"damage_taken":[{"damage":2,"enemies":"Small Slimes","floor":1,"turns":3},{"damage":5,"enemies":"2 Louse","floor":2,"turns":2},{"damage":1,"enemies":"Cultist","floor":3,"turns":3},{"damage":1,"enemies":"Looter","floor":7,"turns":3},{"damage":54,"enemies":"Gremlin Nob","floor":10,"turns":5},{"damage":4,"enemies":"3 Louse","floor":12,"turns":2},{"damage":6,"enemies":"Large Slime","floor":13,"turns":5},{"damage":9,"enemies":"Lagavulin","floor":14,"turns":5},{"damage":15,"enemies":"The Guardian","floor":16,"turns":10},{"damage":11,"enemies":"Shell Parasite","floor":18,"turns":5},{"damage":9,"enemies":"2 Thieves","floor":20,"turns":3},{"damage":0,"enemies":"Centurion and Healer","floor":25,"turns":4},{"damage":17,"enemies":"Snake Plant","floor":28,"turns":4},{"damage":4,"enemies":"Chosen and Byrds","floor":31,"turns":4},{"damage":20,"enemies":"Automaton","floor":33,"turns":10},{"damage":0,"enemies":"3 Darklings","floor":35,"turns":3},{"damage":10,"enemies":"3 Shapes","floor":39,"turns":5},{"damage":51,"enemies":"Giant Head","floor":41,"turns":10},{"damage":9,"enemies":"Mind Bloom Boss Battle","floor":44,"turns":7},{"damage":3,"enemies":"Sphere and 2 Shapes","floor":47,"turns":3},{"damage":49,"enemies":"Time Eater","floor":50,"turns":9},{"damage":45,"enemies":"Shield and Spear","floor":54,"turns":6},{"damage":73,"enemies":"The Heart","floor":55,"turns":6}],"seed_played":"-7781552741048316356","potions_obtained":[{"floor":10,"key":"FocusPotion"},{"floor":13,"key":"Dexterity Potion"},{"floor":16,"key":"Swift Potion"},{"floor":18,"key":"Dexterity Potion"},{"floor":28,"key":"EssenceOfSteel"},{"floor":33,"key":"SteroidPotion"},{"floor":41,"key":"SpeedPotion"},{"floor":54,"key":"Strength Potion"}],"is_trial":false,"path_per_floor":["M","M","M","?","$","R","M","R","T","E","R","M","M","E","R","B",null,"M","?","M","?","$","R","$","M","T","R","M","R","?","M","R","B",null,"M","?","?","$","M","R","E","R","T","?","R","?","M","$","R","B",null,"R","$","E","B"],"character_chosen":"DEFECT","items_purchased":["Blood Vial","Vajra","Lockon","Static Discharge","War Paint","Leap","Weak Potion"],"campfire_rested":5,"item_purchase_floors":[5,22,24,38,48,53,53],"current_hp_per_floor":[73,68,67,67,67,67,68,68,68,16,38,36,32,25,47,34,75,64,50,43,43,43,67,67,79,79,79,73,73,73,80,80,70,80,80,80,80,80,80,80,39,63,63,56,80,80,77,77,77,40,80,80,80,45,0],"gold":45,"neow_bonus":"HUNDRED_GOLD","is_prod":false,"is_daily":false,"chose_seed":false,"campfire_upgraded":7,"win_rate":0,"timestamp":1551901475,"path_taken":["M","M","M","?","$","R","M","R","T","E","R","M","M","E","R","BOSS","M","?","M","?","$","R","$","M","T","R","?","R","?","M","R","BOSS","M","?","?","$","?","R","E","R","T","?","R","?","M","$","R","BOSS","R","$","E","BOSS"],"build_version":"2019-01-23","purchased_purges":3,"victory":false,"max_hp_per_floor":[75,75,75,75,75,75,75,75,75,75,75,75,75,75,75,75,75,75,80,80,80,80,80,80,80,80,80,80,80,80,80,80,80,80,80,80,80,80,80,80,80,80,80,80,80,80,80,80,80,80,80,80,80,80,80],"card_choices":[{"not_picked":["Stack","Ball Lightning"],"picked":"Sweeping Beam","floor":1},{"not_picked":["Turbo","Coolheaded"],"picked":"Leap","floor":2},{"not_picked":["Go for the Eyes","Sweeping Beam"],"picked":"Defragment","floor":3},{"not_picked":["Redo","Blizzard","Amplify"],"picked":"SKIP","floor":7},{"not_picked":["Rip and Tear","Loop"],"picked":"Rebound","floor":10},{"not_picked":["Streamline","Sweeping Beam"],"picked":"Go for the Eyes","floor":12},{"not_picked":["Turbo","Recycle"],"picked":"Ball Lightning","floor":13},{"not_picked":["Capacitor","Sweeping Beam"],"picked":"Hologram","floor":14},{"not_picked":["All For One","Reboot"],"picked":"Core Surge","floor":16},{"not_picked":["Fusion+1","Rebound+1"],"picked":"Self Repair+1","floor":18},{"not_picked":["Go for the Eyes","Genetic Algorithm"],"picked":"Conserve Battery","floor":18},{"not_picked":["Compile Driver","Self Repair"],"picked":"Glacier+1","floor":20},{"not_picked":["Scrape","Lockon","Gash+1"],"picked":"SKIP","floor":20},{"not_picked":["Reprogram+1","Coolheaded"],"picked":"Double Energy","floor":25},{"not_picked":["Aggregate","Redo+1","Streamline"],"picked":"SKIP","floor":25},{"not_picked":["Darkness","Capacitor"],"picked":"Leap+1","floor":28},{"not_picked":["Hologram","Skim"],"picked":"Storm","floor":28},{"not_picked":["Blizzard","Leap"],"picked":"Ball Lightning+1","floor":31},{"not_picked":["Beam Cell","Sweeping Beam","Fission"],"picked":"SKIP","floor":31},{"not_picked":["Core Surge","Biased Cognition"],"picked":"Amplify","floor":33},{"not_picked":["Turbo+1","Redo"],"picked":"Leap+1","floor":35},{"not_picked":["Blizzard","Compile Driver"],"picked":"Hologram+1","floor":35},{"not_picked":["Gash+1","Leap","Redo"],"picked":"SKIP","floor":39},{"not_picked":["Cold Snap","Skim+1","White Noise"],"picked":"SKIP","floor":39},{"not_picked":["All For One","Barrage","Beam Cell"],"picked":"SKIP","floor":41},{"not_picked":["Steam+1","Fusion"],"picked":"Capacitor+1","floor":47},{"not_picked":["Go for the Eyes+1","Cold Snap","Leap"],"picked":"SKIP","floor":47},{"not_picked":["Auto Shields+1","Rebound"],"picked":"Thunder Strike","floor":54}],"player_experience":571688,"relics_obtained":[{"floor":9,"key":"Omamori"},{"floor":10,"key":"Smiling Mask"},{"floor":14,"key":"Prayer Wheel"},{"floor":41,"key":"Symbiotic Virus"},{"floor":43,"key":"Shuriken"},{"floor":44,"key":"Thread and Needle"},{"floor":54,"key":"Whetstone"}],"event_choices":[{"damage_healed":0,"gold_gain":0,"player_choice":"Grow","damage_taken":0,"max_hp_gain":0,"max_hp_loss":0,"event_name":"Living Wall","floor":4,"gold_loss":0,"cards_upgraded":["Sweeping Beam"]},{"damage_healed":0,"gold_gain":0,"player_choice":"Shed Blood","damage_taken":19,"max_hp_gain":5,"max_hp_loss":0,"event_name":"Forgotten Altar","floor":19,"gold_loss":0},{"damage_healed":0,"gold_gain":0,"player_choice":"Upgraded","damage_taken":0,"max_hp_gain":0,"max_hp_loss":0,"event_name":"Upgrade Shrine","floor":21,"gold_loss":0,"cards_upgraded":["Buffer"]},{"cards_removed":["Skim"],"damage_healed":0,"gold_gain":0,"player_choice":"Elegance","damage_taken":0,"max_hp_gain":0,"max_hp_loss":0,"event_name":"Back to Basics","floor":30,"gold_loss":0},{"damage_healed":0,"gold_gain":0,"player_choice":"Ignored","damage_taken":0,"max_hp_gain":0,"max_hp_loss":0,"event_name":"Mysterious Sphere","floor":36,"gold_loss":0},{"damage_healed":0,"gold_gain":0,"player_choice":"Bought 0 Potions","damage_taken":0,"max_hp_gain":0,"max_hp_loss":0,"event_name":"The Woman in Blue","floor":37,"gold_loss":0},{"damage_healed":0,"gold_gain":0,"player_choice":"Fight","damage_taken":0,"max_hp_gain":0,"max_hp_loss":0,"event_name":"MindBloom","floor":44,"gold_loss":0},{"damage_healed":0,"gold_gain":0,"player_choice":"Ignored","damage_taken":0,"max_hp_gain":0,"max_hp_loss":0,"event_name":"Tomb of Lord Red Mask","floor":46,"gold_loss":0}],"is_beta":false,"boss_relics":[{"not_picked":["Fusion Hammer","Snecko Eye"],"picked":"Pandora\u0027s Box"},{"not_picked":["Tiny House","Sozu"],"picked":"Nuclear Battery"}],"items_purged_floors":[5,24,38],"is_endless":false,"potions_floor_spawned":[10,13,16,18,28,33,35,41,54],"killed_by":"The Heart","ascension_level":0}