{"gold_per_floor":[112,112,40,50,50,50,85,85,137,137,164,181,181,181],"floor_reached":14,"playtime":424,"items_purged":[],"score":115,"play_id":"b07e59ac-40bf-45d9-828f-dc795dec1d88","local_time":"20190108165016","is_ascension_mode":true,"campfire_choices":[{"data":"Noxious Fumes","floor":6,"key":"SMITH"},{"floor":8,"key":"REST"},{"data":"Neutralize","floor":10,"key":"SMITH"}],"neow_cost":"NONE","seed_source_timestamp":10017645073500,"circlet_count":0,"master_deck":["Defend_G","Defend_G","Defend_G","Defend_G","Defend_G","Strike_G","Strike_G","Strike_G","Survivor","Neutralize+1","Noxious Fumes+1","Dodge and Roll","Well Laid Plans","Backflip"],"relics":["Ring of the Snake","NlothsMask","Art of War","Blood Vial"],"potions_floor_usage":[14],"damage_taken":[{"damage":0,"enemies":"2 Louse","floor":1,"turns":4},{"damage":0,"enemies":"Cultist","floor":4,"turns":4},{"damage":45,"enemies":"Gremlin Nob","floor":7,"turns":6},{"damage":21,"enemies":"3 Sentries","floor":11,"turns":8},{"damage":0,"enemies":"Jaw Worm","floor":12,"turns":5},{"damage":37,"enemies":"Gremlin Nob","floor":14,"turns":5}],"seed_played":"-7200791965934322820","potions_obtained":[{"floor":11,"key":"SpeedPotion"}],"is_trial":false,"path_per_floor":["M","?","$","M","?","R","E","R","T","R","E","M","?","E"],"character_chosen":"THE_SILENT","items_purchased":["Noxious Fumes"],"campfire_rested":1,"item_purchase_floors":[3],"current_hp_per_floor":[70,70,70,70,63,63,18,39,39,39,18,20,20,0],"gold":181,"neow_bonus":"REMOVE_CARD","is_prod":false,"is_daily":false,"chose_seed":false,"campfire_upgraded":2,"win_rate":0,"timestamp":1546962616,"path_taken":["M","?","$","?","?","R","E","R","T","R","E","M","?","E"],"build_version":"2019-01-03v4","purchased_purges":0,"victory":false,"max_hp_per_floor":[70,70,70,70,70,70,70,70,70,70,70,70,70,70],"card_choices":[{"not_picked":["Underhanded Strike","Concentrate","Setup"],"picked":"SKIP","floor":1},{"not_picked":["Prepared","Riddle With Holes"],"picked":"Dodge and Roll","floor":4},{"not_picked":["All Out Attack","Concentrate"],"picked":"Well Laid Plans","floor":7},{"not_picked":["Eviscerate","Outmaneuver","Masterful Stab"],"picked":"SKIP","floor":11},{"not_picked":["Quick Slash","Underhanded Strike"],"picked":"Backflip","floor":12}],"player_experience":350808,"relics_obtained":[{"floor":7,"key":"Art of War"},{"floor":11,"key":"Blood Vial"}],"event_choices":[{"damage_healed":0,"gold_gain":0,"player_choice":"Trade","damage_taken":0,"relics_obtained":["NlothsMask"],"max_hp_gain":0,"max_hp_loss":0,"event_name":"FaceTrader","floor":2,"gold_loss":0},{"cards_removed":["Strike_G"],"damage_healed":0,"gold_gain":0,"player_choice":"Card Removal","damage_taken":7,"max_hp_gain":0,"max_hp_loss":0,"event_name":"Golden Wing","floor":5,"gold_loss":0},{"damage_healed":0,"gold_gain":0,"player_choice":"Ignored","damage_taken":0,"max_hp_gain":0,"max_hp_loss":0,"event_name":"Liars Game","floor":13,"gold_loss":0}],"is_beta":false,"boss_relics":[],"items_purged_floors":[],"is_endless":false,"potions_floor_spawned":[11],"killed_by":"Gremlin Nob","ascension_level":4}