{"gold_per_floor":[112,125,139,156,156,188,188,90,90,104,104],"floor_reached":11,"playtime":435,"items_purged":[],"score":143,"play_id":"7bf0d565-c178-4b1e-9ac1-1e602e2cd615","local_time":"20190228210802","is_ascension_mode":true,"campfire_choices":[{"floor":7,"key":"REST"}],"neow_cost":"NONE","seed_source_timestamp":219869557153900,"circlet_count":0,"master_deck":["AscendersBane","Defend_G","Defend_G","Defend_G+1","Defend_G","Defend_G","Strike_G","Strike_G","Strike_G","Strike_G","Strike_G","Survivor","Neutralize","Blur+1","Crippling Poison","Deadly Poison+1","Dagger Spray","Catalyst","Dash"],"relics":["Ring of the Snake","Centennial Puzzle","Shuriken","War Paint"],"potions_floor_usage":[6,6,11],"damage_taken":[{"damage":2,"enemies":"Small Slimes","floor":1,"turns":4},{"damage":8,"enemies":"Jaw Worm","floor":2,"turns":4},{"damage":0,"enemies":"Cultist","floor":3,"turns":5},{"damage":9,"enemies":"3 Louse","floor":4,"turns":3},{"damage":20,"enemies":"3 Sentries","floor":6,"turns":8},{"damage":17,"enemies":"Exordium Thugs","floor":10,"turns":7},{"damage":34,"enemies":"Gremlin Nob","floor":11,"turns":4}],"seed_played":"-5639156542463095569","potions_obtained":[{"floor":1,"key":"Strength Potion"},{"floor":2,"key":"Dexterity Potion"},{"floor":6,"key":"PowerPotion"}],"is_trial":false,"path_per_floor":["M","M","M","M","?","E","R","?","T","M","E"],"character_chosen":"THE_SILENT","items_purchased":[],"campfire_rested":1,"item_purchase_floors":[],"current_hp_per_floor":[63,55,55,46,46,26,47,47,47,30,0],"gold":104,"neow_bonus":"TEN_PERCENT_HP_BONUS","is_prod":false,"is_daily":false,"chose_seed":false,"campfire_upgraded":0,"win_rate":0,"timestamp":1551384482,"path_taken":["M","M","M","M","?","E","R","?","T","?","E"],"build_version":"2019-01-23","purchased_purges":0,"victory":false,"max_hp_per_floor":[72,72,72,72,72,72,72,72,72,72,72],"card_choices":[{"not_picked":["Concentrate","Outmaneuver"],"picked":"Blur","floor":1},{"not_picked":["Sucker Punch","Deadly Poison"],"picked":"Crippling Poison","floor":2},{"not_picked":["Blade Dance","Prepared"],"picked":"Deadly Poison","floor":3},{"not_picked":["Flechettes","Deflect"],"picked":"Dagger Spray","floor":4},{"not_picked":["Burst","Phantasmal Killer"],"picked":"Catalyst","floor":6},{"not_picked":["Blade Dance","Outmaneuver"],"picked":"Dash","floor":10}],"player_experience":527617,"relics_obtained":[{"floor":6,"key":"Centennial Puzzle"},{"floor":9,"key":"War Paint"}],"event_choices":[{"damage_healed":0,"gold_gain":0,"player_choice":"Grow","damage_taken":0,"max_hp_gain":0,"max_hp_loss":0,"event_name":"Living Wall","floor":5,"gold_loss":0,"cards_upgraded":["Deadly Poison"]},{"damage_healed":0,"gold_gain":0,"player_choice":"Paid Gold","damage_taken":0,"relics_obtained":["Shuriken"],"max_hp_gain":0,"max_hp_loss":0,"event_name":"WeMeetAgain","floor":8,"gold_loss":98}],"is_beta":false,"boss_relics":[],"items_purged_floors":[],"is_endless":false,"potions_floor_spawned":[1,2,6],"killed_by":"Gremlin Nob","ascension_level":18}