{"gold_per_floor":[115,132,282,282,292,292,311,323,323,323,337,337,337],"floor_reached":13,"playtime":336,"items_purged":[],"score":139,"play_id":"4d7a56ae-a6eb-4f71-b48b-ac4a12939129","local_time":"20181229175823","is_ascension_mode":true,"campfire_choices":[{"data":"Panacea","floor":6,"key":"SMITH"},{"data":"Zap","floor":10,"key":"SMITH"},{"data":"Go for the Eyes","floor":12,"key":"SMITH"}],"neow_cost":"NONE","seed_source_timestamp":725469266662300,"circlet_count":0,"master_deck":["AscendersBane","Strike_B","Strike_B","Strike_B","Strike_B","Defend_B","Defend_B","Defend_B","Defend_B","Zap+1","Dualcast","Panacea+1","Go for the Eyes+1","Conserve Battery","Cold Snap","Ball Lightning"],"relics":["Cracked Core","Mummified Hand"],"potions_floor_usage":[13,13],"damage_taken":[{"damage":11,"enemies":"2 Louse","floor":1,"turns":2},{"damage":0,"enemies":"Small Slimes","floor":2,"turns":3},{"damage":9,"enemies":"Jaw Worm","floor":5,"turns":2},{"damage":2,"enemies":"2 Fungi Beasts","floor":7,"turns":4},{"damage":10,"enemies":"3 Louse","floor":8,"turns":3},{"damage":0,"enemies":"Blue Slaver","floor":11,"turns":3},{"damage":47,"enemies":"3 Sentries","floor":13,"turns":6}],"seed_played":"3914226686048861640","potions_obtained":[{"floor":2,"key":"Ancient Potion"},{"floor":5,"key":"PowerPotion"},{"floor":11,"key":"Regen Potion"}],"is_trial":false,"path_per_floor":["M","M","?","?","M","R","M","M","T","R","M","R","E"],"character_chosen":"DEFECT","items_purchased":[],"campfire_rested":0,"item_purchase_floors":[],"current_hp_per_floor":[53,53,53,53,44,44,42,32,32,32,32,32,0],"gold":337,"neow_bonus":"RANDOM_COLORLESS","is_prod":false,"is_daily":false,"chose_seed":false,"campfire_upgraded":3,"win_rate":0,"timestamp":1546102703,"path_taken":["M","M","?","?","M","R","M","M","T","R","M","R","E"],"build_version":"2018-12-20","purchased_purges":0,"victory":false,"max_hp_per_floor":[71,71,71,71,71,71,71,71,71,71,71,71,71],"card_choices":[{"not_picked":["Darkness","Redo"],"picked":"Go for the Eyes","floor":1},{"not_picked":["Beam Cell","Hologram"],"picked":"Conserve Battery","floor":2},{"not_picked":["Go for the Eyes","Rebound"],"picked":"Cold Snap","floor":5},{"not_picked":["Rebound","All For One","Barrage"],"picked":"SKIP","floor":7},{"not_picked":["Streamline","Redo"],"picked":"Ball Lightning","floor":8},{"not_picked":["Gash","Streamline","Barrage"],"picked":"SKIP","floor":11}],"player_experience":325397,"relics_obtained":[{"floor":9,"key":"Mummified Hand"}],"event_choices":[{"damage_healed":0,"gold_gain":150,"player_choice":"AGREE","damage_taken":0,"max_hp_gain":0,"max_hp_loss":0,"event_name":"Liars Game","floor":3,"gold_loss":0,"cards_obtained":["Doubt"]},{"cards_removed":["Doubt"],"damage_healed":0,"gold_gain":0,"player_choice":"Forget","damage_taken":0,"max_hp_gain":0,"max_hp_loss":0,"event_name":"Living Wall","floor":4,"gold_loss":0}],"is_beta":false,"boss_relics":[],"items_purged_floors":[],"is_endless":false,"potions_floor_spawned":[2,5,11],"killed_by":"3 Sentries","ascension_level":16}