{"gold_per_floor":[109,109,129,148,160,195,195,220,220,234,234,248,260,272,272,272],"floor_reached":16,"playtime":789,"items_purged":[],"score":116,"play_id":"5bf51830-82a1-461e-bbd9-bcce9bebdd90","local_time":"20190212164337","is_ascension_mode":false,"campfire_choices":[{"floor":7,"key":"REST"},{"floor":11,"key":"REST"},{"floor":15,"key":"REST"}],"neow_cost":"NONE","seed_source_timestamp":18864565226133,"circlet_count":0,"master_deck":["Defend_G","Defend_G","Defend_G","Defend_G","Defend_G","Strike_G","Strike_G","Strike_G","Strike_G","Strike_G","Survivor","Neutralize","Flying Knee","Flying Knee","Caltrops","Underhanded Strike","Die Die Die","Backstab","Skewer","Venomology","Quick Slash"],"relics":["Ring of the Snake","NeowsBlessing","The Courier","Ornamental Fan","Question Card"],"potions_floor_usage":[6,16,16,16],"damage_taken":[{"damage":0,"enemies":"Jaw Worm","floor":1,"turns":1},{"damage":0,"enemies":"Cultist","floor":3,"turns":1},{"damage":0,"enemies":"Small Slimes","floor":4,"turns":1},{"damage":17,"enemies":"Exordium Thugs","floor":5,"turns":7},{"damage":18,"enemies":"3 Sentries","floor":6,"turns":10},{"damage":41,"enemies":"Lagavulin","floor":8,"turns":10},{"damage":6,"enemies":"Lots of Slimes","floor":10,"turns":2},{"damage":4,"enemies":"Large Slime","floor":12,"turns":3},{"damage":8,"enemies":"Blue Slaver","floor":13,"turns":2},{"damage":0,"enemies":"Exordium Wildlife","floor":14,"turns":2},{"damage":40,"enemies":"Slime Boss","floor":16,"turns":9}],"seed_played":"4275804420672383309","potions_obtained":[{"floor":5,"key":"Block Potion"},{"floor":6,"key":"SteroidPotion"},{"floor":8,"key":"SpeedPotion"},{"floor":14,"key":"Swift Potion"}],"is_trial":false,"path_per_floor":["M","?","M","M","M","E","R","E","T","M","R","M","M","M","R","B"],"character_chosen":"THE_SILENT","items_purchased":[],"campfire_rested":3,"item_purchase_floors":[],"current_hp_per_floor":[70,70,70,70,53,35,56,15,15,9,30,26,18,18,39,0],"gold":272,"neow_bonus":"THREE_ENEMY_KILL","is_prod":false,"is_daily":false,"chose_seed":false,"campfire_upgraded":0,"win_rate":0.0,"timestamp":1550011417,"path_taken":["M","?","M","M","M","E","R","E","T","M","R","?","M","M","R","BOSS"],"build_version":"2019-01-23","purchased_purges":0,"victory":false,"max_hp_per_floor":[70,70,70,70,70,70,70,70,70,70,70,70,70,70,70,70],"card_choices":[{"not_picked":["Outmaneuver","Eviscerate"],"picked":"Flying Knee","floor":1},{"not_picked":["Dagger Throw","Slice"],"picked":"Flying Knee","floor":3},{"not_picked":["Dagger Throw","Predator"],"picked":"Caltrops","floor":4},{"not_picked":["Backflip","PiercingWail"],"picked":"Underhanded Strike","floor":5},{"not_picked":["Bane","Escape Plan","Caltrops"],"picked":"SKIP","floor":6},{"not_picked":["Night Terror","Malaise"],"picked":"Die Die Die","floor":8},{"not_picked":["PiercingWail","Poisoned Stab","Acrobatics"],"picked":"Backstab","floor":10},{"not_picked":["Prepared","Dodge and Roll","Outmaneuver"],"picked":"Skewer","floor":12},{"not_picked":["Poisoned Stab","Accuracy","Sucker Punch"],"picked":"Venomology","floor":13},{"not_picked":["Poisoned Stab","Heel Hook","Blade Dance"],"picked":"Quick Slash","floor":14}],"player_experience":87471,"relics_obtained":[{"floor":6,"key":"The Courier"},{"floor":8,"key":"Ornamental Fan"},{"floor":9,"key":"Question Card"}],"event_choices":[{"damage_healed":0,"gold_gain":0,"player_choice":"0 cards matched","damage_taken":0,"max_hp_gain":0,"max_hp_loss":0,"event_name":"Match and Keep!","floor":2,"gold_loss":0,"cards_obtained":[]}],"is_beta":false,"boss_relics":[],"items_purged_floors":[],"is_endless":false,"potions_floor_spawned":[5,6,8,14],"killed_by":"Slime Boss","ascension_level":0}