{"gold_per_floor":[113,113,113,126,138,138,162,179,179,212,227,11,11,26,26,131,131,147,147,147,163,181,181,181,181,204,218,218,218,234,244,244,339,339,352,58,58,74,0,0,0,12,12,12,12,12,28,44,44,44],"floor_reached":50,"playtime":2526,"items_purged":[],"score":519,"play_id":"3b053ecb-d66d-4d30-992f-919badc93d93","local_time":"20190304215712","is_ascension_mode":false,"campfire_choices":[{"data":"Cloak And Dagger","floor":6,"key":"SMITH"},{"floor":15,"key":"REST"},{"floor":23,"key":"RECALL"},{"data":"Footwork","floor":25,"key":"SMITH"},{"floor":29,"key":"REST"},{"data":"Infinite Blades","floor":32,"key":"SMITH"},{"data":"Accuracy","floor":40,"key":"SMITH"},{"floor":44,"key":"REST"},{"data":"Poisoned Stab","floor":49,"key":"SMITH"}],"neow_cost":"NONE","seed_source_timestamp":41991502073543,"circlet_count":0,"master_deck":["Defend_G","Defend_G","Defend_G+1","Defend_G","Defend_G","Strike_G+1","Strike_G","Strike_G","Strike_G","Survivor","Neutralize","Dodge and Roll+1","Backflip","Cloak And Dagger+1","Dodge and Roll","All Out Attack","Well Laid Plans","Cloak And Dagger","Accuracy+1","Dodge and Roll","Poisoned Stab+1","Footwork+1","Die Die Die","Footwork+1","Infinite Blades+1","Venomology","Sucker Punch+1","Footwork+1","Dodge and Roll"],"relics":["Runic Dome","Ninja Scroll","Odd Mushroom","Oddly Smooth Stone","Potion Belt","Busted Crown","Philosopher\u0027s Stone","Bag of Preparation","Red Mask","Sundial"],"potions_floor_usage":[10,16,16,16,27,35,42,42,47,47,47,47,47,48,50],"damage_taken":[{"damage":0,"enemies":"Cultist","floor":1,"turns":4},{"damage":2,"enemies":"2 Louse","floor":4,"turns":2},{"damage":0,"enemies":"Jaw Worm","floor":5,"turns":2},{"damage":13,"enemies":"The Mushroom Lair","floor":7,"turns":6},{"damage":2,"enemies":"Large Slime","floor":8,"turns":7},{"damage":11,"enemies":"3 Sentries","floor":10,"turns":13},{"damage":0,"enemies":"Lots of Slimes","floor":11,"turns":4},{"damage":0,"enemies":"2 Fungi Beasts","floor":14,"turns":1},{"damage":0,"enemies":"Slime Boss","floor":16,"turns":9},{"damage":0,"enemies":"Shell Parasite","floor":18,"turns":5},{"damage":0,"enemies":"2 Thieves","floor":21,"turns":4},{"damage":10,"enemies":"Chosen and Byrds","floor":22,"turns":8},{"damage":15,"enemies":"Snake Plant","floor":27,"turns":6},{"damage":7,"enemies":"Shelled Parasite and Fungi","floor":30,"turns":10},{"damage":0,"enemies":"Snecko","floor":31,"turns":7},{"damage":32,"enemies":"Automaton","floor":33,"turns":16},{"damage":2,"enemies":"3 Darklings","floor":35,"turns":7},{"damage":0,"enemies":"Orb Walker","floor":38,"turns":4},{"damage":24,"enemies":"3 Darklings","floor":42,"turns":5},{"damage":0,"enemies":"Writhing Mass","floor":47,"turns":8},{"damage":2,"enemies":"Transient","floor":48,"turns":5},{"damage":61,"enemies":"Time Eater","floor":50,"turns":10}],"seed_played":"-660421484851493113","potions_obtained":[{"floor":8,"key":"SkillPotion"},{"floor":10,"key":"Fire Potion"},{"floor":11,"key":"SpeedPotion"},{"floor":14,"key":"Poison Potion"},{"floor":21,"key":"Fire Potion"},{"floor":22,"key":"SkillPotion"},{"floor":27,"key":"Fire Potion"},{"floor":42,"key":"Weak Potion"},{"floor":47,"key":"Weak Potion"}],"is_trial":false,"path_per_floor":["M","T","?","M","M","R","?","M","T","E","M","$","?","M","R","B",null,"M","$","$","M","M","R","?","R","T","M","?","R","M","M","R","B",null,"M","$","?","M","?","R","?","M","T","R","$","$","M","M","R","B"],"character_chosen":"THE_SILENT","items_purchased":["Accuracy","Dodge and Roll","Poisoned Stab","Strength Potion","Bag of Preparation","Footwork","AttackPotion","Poison Potion"],"campfire_rested":3,"item_purchase_floors":[12,12,12,12,36,36,36,36],"current_hp_per_floor":[70,70,56,54,54,54,41,39,39,28,28,28,28,28,49,49,70,70,70,70,70,60,60,60,60,60,45,45,66,59,59,59,27,70,68,68,68,68,68,68,66,42,42,61,61,61,61,59,59,0],"gold":44,"neow_bonus":"BOSS_RELIC","is_prod":false,"is_daily":false,"chose_seed":false,"campfire_upgraded":5,"win_rate":0,"timestamp":1551758232,"path_taken":["M","?","?","M","M","R","?","M","T","E","M","$","?","M","R","BOSS","M","?","$","M","M","R","?","R","T","?","?","R","M","?","R","BOSS","M","$","?","?","?","R","?","M","T","R","?","$","M","M","R","BOSS"],"build_version":"2019-01-23","purchased_purges":0,"victory":false,"max_hp_per_floor":[70,70,70,70,70,70,70,70,70,70,70,70,70,70,70,70,70,70,70,70,70,70,70,70,70,70,70,70,70,70,70,70,70,70,70,70,70,70,70,70,66,66,66,66,66,66,66,66,66,66],"card_choices":[{"not_picked":["Sucker Punch","Slice"],"picked":"Dodge and Roll","floor":1},{"not_picked":["Prepared","Eviscerate"],"picked":"Backflip","floor":4},{"not_picked":["Finisher","Setup"],"picked":"Cloak And Dagger","floor":5},{"not_picked":["Sucker Punch","PiercingWail"],"picked":"Dodge and Roll","floor":7},{"not_picked":["Quick Slash","Deadly Poison"],"picked":"All Out Attack","floor":8},{"not_picked":["Sucker Punch","Backflip"],"picked":"Well Laid Plans","floor":10},{"not_picked":["Dagger Spray","Well Laid Plans"],"picked":"Cloak And Dagger","floor":11},{"not_picked":["Calculated Gamble","Night Terror"],"picked":"Footwork","floor":14},{"not_picked":["Glass Knife","Wraith Form v2"],"picked":"Die Die Die","floor":16},{"not_picked":["Deadly Poison"],"picked":"SKIP","floor":18},{"not_picked":["Riddle With Holes+1"],"picked":"SKIP","floor":21},{"not_picked":["Prepared"],"picked":"SKIP","floor":22},{"not_picked":["Well Laid Plans"],"picked":"SKIP","floor":27},{"not_picked":["PiercingWail"],"picked":"SKIP","floor":30},{"not_picked":[],"picked":"Infinite Blades","floor":31},{"not_picked":[],"picked":"Venomology","floor":33},{"not_picked":["Sucker Punch+1"],"picked":"SKIP","floor":35},{"not_picked":[],"picked":"Sucker Punch+1","floor":35},{"not_picked":[],"picked":"Dodge and Roll","floor":38},{"not_picked":["Acrobatics"],"picked":"SKIP","floor":42},{"not_picked":["Predator"],"picked":"SKIP","floor":47},{"not_picked":["Deflect"],"picked":"SKIP","floor":48}],"player_experience":535797,"relics_obtained":[{"floor":2,"key":"Ninja Scroll"},{"floor":7,"key":"Odd Mushroom"},{"floor":9,"key":"Oddly Smooth Stone"},{"floor":10,"key":"Potion Belt"},{"floor":43,"key":"Sundial"}],"event_choices":[{"damage_healed":0,"gold_gain":0,"player_choice":"Entered Light","damage_taken":14,"max_hp_gain":0,"max_hp_loss":0,"event_name":"Shining Light","floor":3,"gold_loss":0,"cards_upgraded":["Defend_G","Strike_G"]},{"damage_healed":0,"gold_gain":0,"player_choice":"Fought Mushrooms","damage_taken":0,"max_hp_gain":0,"max_hp_loss":0,"event_name":"Mushrooms","floor":7,"gold_loss":0},{"damage_healed":0,"gold_gain":0,"player_choice":"Forge","damage_taken":0,"max_hp_gain":0,"max_hp_loss":0,"event_name":"Accursed Blacksmith","floor":13,"gold_loss":0,"cards_upgraded":["Dodge and Roll"]},{"cards_removed":["Strike_G"],"damage_healed":0,"gold_gain":0,"player_choice":"Card Removal","damage_taken":0,"max_hp_gain":0,"max_hp_loss":0,"event_name":"Wheel of Change","floor":24,"gold_loss":0},{"damage_healed":0,"gold_gain":0,"player_choice":"Copied","damage_taken":0,"max_hp_gain":0,"max_hp_loss":0,"event_name":"Duplicator","floor":28,"gold_loss":0,"cards_obtained":["Footwork"]},{"damage_healed":0,"gold_gain":0,"player_choice":"Upgraded","damage_taken":0,"max_hp_gain":0,"max_hp_loss":0,"event_name":"Upgrade Shrine","floor":37,"gold_loss":0,"cards_upgraded":["Footwork"]},{"damage_healed":0,"gold_gain":0,"player_choice":"Paid","damage_taken":0,"relics_obtained":["Red Mask"],"max_hp_gain":0,"max_hp_loss":0,"event_name":"Tomb of Lord Red Mask","floor":39,"gold_loss":74},{"damage_healed":0,"gold_gain":0,"player_choice":"Max HP","damage_taken":0,"max_hp_gain":0,"max_hp_loss":4,"event_name":"Winding Halls","floor":41,"gold_loss":0}],"is_beta":false,"boss_relics":[{"not_picked":["Tiny House","Velvet Choker"],"picked":"Busted Crown"},{"not_picked":["Empty Cage","White Beast Statue"],"picked":"Philosopher\u0027s Stone"}],"items_purged_floors":[],"is_endless":false,"potions_floor_spawned":[8,10,11,14,21,22,27,42,47],"killed_by":"Time Eater","ascension_level":0}