{"gold_per_floor":[116,126,137,137,120,151,151,179,179,179],"floor_reached":10,"playtime":307,"items_purged":[],"score":117,"play_id":"006d5a1f-0871-4717-a4e4-47d08f5e8431","local_time":"20190124210439","is_ascension_mode":true,"campfire_choices":[{"data":"Redo","floor":7,"key":"SMITH"}],"neow_cost":"NONE","seed_source_timestamp":441401208572464,"circlet_count":0,"master_deck":["AscendersBane","Strike_B","Strike_B","Strike_B","Defend_B","Defend_B","Defend_B","Defend_B","Zap","Dualcast","Barrage","Coolheaded","Conserve Battery","Redo+1","Glacier"],"relics":["Cracked Core","Mummified Hand","Unceasing Top","Meat on the Bone"],"potions_floor_usage":[6,8],"damage_taken":[{"damage":12,"enemies":"Jaw Worm","floor":1,"turns":3},{"damage":13,"enemies":"Small Slimes","floor":2,"turns":3},{"damage":0,"enemies":"Cultist","floor":3,"turns":3},{"damage":10,"enemies":"Exordium Thugs","floor":5,"turns":4},{"damage":16,"enemies":"Gremlin Nob","floor":6,"turns":3},{"damage":13,"enemies":"Lagavulin","floor":8,"turns":7},{"damage":16,"enemies":"Gremlin Nob","floor":10,"turns":3}],"seed_played":"-5133518783036029870","potions_obtained":[{"floor":2,"key":"Fire Potion"},{"floor":6,"key":"AttackPotion"}],"is_trial":false,"path_per_floor":["M","M","M","?","M","E","R","E","T","E"],"character_chosen":"DEFECT","items_purchased":[],"campfire_rested":0,"item_purchase_floors":[],"current_hp_per_floor":[63,50,50,50,40,24,24,11,11,0],"gold":179,"neow_bonus":"TEN_PERCENT_HP_BONUS","is_prod":false,"is_daily":false,"chose_seed":false,"campfire_upgraded":1,"win_rate":0,"timestamp":1548360279,"path_taken":["M","M","M","?","M","E","R","E","T","E"],"build_version":"2019-01-23","purchased_purges":0,"victory":false,"max_hp_per_floor":[82,82,82,82,82,82,82,82,82,82],"card_choices":[{"not_picked":["Steam","Fusion"],"picked":"Barrage","floor":1},{"not_picked":["Steam Power","Aggregate"],"picked":"Coolheaded","floor":2},{"not_picked":["Scrape","Leap","Sweeping Beam"],"picked":"SKIP","floor":3},{"not_picked":["Coolheaded","Darkness"],"picked":"Conserve Battery","floor":5},{"not_picked":["Beam Cell","Auto Shields"],"picked":"Redo","floor":6},{"not_picked":["Meteor Strike","Force Field"],"picked":"Glacier","floor":8}],"player_experience":696491,"relics_obtained":[{"floor":6,"key":"Mummified Hand"},{"floor":8,"key":"Unceasing Top"},{"floor":9,"key":"Meat on the Bone"}],"event_choices":[{"cards_removed":["Strike_B"],"damage_healed":0,"gold_gain":0,"player_choice":"Forget","damage_taken":0,"max_hp_gain":0,"max_hp_loss":0,"event_name":"Living Wall","floor":4,"gold_loss":0}],"is_beta":false,"boss_relics":[],"items_purged_floors":[],"is_endless":false,"potions_floor_spawned":[2,6],"killed_by":"Gremlin Nob","ascension_level":10}