{"path_per_floor":["M","?","?","M","$","R","M","E","T","?","$","M","M","M","R","B",null,"M","?","?","M","?"],"character_chosen":"DEFECT","items_purchased":["Double Energy","Self Repair","Anchor","Storm"],"gold_per_floor":[119,219,219,233,116,116,131,157,227,253,64,74,90,103,103,204,204,219,219,219,235,235,235],"floor_reached":23,"campfire_rested":0,"playtime":1064,"item_purchase_floors":[5,5,11,11],"current_hp_per_floor":[73,73,58,58,58,58,57,43,43,27,27,37,47,55,55,29,75,62,62,62,27,27,0],"items_purged":[],"gold":235,"score":191,"play_id":"f2d91cf4-364c-4db9-a5f1-297f17c710f1","local_time":"20180602020549","is_prod":false,"is_daily":false,"chose_seed":false,"is_ascension_mode":false,"campfire_upgraded":2,"win_rate":0.0,"timestamp":1527897949,"campfire_choices":[{"data":"Self Repair","floor":6,"key":"SMITH"},{"data":"Storm","floor":15,"key":"SMITH"}],"path_taken":["M","?","?","?","?","R","M","E","T","?","$","?","?","M","R","BOSS","M","?","?","M","?","E"],"build_version":"2018-05-31","seed_source_timestamp":4217093731563,"purchased_purges":0,"victory":false,"master_deck":["Strike_B","Strike_B+1","Strike_B","Defend_B","Defend_B","Defend_B","Defend_B","Zap","Dualcast+1","Loop","Reinforced Body","Double Energy","Self Repair+1","Defragment","Darkness","Storm+1","FTL","FTL","Auto Shields","Creative AI+1","Self Repair+1","White Noise"],"max_hp_per_floor":[75,75,75,75,75,75,75,75,75,75,75,75,75,75,75,75,75,75,75,75,75,75,75],"relics":["Cracked Core","Ancient Tea Set","Question Card","Odd Mushroom","Anchor","Philosopher\u0027s Stone"],"card_choices":[{"not_picked":["Lockon","Barrage"],"picked":"Loop","floor":1},{"not_picked":["Conserve Battery","Leap"],"picked":"Reinforced Body","floor":4},{"not_picked":["Beam Cell","Aggregate","Compile Driver"],"picked":"SKIP","floor":7},{"not_picked":["Conserve Battery","Reboot"],"picked":"Defragment","floor":8},{"not_picked":["Steam","Blizzard","Leap"],"picked":"Darkness","floor":10},{"not_picked":["Stack","BootSequence","Coolheaded"],"picked":"FTL","floor":12},{"not_picked":["Coolheaded","Go for the Eyes","Sweeping Beam"],"picked":"FTL","floor":13},{"not_picked":["Conserve Battery","Compile Driver","Hologram"],"picked":"Auto Shields","floor":14},{"not_picked":["Amplify","Reboot","All For One"],"picked":"Creative AI","floor":16},{"not_picked":["Compile Driver+1","Loop+1","Hello World"],"picked":"Self Repair+1","floor":18},{"not_picked":["Melter","Darkness","Barrage"],"picked":"White Noise","floor":21}],"player_experience":289374,"potions_floor_usage":[16,23,23],"damage_taken":[{"damage":2,"enemies":"Jaw Worm","floor":1,"turns":4},{"damage":0,"enemies":"Cultist","floor":4,"turns":4},{"damage":1,"enemies":"2 Louse","floor":7,"turns":3},{"damage":24,"enemies":"Gremlin Nob","floor":8,"turns":5},{"damage":26,"enemies":"The Mushroom Lair","floor":10,"turns":5},{"damage":0,"enemies":"Looter","floor":12,"turns":2},{"damage":0,"enemies":"3 Louse","floor":13,"turns":3},{"damage":2,"enemies":"Blue Slaver","floor":14,"turns":4},{"damage":36,"enemies":"The Guardian","floor":16,"turns":8},{"damage":23,"enemies":"2 Thieves","floor":18,"turns":4},{"damage":35,"enemies":"3 Byrds","floor":21,"turns":2},{"damage":27,"enemies":"Slavers","floor":23,"turns":2}],"relics_obtained":[{"floor":8,"key":"Ancient Tea Set"},{"floor":9,"key":"Question Card"},{"floor":10,"key":"Odd Mushroom"}],"event_choices":[{"event_name":"Golden Shrine","player_choice":"Pray","floor":2,"damage_taken":0},{"event_name":"Shining Light","player_choice":"Entered Light","floor":3,"damage_taken":0},{"event_name":"Mushrooms","player_choice":"Fought Mushrooms","floor":10,"damage_taken":0},{"event_name":"Vampires","player_choice":"Ignored","floor":19,"damage_taken":0},{"event_name":"Purifier","player_choice":"One Purge","floor":20,"damage_taken":0},{"event_name":"Upgrade Shrine","player_choice":"Upgraded","floor":22,"damage_taken":0}],"boss_relics":[{"not_picked":["Pandora\u0027s Box","White Beast Statue"],"picked":"Philosopher\u0027s Stone"}],"items_purged_floors":[],"potions_floor_spawned":[1,7,8,14,16,21],"seed_played":"4877310462298753331","killed_by":"Slavers","ascension_level":0,"potions_obtained":[{"floor":1,"key":"Swift Potion"},{"floor":7,"key":"Explosive Potion"},{"floor":8,"key":"GamblersBrew"},{"floor":14,"key":"Poison Potion"},{"floor":16,"key":"SneckoOil"}],"is_trial":false}