{"gold_per_floor":[17,30,40,60,60,60,89,101,101,101,101,127,127,141,141,245,245,258,273,286,286,303,303,314,348,348,348],"floor_reached":27,"playtime":1300,"items_purged":[],"score":333,"play_id":"f8c5b88a-2bc1-4c4b-9d42-b89c2f643068","local_time":"20181110194119","is_ascension_mode":true,"campfire_choices":[{"data":"True Grit","floor":6,"key":"SMITH"},{"data":"Bludgeon","floor":10,"key":"SMITH"},{"data":"Shrug It Off","floor":13,"key":"SMITH"},{"data":"Rampage","floor":15,"key":"SMITH"},{"floor":23,"key":"REST"}],"neow_cost":"NO_GOLD","seed_source_timestamp":2747702121874830,"circlet_count":0,"master_deck":["Strike_R","Strike_R","Strike_R","Strike_R","Defend_R","Defend_R","Defend_R","Defend_R","Bash","Bludgeon+1","Rampage+1","Iron Wave","True Grit+1","Iron Wave","Headbutt","Shrug It Off+1","Thunderclap+1","Fiend Fire+1","Iron Wave+1","Spot Weakness+1","Battle Trance+1"],"relics":["Burning Blood","Bottled Lightning","Molten Egg 2","Bottled Flame","Velvet Choker","Blue Candle","Self Forming Clay"],"potions_floor_usage":[12,20,22,25,27],"damage_taken":[{"damage":0,"enemies":"2 Louse","floor":1,"turns":3},{"damage":6,"enemies":"Small Slimes","floor":2,"turns":2},{"damage":0,"enemies":"Cultist","floor":3,"turns":3},{"damage":10,"enemies":"Exordium Thugs","floor":4,"turns":5},{"damage":16,"enemies":"3 Sentries","floor":7,"turns":10},{"damage":15,"enemies":"2 Fungi Beasts","floor":8,"turns":4},{"damage":19,"enemies":"Gremlin Nob","floor":12,"turns":4},{"damage":0,"enemies":"Large Slime","floor":14,"turns":4},{"damage":32,"enemies":"Slime Boss","floor":16,"turns":8},{"damage":25,"enemies":"3 Byrds","floor":18,"turns":7},{"damage":0,"enemies":"Spheric Guardian","floor":19,"turns":2},{"damage":30,"enemies":"Chosen and Byrds","floor":20,"turns":5},{"damage":11,"enemies":"Centurion and Healer","floor":22,"turns":5},{"damage":16,"enemies":"Cultist and Chosen","floor":24,"turns":5},{"damage":13,"enemies":"Slavers","floor":25,"turns":5},{"damage":37,"enemies":"Gremlin Leader","floor":27,"turns":6}],"seed_played":"-7119246994764031504","potions_obtained":[{"floor":3,"key":"FairyPotion"},{"floor":4,"key":"AttackPotion"},{"floor":16,"key":"Dexterity Potion"},{"floor":18,"key":"AttackPotion"},{"floor":20,"key":"Swift Potion"},{"floor":24,"key":"Explosive Potion"}],"is_trial":false,"path_per_floor":["M","M","M","M","?","R","E","M","T","R","?","E","R","M","R","B",null,"M","M","M","?","M","R","M","E","T","E"],"character_chosen":"IRONCLAD","items_purchased":[],"campfire_rested":1,"item_purchase_floors":[],"current_hp_per_floor":[78,78,80,76,76,76,66,57,57,57,57,44,44,50,50,24,66,47,53,29,13,8,32,22,15,15,0],"gold":348,"neow_bonus":"THREE_RARE_CARDS","is_prod":false,"is_daily":false,"chose_seed":false,"campfire_upgraded":4,"win_rate":0,"timestamp":1541875279,"path_taken":["M","M","M","M","?","R","E","M","T","R","?","E","R","?","R","BOSS","M","M","M","?","M","R","M","E","T","E"],"build_version":"2018-11-08","purchased_purges":0,"victory":false,"max_hp_per_floor":[80,80,80,80,80,80,80,80,80,80,80,80,80,80,80,80,80,80,80,80,80,80,80,80,80,80,80],"card_choices":[{"not_picked":["Demon Form","Fiend Fire"],"picked":"Bludgeon","floor":0},{"not_picked":["Heavy Blade","Searing Blow"],"picked":"Rampage","floor":1},{"not_picked":["Flame Barrier","True Grit"],"picked":"Iron Wave","floor":2},{"not_picked":["Clothesline","Warcry"],"picked":"True Grit","floor":3},{"not_picked":["Sword Boomerang","Entrench"],"picked":"Iron Wave","floor":4},{"not_picked":["Flex","Wild Strike"],"picked":"Headbutt","floor":7},{"not_picked":["Body Slam","Armaments"],"picked":"Shrug It Off","floor":8},{"not_picked":["Second Wind","Corruption","Infernal Blade"],"picked":"SKIP","floor":12},{"not_picked":["Heavy Blade+1","Pummel+1","Rupture"],"picked":"SKIP","floor":14},{"not_picked":["Bludgeon+1","Immolate+1"],"picked":"Fiend Fire+1","floor":16},{"not_picked":["Sword Boomerang+1","Flex+1","True Grit+1"],"picked":"SKIP","floor":18},{"not_picked":["Havoc","Body Slam+1"],"picked":"Iron Wave+1","floor":19},{"not_picked":["Blood for Blood+1","Dropkick+1"],"picked":"Spot Weakness+1","floor":20},{"not_picked":["Bloodletting","Fire Breathing","Headbutt+1"],"picked":"SKIP","floor":22},{"not_picked":["Combust","Rupture","True Grit"],"picked":"SKIP","floor":24},{"not_picked":["Offering","Barricade"],"picked":"Battle Trance+1","floor":25}],"player_experience":534951,"relics_obtained":[{"floor":7,"key":"Bottled Lightning"},{"floor":9,"key":"Molten Egg 2"},{"floor":12,"key":"Bottled Flame"},{"floor":25,"key":"Blue Candle"},{"floor":26,"key":"Self Forming Clay"}],"event_choices":[{"damage_healed":0,"gold_gain":0,"player_choice":"Ignored","damage_taken":0,"max_hp_gain":0,"max_hp_loss":0,"event_name":"Liars Game","floor":5,"gold_loss":0},{"damage_healed":0,"gold_gain":0,"cards_transformed":["Strike_R"],"player_choice":"Transformed","damage_taken":0,"max_hp_gain":0,"max_hp_loss":0,"event_name":"Transmorgrifier","floor":11,"gold_loss":0,"cards_obtained":["Thunderclap"]},{"damage_healed":0,"gold_gain":0,"player_choice":"Obtained Book","damage_taken":16,"max_hp_gain":0,"max_hp_loss":0,"event_name":"Cursed Tome","floor":21,"gold_loss":0}],"is_beta":false,"boss_relics":[{"not_picked":["Snecko Eye","Black Blood"],"picked":"Velvet Choker"}],"items_purged_floors":[],"is_endless":false,"potions_floor_spawned":[3,4,16,18,20,24],"killed_by":"Gremlin Leader","ascension_level":7}