{"gold_per_floor":[215,235,252,272,289,322,334,346,384,396,428,457,569,598,610,724,736,736,736,0,0,0,0,0,0,0,0,0,0,0,0,0,0,0,0,0,0,0,0,0,0,0,0,0,0,0,0,0,0,0],"floor_reached":50,"playtime":2767,"items_purged":[],"score":466,"play_id":"9992187f-fa49-409e-aac0-9e76c2b7a281","local_time":"20190222175755","is_ascension_mode":false,"campfire_choices":[{"floor":7,"key":"REST"},{"data":"Coolheaded","floor":10,"key":"SMITH"},{"floor":15,"key":"REST"},{"data":"Magnetism","floor":24,"key":"SMITH"},{"data":"Zap","floor":30,"key":"SMITH"},{"data":"Redo","floor":32,"key":"SMITH"},{"floor":40,"key":"REST"},{"floor":42,"key":"REST"},{"floor":44,"key":"REST"},{"floor":49,"key":"REST"}],"neow_cost":"NONE","seed_source_timestamp":22104040517743,"circlet_count":0,"master_deck":["Strike_B+1","Strike_B+1","Strike_B+1","Defend_B+1","Defend_B+1","Defend_B+1","Defend_B+1","Zap+1","Dualcast","Ball Lightning","Cold Snap","Conserve Battery","Coolheaded+1","Coolheaded+1","Reinforced Body","Stack","Self Repair","Go for the Eyes","Thunder Strike","Ball Lightning","Capacitor","Magnetism+1","Meteor Strike","Turbo","Redo+1","Ball Lightning","Redo+1","Multi-Cast","Sweeping Beam+1","Double Energy+1","Coolheaded+1","Echo Form","Lockon"],"relics":["Cracked Core","MawBank","War Paint","Ectoplasm","Mummified Hand","Strawberry","TheAbacus","MutagenicStrength","Gremlin Horn","Smiling Mask","Omamori","Fusion Hammer","Red Mask","Anchor"],"potions_floor_usage":[6,28,29,33,39,50,50],"damage_taken":[{"damage":4,"enemies":"2 Louse","floor":1,"turns":2},{"damage":0,"enemies":"Cultist","floor":2,"turns":3},{"damage":6,"enemies":"Jaw Worm","floor":3,"turns":3},{"damage":0,"enemies":"Blue Slaver","floor":4,"turns":3},{"damage":7,"enemies":"Lots of Slimes","floor":5,"turns":4},{"damage":23,"enemies":"Lagavulin","floor":6,"turns":5},{"damage":2,"enemies":"Looter","floor":11,"turns":3},{"damage":0,"enemies":"Exordium Thugs","floor":12,"turns":5},{"damage":16,"enemies":"3 Louse","floor":14,"turns":3},{"damage":46,"enemies":"Hexaghost","floor":16,"turns":15},{"damage":1,"enemies":"Shell Parasite","floor":18,"turns":7},{"damage":2,"enemies":"Spheric Guardian","floor":21,"turns":4},{"damage":0,"enemies":"Snecko","floor":22,"turns":5},{"damage":23,"enemies":"Slavers","floor":28,"turns":6},{"damage":2,"enemies":"3 Cultists","floor":29,"turns":5},{"damage":17,"enemies":"Automaton","floor":33,"turns":10},{"damage":0,"enemies":"3 Shapes","floor":35,"turns":3},{"damage":2,"enemies":"Orb Walker","floor":36,"turns":3},{"damage":42,"enemies":"Sphere and 2 Shapes","floor":38,"turns":8},{"damage":32,"enemies":"Transient","floor":39,"turns":5},{"damage":3,"enemies":"Jaw Worm Horde","floor":41,"turns":5},{"damage":23,"enemies":"3 Darklings","floor":45,"turns":7},{"damage":94,"enemies":"Time Eater","floor":50,"turns":12}],"seed_played":"3590880208924827644","potions_obtained":[{"floor":4,"key":"Fire Potion"},{"floor":5,"key":"Dexterity Potion"},{"floor":6,"key":"Swift Potion"},{"floor":11,"key":"Ancient Potion"},{"floor":18,"key":"Dexterity Potion"},{"floor":29,"key":"Dexterity Potion"},{"floor":35,"key":"Energy Potion"},{"floor":45,"key":"LiquidBronze"}],"is_trial":false,"path_per_floor":["M","M","M","M","M","E","R","?","T","R","M","M","?","M","R","B",null,"M","T","$","M","M","?","R","$","T","T","E","M","R","?","R","B",null,"M","M","?","M","M","R","M","R","T","R","M","$","$","?","R","B"],"character_chosen":"DEFECT","items_purchased":["Capacitor","Strawberry","TheAbacus","Magnetism","Meteor Strike"],"campfire_rested":6,"item_purchase_floors":[20,20,20,20,20],"current_hp_per_floor":[71,71,65,65,58,35,57,57,57,57,55,55,55,39,61,22,75,75,75,82,82,82,82,82,82,82,82,66,71,71,71,71,61,82,82,80,80,45,20,44,48,72,72,82,66,66,66,66,82,0],"gold":0,"neow_bonus":"HUNDRED_GOLD","is_prod":false,"is_daily":false,"chose_seed":false,"campfire_upgraded":4,"win_rate":0,"timestamp":1550879875,"path_taken":["M","M","M","M","M","E","R","?","T","R","M","M","?","M","R","BOSS","M","?","$","M","M","?","R","?","T","?","E","?","R","?","R","BOSS","M","M","?","M","M","R","M","R","T","R","M","?","$","?","R","BOSS"],"build_version":"2019-01-23","purchased_purges":0,"victory":false,"max_hp_per_floor":[75,75,75,75,75,75,75,75,75,75,75,75,75,75,75,75,75,75,75,82,82,82,82,82,82,82,82,82,82,82,82,82,82,82,82,82,82,82,82,82,82,82,82,82,82,82,82,82,82,82],"card_choices":[{"not_picked":["Coolheaded","Stack"],"picked":"Ball Lightning","floor":1},{"not_picked":["Turbo","Aggregate"],"picked":"Cold Snap","floor":2},{"not_picked":["Stack","Double Energy"],"picked":"Conserve Battery","floor":3},{"not_picked":["Leap","Stack"],"picked":"Coolheaded","floor":4},{"not_picked":["Rebound","Glacier"],"picked":"Coolheaded","floor":5},{"not_picked":["Tempest","Hyperbeam"],"picked":"Reinforced Body","floor":6},{"not_picked":["BootSequence","Rebound"],"picked":"Stack","floor":11},{"not_picked":["Stack","Double Energy"],"picked":"Self Repair","floor":12},{"not_picked":["Auto Shields","Aggregate"],"picked":"Go for the Eyes","floor":14},{"not_picked":["Biased Cognition","Fission"],"picked":"Thunder Strike","floor":16},{"not_picked":["Gash","Steam"],"picked":"Ball Lightning","floor":18},{"not_picked":["Ball Lightning","Chaos"],"picked":"Turbo","floor":21},{"not_picked":["Loop","Streamline"],"picked":"Redo+1","floor":22},{"not_picked":["Compile Driver","Fusion"],"picked":"Ball Lightning","floor":28},{"not_picked":["Glacier","Capacitor"],"picked":"Redo","floor":29},{"not_picked":["Rainbow","Machine Learning"],"picked":"Multi-Cast","floor":33},{"not_picked":["Beam Cell+1","Glacier"],"picked":"Sweeping Beam+1","floor":35},{"not_picked":["Coolheaded+1","Ball Lightning"],"picked":"Double Energy+1","floor":36},{"not_picked":["Go for the Eyes","Steam"],"picked":"Coolheaded+1","floor":38},{"not_picked":["Gash","Compile Driver","Chill+1"],"picked":"SKIP","floor":39},{"not_picked":["Redo+1","Scrape+1"],"picked":"Echo Form","floor":41},{"not_picked":["Turbo","Recycle"],"picked":"Lockon","floor":45}],"player_experience":307816,"relics_obtained":[{"floor":6,"key":"MawBank"},{"floor":9,"key":"War Paint"},{"floor":19,"key":"Mummified Hand"},{"floor":26,"key":"Gremlin Horn"},{"floor":27,"key":"Smiling Mask"},{"floor":28,"key":"Omamori"},{"floor":43,"key":"Anchor"}],"event_choices":[{"damage_healed":0,"gold_gain":0,"player_choice":"Grow","damage_taken":0,"max_hp_gain":0,"max_hp_loss":0,"event_name":"Living Wall","floor":8,"gold_loss":0,"cards_upgraded":["Coolheaded"]},{"damage_healed":0,"gold_gain":100,"player_choice":"Pray","damage_taken":0,"max_hp_gain":0,"max_hp_loss":0,"event_name":"Golden Shrine","floor":13,"gold_loss":0},{"damage_healed":0,"gold_gain":0,"player_choice":"Inject Mutagens","damage_taken":0,"relics_obtained":["MutagenicStrength"],"max_hp_gain":0,"max_hp_loss":0,"event_name":"Drug Dealer","floor":23,"gold_loss":0},{"damage_healed":0,"gold_gain":0,"player_choice":"Simplicity","damage_taken":0,"max_hp_gain":0,"max_hp_loss":0,"event_name":"Back to Basics","floor":31,"gold_loss":0,"cards_upgraded":["Strike_B","Strike_B","Strike_B","Strike_B","Defend_B","Defend_B"]},{"damage_healed":0,"gold_gain":0,"player_choice":"Paid","damage_taken":0,"relics_obtained":["Red Mask"],"max_hp_gain":0,"max_hp_loss":0,"event_name":"Tomb of Lord Red Mask","floor":37,"gold_loss":0},{"cards_removed":["Strike_B"],"damage_healed":0,"gold_gain":0,"player_choice":"Removed Attack","damage_taken":0,"max_hp_gain":0,"max_hp_loss":0,"event_name":"Falling","floor":48,"gold_loss":0}],"is_beta":false,"boss_relics":[{"not_picked":["Empty Cage","FrozenCore"],"picked":"Ectoplasm"},{"not_picked":["Snecko Eye","Velvet Choker"],"picked":"Fusion Hammer"}],"items_purged_floors":[],"is_endless":false,"potions_floor_spawned":[4,5,6,11,18,22,29,35,45],"killed_by":"Time Eater","ascension_level":0}