{"gold_per_floor":[211,211,226,244,255,285,304,319,399,427,439,526,548,576,588,702,714,714,20,20,20,20,20,20,20,20,20,20,20,20,20,20,20,20,20,20,20,20,20,20,20,20,20,20,20,20,20,20,20,20],"floor_reached":51,"playtime":2735,"items_purged":[],"score":663,"play_id":"1f68f7e5-5b8f-4b63-9bd9-35b8a472b92e","local_time":"20190219173610","is_ascension_mode":false,"campfire_choices":[{"floor":11,"key":"REST"},{"floor":15,"key":"REST"},{"data":"Defragment","floor":23,"key":"SMITH"},{"data":"Zap","floor":25,"key":"SMITH"},{"floor":28,"key":"REST"},{"data":"Double Energy","floor":32,"key":"SMITH"},{"data":"Darkness","floor":40,"key":"SMITH"},{"data":"Buffer","floor":42,"key":"SMITH"},{"data":"Hologram","floor":44,"key":"SMITH"},{"floor":49,"key":"REST"}],"neow_cost":"NONE","seed_source_timestamp":30412282528299,"circlet_count":0,"master_deck":["Defend_B","Defend_B","Defend_B","Defend_B","Zap+1","Dualcast","Doom and Gloom","Conserve Battery","Auto Shields","Genetic Algorithm","Hologram+1","Stack","Multi-Cast","Ball Lightning","Defragment+1","Leap","Writhe","Double Energy+1","Stack","Buffer+1","Cold Snap+1","Undo+1","Scrape+1","Parasite","Darkness+1","FTL","White Noise"],"relics":["Cracked Core","Mango","Symbiotic Virus","MawBank","Ectoplasm","Singing Bowl","MealTicket","Happy Flower","Ice Cream","Boot","Nunchaku","Meat on the Bone","Astrolabe"],"potions_floor_usage":[10,10,10,16,27,33,46,47,47],"damage_taken":[{"damage":0,"enemies":"2 Louse","floor":1,"turns":3},{"damage":1,"enemies":"Cultist","floor":3,"turns":3},{"damage":3,"enemies":"Small Slimes","floor":4,"turns":2},{"damage":5,"enemies":"Looter","floor":5,"turns":3},{"damage":33,"enemies":"Lagavulin","floor":6,"turns":8},{"damage":6,"enemies":"Exordium Wildlife","floor":7,"turns":4},{"damage":9,"enemies":"Exordium Thugs","floor":8,"turns":5},{"damage":7,"enemies":"Gremlin Nob","floor":10,"turns":3},{"damage":0,"enemies":"Blue Slaver","floor":13,"turns":4},{"damage":10,"enemies":"3 Louse","floor":14,"turns":3},{"damage":29,"enemies":"The Guardian","floor":16,"turns":10},{"damage":0,"enemies":"Spheric Guardian","floor":18,"turns":4},{"damage":1,"enemies":"Chosen","floor":21,"turns":5},{"damage":14,"enemies":"Centurion and Healer","floor":22,"turns":5},{"damage":5,"enemies":"Colosseum Slavers","floor":27,"turns":4},{"damage":20,"enemies":"Colosseum Nobs","floor":27,"turns":4},{"damage":7,"enemies":"Snake Plant","floor":29,"turns":3},{"damage":0,"enemies":"Snecko","floor":31,"turns":5},{"damage":46,"enemies":"Collector","floor":33,"turns":7},{"damage":13,"enemies":"3 Darklings","floor":35,"turns":3},{"damage":0,"enemies":"3 Shapes","floor":36,"turns":3},{"damage":11,"enemies":"Writhing Mass","floor":37,"turns":7},{"damage":10,"enemies":"Sphere and 2 Shapes","floor":45,"turns":7},{"damage":0,"enemies":"Jaw Worm Horde","floor":46,"turns":3},{"damage":63,"enemies":"4 Shapes","floor":47,"turns":4},{"damage":49,"enemies":"Time Eater","floor":50,"turns":12}],"seed_played":"3872127253867438234","potions_obtained":[{"floor":3,"key":"Ancient Potion"},{"floor":7,"key":"Strength Potion"},{"floor":8,"key":"AttackPotion"},{"floor":10,"key":"Block Potion"},{"floor":16,"key":"LiquidBronze"},{"floor":29,"key":"Strength Potion"},{"floor":33,"key":"Regen Potion"},{"floor":37,"key":"AttackPotion"},{"floor":46,"key":"PowerPotion"}],"is_trial":false,"path_per_floor":["M","?","M","M","M","E","M","M","T","E","R","?","M","M","R","B",null,"M","$","?","M","M","R","$","R","T","?","R","M","$","M","R","B",null,"M","M","M","?","$","R","?","R","T","R","M","M","M","?","R","B",null],"character_chosen":"DEFECT","items_purchased":["Defragment","Leap","Singing Bowl","MealTicket","Happy Flower"],"campfire_rested":4,"item_purchase_floors":[19,19,19,19,19],"current_hp_per_floor":[75,75,74,71,66,47,41,32,32,25,51,43,43,33,59,30,89,89,89,89,90,78,78,93,93,93,68,93,86,86,88,88,54,95,84,86,75,75,90,90,92,92,92,92,82,84,44,44,74,37],"gold":20,"neow_bonus":"HUNDRED_GOLD","is_prod":false,"is_daily":false,"chose_seed":false,"campfire_upgraded":6,"win_rate":0,"timestamp":1550619370,"path_taken":["M","?","?","M","M","E","M","M","T","E","R","?","M","?","R","BOSS","M","$","?","M","M","R","$","R","T","?","R","M","?","?","R","BOSS","M","M","M","?","$","R","?","R","T","R","?","M","M","?","R","BOSS"],"build_version":"2019-01-23","purchased_purges":0,"victory":true,"max_hp_per_floor":[75,75,75,75,75,89,89,89,89,89,89,89,89,89,89,89,89,89,89,89,91,93,93,93,93,93,93,93,93,93,95,95,95,95,97,99,99,94,94,94,96,96,96,96,96,98,100,100,100,100],"card_choices":[{"not_picked":["Gash","Stack"],"picked":"Doom and Gloom","floor":1},{"not_picked":["Sweeping Beam","Go for the Eyes","Streamline"],"picked":"SKIP","floor":3},{"not_picked":["Melter","Rebound"],"picked":"Conserve Battery","floor":4},{"not_picked":["Sweeping Beam","Beam Cell"],"picked":"Auto Shields","floor":5},{"not_picked":["Heatsinks","Biased Cognition","Static Discharge"],"picked":"SKIP","floor":6},{"not_picked":["Steam","Fusion"],"picked":"Genetic Algorithm","floor":7},{"not_picked":["Steam","Turbo","Streamline"],"picked":"SKIP","floor":8},{"not_picked":["Aggregate","Reprogram","Hologram"],"picked":"SKIP","floor":10},{"not_picked":["Cold Snap","Sweeping Beam"],"picked":"Hologram","floor":13},{"not_picked":["Sunder","Gash"],"picked":"Stack","floor":14},{"not_picked":["Meteor Strike","Rainbow"],"picked":"Multi-Cast","floor":16},{"not_picked":["Go for the Eyes","Reinforced Body"],"picked":"Ball Lightning","floor":18},{"not_picked":["Scrape+1","Gash","Rebound"],"picked":"Singing Bowl","floor":21},{"not_picked":["Cold Snap","Hello World+1","Reprogram"],"picked":"Singing Bowl","floor":22},{"not_picked":["Melter","Leap"],"picked":"Double Energy","floor":27},{"not_picked":["Barrage+1","Ball Lightning"],"picked":"Stack","floor":29},{"not_picked":["Skim","Doom and Gloom","Chill"],"picked":"Singing Bowl","floor":31},{"not_picked":["Core Surge","Multi-Cast"],"picked":"Buffer","floor":33},{"not_picked":["Turbo+1","Compile Driver","Storm+1"],"picked":"Singing Bowl","floor":35},{"not_picked":["Cold Snap","BootSequence","Turbo"],"picked":"Singing Bowl","floor":36},{"not_picked":["Capacitor+1","Ball Lightning+1"],"picked":"Darkness","floor":37},{"not_picked":["Madness","Mind Blast","PanicButton"],"picked":"Singing Bowl","floor":41},{"not_picked":["Coolheaded","Leap"],"picked":"FTL","floor":45},{"not_picked":["Coolheaded","Chaos","Sweeping Beam+1"],"picked":"Singing Bowl","floor":46},{"not_picked":["Conserve Battery+1","Rainbow","Auto Shields"],"picked":"Singing Bowl","floor":47}],"player_experience":261942,"relics_obtained":[{"floor":6,"key":"Mango"},{"floor":9,"key":"Symbiotic Virus"},{"floor":10,"key":"MawBank"},{"floor":26,"key":"Boot"},{"floor":27,"key":"Nunchaku"},{"floor":27,"key":"Meat on the Bone"}],"event_choices":[{"cards_removed":["Strike_B"],"damage_healed":0,"gold_gain":0,"player_choice":"Purged","damage_taken":0,"max_hp_gain":0,"max_hp_loss":0,"event_name":"Purifier","floor":2,"gold_loss":0},{"damage_healed":0,"gold_gain":75,"player_choice":"Touch","damage_taken":8,"max_hp_gain":0,"max_hp_loss":0,"event_name":"FaceTrader","floor":12,"gold_loss":0},{"damage_healed":0,"gold_gain":0,"player_choice":"Opened","damage_taken":0,"relics_obtained":["Ice Cream"],"max_hp_gain":0,"max_hp_loss":0,"event_name":"The Mausoleum","floor":20,"gold_loss":0,"cards_obtained":["Writhe"]},{"damage_healed":0,"gold_gain":0,"player_choice":"Fight","damage_taken":0,"max_hp_gain":0,"max_hp_loss":0,"event_name":"Colosseum","floor":27,"gold_loss":0},{"damage_healed":0,"gold_gain":0,"player_choice":"Fought Nobs","damage_taken":0,"max_hp_gain":0,"max_hp_loss":0,"event_name":"Colosseum","floor":27,"gold_loss":0},{"damage_healed":0,"gold_gain":0,"player_choice":"Max HP","damage_taken":0,"max_hp_gain":0,"max_hp_loss":5,"event_name":"Winding Halls","floor":38,"gold_loss":0},{"damage_healed":0,"gold_gain":0,"player_choice":"Memory 1","damage_taken":0,"max_hp_gain":0,"max_hp_loss":0,"event_name":"SensoryStone","floor":41,"gold_loss":0},{"damage_healed":0,"gold_gain":0,"player_choice":"1 cards matched","damage_taken":0,"max_hp_gain":0,"max_hp_loss":0,"event_name":"Match and Keep!","floor":48,"gold_loss":0,"cards_obtained":["White Noise"]}],"is_beta":false,"boss_relics":[{"not_picked":["Coffee Dripper","Calling Bell"],"picked":"Ectoplasm"},{"not_picked":["Fusion Hammer","Eternal Feather"],"picked":"Astrolabe"}],"items_purged_floors":[],"is_endless":false,"potions_floor_spawned":[3,7,8,10,16,27,29,33,37,46],"ascension_level":0}