{"path_per_floor":["M","M","?","M","?","M","R","$","T","R","M","$","M","M","R","B",null,"M","?","?","?","?","R","M","M","T","R","$","M","M","M","R","B",null,"M","M","M","?","M","R","?","R","T","$","R","$","M","M","R","B"],"character_chosen":"IRONCLAD","items_purchased":["Lantern"],"gold_per_floor":[110,120,120,137,137,157,157,1,25,25,42,42,54,69,69,168,168,168,168,168,168,83,83,83,83,83,83,8,8,8,8,8,8,8,8,8,8,8,8,8,0,0,0,0,0,0,0,0,0,0],"floor_reached":51,"campfire_rested":0,"playtime":4895,"current_hp_per_floor":[36,39,23,28,21,23,23,23,23,23,29,29,35,41,41,42,80,80,80,80,80,80,80,80,80,80,80,80,49,58,33,33,42,80,80,80,80,80,63,63,63,63,63,63,63,63,65,74,74,80],"items_purged":["Strike_R"],"gold":0,"score":568,"play_id":"f07c8e91-eee0-4c40-971e-c1fe037cd419","is_prod":false,"is_daily":false,"is_ascension_mode":false,"campfire_upgraded":6,"path_taken":["M","M","?","M","?","M","R","$","T","R","?","?","M","M","R","BOSS","M","?","?","?","?","R","M","M","T","R","?","M","?","M","R","BOSS","M","M","?","?","M","R","?","R","T","$","R","$","M","M","R","BOSS"],"build_version":"2018-02-15-PROD1","purchased_purges":1,"victory":true,"master_deck":["Defend_R+1","Defend_R+1","Defend_R+1","Bash","Inflame","Shrug It Off+1","Battle Trance+1","Iron Wave","Rampage+1","Barricade+1","Berserk","Shockwave","Rage+1","Flame Barrier","Shrug It Off","Burning Pact+1","Juggernaut+1","Demon Form+1","Flame Barrier"],"max_hp_per_floor":[80,80,80,80,80,80,80,80,80,80,80,80,80,80,80,80,80,80,80,80,80,80,80,80,80,80,80,80,80,80,80,80,80,80,80,80,80,80,80,80,80,80,80,80,80,80,80,80,80,80],"relics":["Burning Blood","Peace Pipe","Lantern","Bag of Preparation","Ectoplasm","Thread and Needle","Magic Flower","War Paint","Sozu","Red Mask","Shovel"],"card_choices":[{"not_picked":["Clash","Clothesline"],"picked":"Inflame"},{"not_picked":["Headbutt","Seeing Red"],"picked":"Shrug It Off"},{"not_picked":["Sword Boomerang","Dropkick"],"picked":"Battle Trance"},{"not_picked":["Clash","Corruption"],"picked":"Iron Wave"},{"not_picked":["Body Slam","Havoc"],"picked":"Rampage"},{"not_picked":["Inflame","Disarm"],"picked":"Barricade"},{"not_picked":["Double Tap","Reaper"],"picked":"Berserk"},{"not_picked":["Burning Pact","Heavy Blade"],"picked":"Shockwave"},{"not_picked":["Shockwave","Seeing Red"],"picked":"Flame Barrier"},{"not_picked":["Cleave","Power Through"],"picked":"Shrug It Off"},{"not_picked":["Seeing Red","Twin Strike"],"picked":"Burning Pact"},{"not_picked":["Exhume","Fiend Fire"],"picked":"Juggernaut"},{"not_picked":["Sword Boomerang","Inflame"],"picked":"Demon Form"}],"player_experience":81972,"potions_floor_usage":[16,31,31],"damage_taken":[{"damage":10,"enemies":"Small Slimes","floor":1,"turns":4},{"damage":3,"enemies":"Jaw Worm","floor":2,"turns":3},{"damage":1,"enemies":"Cultist","floor":4,"turns":4},{"damage":4,"enemies":"Blue Slaver","floor":6,"turns":6},{"damage":0,"enemies":"Large Slime","floor":11,"turns":5},{"damage":0,"enemies":"Exordium Thugs","floor":13,"turns":7},{"damage":0,"enemies":"Blue Slaver","floor":14,"turns":3},{"damage":5,"enemies":"The Guardian","floor":16,"turns":9},{"damage":0,"enemies":"3 Byrds","floor":18,"turns":6},{"damage":2,"enemies":"Shell Parasite","floor":24,"turns":7},{"damage":0,"enemies":"Centurion and Healer","floor":25,"turns":9},{"damage":40,"enemies":"Cultist and Chosen","floor":29,"turns":13},{"damage":0,"enemies":"Snecko","floor":30,"turns":8},{"damage":34,"enemies":"3 Cultists","floor":31,"turns":9},{"damage":0,"enemies":"Automaton","floor":33,"turns":15},{"damage":8,"enemies":"Orb Walker","floor":35,"turns":7},{"damage":0,"enemies":"3 Shapes","floor":36,"turns":8},{"damage":9,"enemies":"3 Darklings","floor":37,"turns":7},{"damage":26,"enemies":"Sphere and 2 Shapes","floor":39,"turns":11},{"damage":7,"enemies":"4 Shapes","floor":47,"turns":10},{"damage":0,"enemies":"3 Darklings","floor":48,"turns":8},{"damage":0,"enemies":"Time Eater","floor":50,"turns":12}],"event_choices":[{"event_name":"Shining Light","player_choice":"Entered Light","floor":3,"damage_taken":0},{"event_name":"Golden Wing","player_choice":"Card Removal","floor":5,"damage_taken":0},{"event_name":"The Mausoleum","player_choice":"Yes","floor":19,"damage_taken":0},{"event_name":"The Library","player_choice":"Read","floor":20,"damage_taken":0},{"event_name":"The Lab","player_choice":"Got Potions","floor":21,"damage_taken":0},{"event_name":"Addict","player_choice":"Obtained Relic","floor":22,"damage_taken":0},{"event_name":"Duplicator","player_choice":"One dupe","floor":38,"damage_taken":0},{"event_name":"Tomb of Lord Red Mask","player_choice":"Paid","floor":41,"damage_taken":0}],"boss_relics":[{"not_picked":["White Beast Statue","Orrery"],"picked":"Ectoplasm"},{"not_picked":["Runic Cube","Velvet Choker"],"picked":"Sozu"}],"potions_floor_spawned":[1,4,14,16,18,24,31,36,37],"seed_played":"5883894136223893660","ascension_level":0,"is_trial":false}