{"gold_per_floor":[112,112,123,123,137,168,168,196,220,233,252,286,304,149,149,149],"floor_reached":16,"playtime":729,"items_purged":[],"score":140,"play_id":"9ccdb30f-2f06-4349-841c-1feff99c337a","local_time":"20180628145331","is_ascension_mode":true,"campfire_choices":[{"data":"Flex","floor":7,"key":"SMITH"},{"floor":15,"key":"REST"}],"neow_cost":"NONE","seed_source_timestamp":6419347958703,"circlet_count":0,"master_deck":["Strike_R","Strike_R","Strike_R","Defend_R","Defend_R","Defend_R","Defend_R","Bash","Fire Breathing","Flex+1","Reaper","Metallicize","Thunderclap"],"relics":["Burning Blood","Oddly Smooth Stone","Bag of Preparation","Orichalcum","Ornamental Fan","Pen Nib"],"potions_floor_usage":[5,6,6,8,13],"damage_taken":[{"damage":0,"enemies":"2 Louse","floor":1,"turns":3},{"damage":13,"enemies":"Small Slimes","floor":3,"turns":4},{"damage":0,"enemies":"Cultist","floor":5,"turns":4},{"damage":39,"enemies":"Gremlin Nob","floor":6,"turns":5},{"damage":42,"enemies":"3 Sentries","floor":8,"turns":14},{"damage":6,"enemies":"2 Fungi Beasts","floor":10,"turns":4},{"damage":38,"enemies":"Exordium Wildlife","floor":11,"turns":6},{"damage":33,"enemies":"Lagavulin","floor":12,"turns":7},{"damage":19,"enemies":"Large Slime","floor":13,"turns":6},{"damage":45,"enemies":"Slime Boss","floor":16,"turns":7}],"seed_played":"459417483214085178","potions_obtained":[{"floor":3,"key":"SpeedPotion"},{"floor":4,"key":"SteroidPotion"},{"floor":4,"key":"SneckoOil"},{"floor":4,"key":"Fire Potion"},{"floor":6,"key":"Regen Potion"},{"floor":12,"key":"Weak Potion"}],"is_trial":false,"path_per_floor":["M","?","M","?","M","E","R","E","T","M","M","E","M","$","R"],"character_chosen":"IRONCLAD","items_purchased":["Pen Nib"],"campfire_rested":1,"item_purchase_floors":[14],"current_hp_per_floor":[80,73,66,66,72,45,45,36,36,52,36,21,20,20,44,0],"gold":149,"neow_bonus":"TRANSFORM_CARD","is_prod":false,"is_daily":false,"chose_seed":false,"campfire_upgraded":1,"win_rate":0,"timestamp":1530190411,"path_taken":["M","?","M","?","M","E","R","E","T","M","M","E","M","$","R","BOSS"],"build_version":"2018-06-21v2","purchased_purges":0,"victory":false,"max_hp_per_floor":[80,80,80,80,80,80,80,80,80,80,80,80,80,80,80,80],"card_choices":[{"not_picked":["Shrug It Off","Clothesline","Headbutt"],"picked":"SKIP","floor":1},{"not_picked":["True Grit","Shrug It Off"],"picked":"Flex","floor":3},{"not_picked":["Iron Wave","Thunderclap"],"picked":"Reaper","floor":5},{"not_picked":["Sword Boomerang","Wild Strike","True Grit"],"picked":"SKIP","floor":6},{"not_picked":["Flex","Burning Pact","Sentinel"],"picked":"SKIP","floor":8},{"not_picked":["Searing Blow","Armaments","Power Through"],"picked":"SKIP","floor":10},{"not_picked":["Flex","Iron Wave"],"picked":"Metallicize","floor":11},{"not_picked":["Second Wind","Heavy Blade"],"picked":"Thunderclap","floor":12},{"not_picked":["Dual Wield","Sword Boomerang","Hemokinesis"],"picked":"SKIP","floor":13}],"player_experience":450236,"relics_obtained":[{"floor":6,"key":"Oddly Smooth Stone"},{"floor":8,"key":"Bag of Preparation"},{"floor":9,"key":"Orichalcum"},{"floor":12,"key":"Ornamental Fan"}],"event_choices":[{"event_name":"Golden Wing","player_choice":"Card Removal","floor":2,"damage_taken":0},{"event_name":"The Lab","player_choice":"Got Potions","floor":4,"damage_taken":0}],"boss_relics":[],"items_purged_floors":[],"is_endless":false,"potions_floor_spawned":[3,6,12],"killed_by":"Slime Boss","ascension_level":3}