{"gold_per_floor":[110,123,139,154,171,197,197,197],"floor_reached":8,"playtime":368,"items_purged":[],"score":72,"play_id":"91e5d2e9-1ac7-45e4-9d4d-9682e31c9bae","local_time":"20181220192317","is_ascension_mode":true,"campfire_choices":[],"neow_cost":"NONE","seed_source_timestamp":750915303847,"circlet_count":0,"master_deck":["Strike_B","Strike_B","Strike_B","Defend_B","Defend_B","Defend_B","Defend_B","Zap","Dualcast","Streamline","Capacitor","Self Repair","Loop","Heatsinks"],"relics":["Cracked Core","Incense Burner"],"potions_floor_usage":[3,6,8],"damage_taken":[{"damage":11,"enemies":"Small Slimes","floor":1,"turns":4},{"damage":0,"enemies":"Cultist","floor":2,"turns":3},{"damage":4,"enemies":"2 Louse","floor":3,"turns":2},{"damage":16,"enemies":"Lots of Slimes","floor":4,"turns":5},{"damage":6,"enemies":"2 Fungi Beasts","floor":5,"turns":4},{"damage":30,"enemies":"3 Sentries","floor":6,"turns":7},{"damage":27,"enemies":"Gremlin Nob","floor":8,"turns":3}],"seed_played":"-53924274415752947","potions_obtained":[{"floor":2,"key":"Fruit Juice"},{"floor":4,"key":"SneckoOil"},{"floor":5,"key":"AttackPotion"},{"floor":6,"key":"SteroidPotion"}],"is_trial":false,"path_per_floor":["M","M","M","M","M","E","?","E"],"character_chosen":"DEFECT","items_purchased":[],"campfire_rested":0,"item_purchase_floors":[],"current_hp_per_floor":[64,64,65,49,50,27,27,0],"gold":197,"neow_bonus":"REMOVE_CARD","is_prod":false,"is_daily":false,"chose_seed":false,"campfire_upgraded":0,"win_rate":0,"timestamp":1545330197,"path_taken":["M","M","M","M","M","E","?","E"],"build_version":"2018-12-13","purchased_purges":0,"victory":false,"max_hp_per_floor":[75,75,80,80,80,80,80,80],"card_choices":[{"not_picked":["Compile Driver","Hologram"],"picked":"Streamline","floor":1},{"not_picked":["Barrage","Hologram","Rebound"],"picked":"SKIP","floor":2},{"not_picked":["Hyperbeam","Turbo"],"picked":"Capacitor","floor":3},{"not_picked":["Rip and Tear","Sweeping Beam"],"picked":"Self Repair","floor":4},{"not_picked":["Glacier","Self Repair"],"picked":"Loop","floor":5},{"not_picked":["Leap","Steam"],"picked":"Heatsinks","floor":6}],"player_experience":574056,"relics_obtained":[{"floor":6,"key":"Incense Burner"}],"event_choices":[{"damage_healed":0,"gold_gain":0,"player_choice":"Ignored","damage_taken":0,"max_hp_gain":0,"max_hp_loss":0,"event_name":"Liars Game","floor":7,"gold_loss":0}],"is_beta":false,"boss_relics":[],"items_purged_floors":[],"is_endless":false,"potions_floor_spawned":[2,4,5,6],"killed_by":"Gremlin Nob","ascension_level":4}