{"path_per_floor":["M","?","?","M","M","E","R","E","T","M","$","E","M","M","R","B",null,"M","M","?","M","?","R","E","R","T","T","M","M","R","E","R"],"character_chosen":"THE_SILENT","items_purchased":["Terror"],"gold_per_floor":[13,13,13,28,52,92,92,136,136,159,6,44,57,82,82,203,203,218,233,233,250,175,175,208,208,288,318,336,351,351,380,380],"floor_reached":33,"campfire_rested":2,"playtime":3187,"current_hp_per_floor":[69,65,40,40,40,12,31,25,25,21,21,15,15,13,32,9,65,54,50,50,42,42,42,49,49,54,59,58,54,54,58,58],"items_purged":["Strike_G"],"gold":380,"play_id":"04733715-3ceb-43df-8146-7c4614fc7f1b","is_prod":false,"is_daily":false,"campfire_rituals":0,"campfire_upgraded":4,"is_hardmode":false,"path_taken":["M","?","?","?","M","E","R","E","T","M","$","E","M","M","R","BOSS","M","M","?","?","?","R","E","R","T","?","M","M","R","E","R","BOSS"],"build_version":"2018-01-18-PROD4","purchased_purges":1,"victory":false,"master_deck":["Defend_G","Defend_G","Defend_G","Defend_G","Defend_G","Strike_G","Survivor","Neutralize","Quick Slash","Infinite Blades","Quick Slash","Backstab","Backstab","Deflect","Noxious Fumes","Backflip","Terror","Slice","Deflect","Deadly Poison","Tools of the Trade","Sucker Punch","Escape Plan","Noxious Fumes","Flying Knee"],"max_hp_per_floor":[70,65,65,65,65,65,65,65,65,65,65,65,65,65,65,65,65,65,65,65,65,65,65,75,75,75,75,75,75,75,75,75],"relics":["Ring of the Snake","Bloody Idol","Toolbox","Pen Nib","Paper Crane","Ninja Scroll","Toxic Egg","Black Star","Tough Bandages","Pear","Matryoshka","Tiny Chest","Frozen Egg","Mummified Hand","Shuriken"],"campfire_meditates":0,"card_choices":[{"not_picked":["Underhanded Strike","Catalyst"],"picked":"Quick Slash"},{"not_picked":["Bane","Acrobatics"],"picked":"Backstab"},{"not_picked":["Dodge and Roll","Outmaneuver"],"picked":"Backstab"},{"not_picked":["Doppelganger","Bane"],"picked":"Deflect"},{"not_picked":["Bane","Slice"],"picked":"Noxious Fumes"},{"not_picked":["Slice","Dagger Throw"],"picked":"Backflip"},{"not_picked":["Poisoned Stab","Terror"],"picked":"Slice"},{"not_picked":["Blade Dance","Predator"],"picked":"Deflect"},{"not_picked":["Catalyst","Crippling Poison"],"picked":"Deadly Poison"},{"not_picked":["Venomology","After Image"],"picked":"Tools of the Trade"},{"not_picked":["Acrobatics","Poisoned Stab"],"picked":"Sucker Punch"},{"not_picked":["Flying Knee","Endless Agony"],"picked":"Escape Plan"},{"not_picked":["Dagger Spray","Dagger Throw"],"picked":"Noxious Fumes"},{"not_picked":["Deadly Poison","Quick Slash"],"picked":"Flying Knee"}],"player_experience":79401,"potions_floor_usage":[8,16,18,24,33],"damage_taken":[{"damage":1,"enemies":"Jaw Worm","floor":1,"turns":4},{"damage":0,"enemies":"2 Louse","floor":4,"turns":2},{"damage":0,"enemies":"Cultist","floor":5,"turns":3},{"damage":28,"enemies":"Lagavulin","floor":6,"turns":7},{"damage":6,"enemies":"3 Sentries","floor":8,"turns":6},{"damage":4,"enemies":"Red Slaver","floor":10,"turns":4},{"damage":6,"enemies":"Lagavulin","floor":12,"turns":8},{"damage":0,"enemies":"3 Louse","floor":13,"turns":3},{"damage":2,"enemies":"Large Slime","floor":14,"turns":4},{"damage":23,"enemies":"Slime Boss","floor":16,"turns":10},{"damage":11,"enemies":"2 Thieves","floor":18,"turns":3},{"damage":4,"enemies":"Spheric Guardian","floor":19,"turns":5},{"damage":13,"enemies":"Snake Plant","floor":21,"turns":5},{"damage":8,"enemies":"Slavers","floor":24,"turns":6},{"damage":6,"enemies":"Centurion and Healer","floor":28,"turns":5},{"damage":9,"enemies":"3 Cultists","floor":29,"turns":5},{"damage":1,"enemies":"Book of Stabbing","floor":31,"turns":5},{"damage":70,"enemies":"Collector","floor":33,"turns":5}],"event_choices":[{"event_name":"Golden Idol","player_choice":"Lose Max HP","floor":2,"damage_taken":0},{"event_name":"Scrap Ooze","player_choice":"success","floor":3,"damage_taken":25},{"event_name":"Forgotten Altar","player_choice":"Gave Idol","floor":20,"damage_taken":0},{"event_name":"Beggar","player_choice":"Gave Gold","floor":22,"damage_taken":0}],"boss_relics":[{"not_picked":["Ectoplasm","Orrery"],"picked":"Black Star"}],"potions_floor_spawned":[6,10,14,16,18,21,31],"seed_played":"-901709151250499133","killed_by":"Collector","is_trial":false}