{"path_per_floor":["M","M","?","M","M","R","?","R","T","M","?","R","M","M","R","B",null,"M","M","$","?","M","R","M","R","T","$","E","M","R","?","R","B",null,"M","T","?","?","$","R","$","R","T","M","E","M","E","M","R","B"],"character_chosen":"IRONCLAD","items_purchased":["Orichalcum","Pantograph"],"gold_per_floor":[16,27,27,40,57,57,7,7,7,27,27,27,41,60,60,184,184,198,217,142,142,166,166,187,187,187,42,75,88,88,88,88,207,207,225,225,225,289,45,45,45,45,45,69,110,131,174,194,194,194],"floor_reached":51,"campfire_rested":0,"playtime":2579,"current_hp_per_floor":[80,80,64,67,50,50,50,50,50,51,51,51,48,46,46,12,74,68,72,72,72,62,62,74,74,74,74,74,71,71,71,71,60,74,74,74,74,65,65,65,65,65,65,66,44,74,74,72,72,60],"items_purged":["Defend_R"],"gold":194,"play_id":"608700d3-52d8-468a-844e-922f6820b9c1","is_prod":false,"is_daily":false,"is_ascension_mode":false,"campfire_upgraded":11,"path_taken":["M","M","?","M","M","R","?","R","T","M","?","R","?","M","R","BOSS","M","M","$","?","M","R","M","R","T","$","E","M","R","?","R","BOSS","M","?","?","?","?","R","?","R","T","?","E","M","E","M","R","BOSS"],"build_version":"2018-02-01-PROD3","purchased_purges":2,"victory":true,"master_deck":["Strike_R+1","Strike_R+1","Defend_R+1","Bash+1","Flex+1","Bloodletting+1","Flex+1","Reaper+1","Limit Break+1","Battle Trance+1","Flex+1","Flex+1","Brutality+1","Clash+1","Cleave+1","Warcry+1","Offering+1","Flex+1"],"max_hp_per_floor":[80,80,80,80,80,80,80,80,80,80,74,74,74,74,74,74,74,74,74,74,74,74,74,74,74,74,74,74,74,74,74,74,74,74,74,74,74,74,74,74,74,74,74,74,74,74,74,74,74,74],"relics":["Burning Blood","Centennial Puzzle","Golden Idol","Runic Dome","Gremlin Horn","Orichalcum","Self Forming Clay","Runic Pyramid","Ancient Tea Set","Bird Faced Urn","Pantograph","Mercury Hourglass","Toxic Egg 2","Bag of Preparation"],"card_choices":[{"not_picked":["Perfected Strike","Rupture"],"picked":"Flex"},{"not_picked":["Headbutt","Metallicize"],"picked":"Bloodletting"},{"not_picked":["Shrug It Off","Sever Soul"],"picked":"Flex"},{"not_picked":["Havoc","Power Through"],"picked":"Reaper"},{"not_picked":["Exhume","Bludgeon"],"picked":"Limit Break"},{"not_picked":["Pommel Strike","Cleave"],"picked":"Battle Trance"},{"not_picked":["Evolve","Pommel Strike"],"picked":"Flex"},{"not_picked":["Reaper","Double Tap"],"picked":"Brutality"},{"not_picked":["Inflame","Perfected Strike"],"picked":"Clash"},{"not_picked":["Flame Barrier","Perfected Strike"],"picked":"Cleave"},{"not_picked":["Shrug It Off","Rupture"],"picked":"Warcry"},{"not_picked":["Disarm","Cleave"],"picked":"Offering"},{"not_picked":["Sever Soul","Fire Breathing"],"picked":"Flex"}],"player_experience":127629,"potions_floor_usage":[4,16,19,22,33,38,50],"damage_taken":[{"damage":0,"enemies":"Small Slimes","floor":1,"turns":3},{"damage":5,"enemies":"2 Louse","floor":2,"turns":2},{"damage":3,"enemies":"Jaw Worm","floor":4,"turns":1},{"damage":23,"enemies":"3 Louse","floor":5,"turns":3},{"damage":5,"enemies":"Looter","floor":10,"turns":2},{"damage":9,"enemies":"2 Fungi Beasts","floor":13,"turns":2},{"damage":8,"enemies":"Lots of Slimes","floor":14,"turns":3},{"damage":59,"enemies":"Hexaghost","floor":16,"turns":9},{"damage":22,"enemies":"3 Byrds","floor":18,"turns":6},{"damage":2,"enemies":"Spheric Guardian","floor":19,"turns":3},{"damage":16,"enemies":"Snake Plant","floor":22,"turns":2},{"damage":3,"enemies":"3 Cultists","floor":24,"turns":2},{"damage":8,"enemies":"Gremlin Leader","floor":28,"turns":2},{"damage":9,"enemies":"Snecko","floor":29,"turns":3},{"damage":17,"enemies":"Champ","floor":33,"turns":5},{"damage":9,"enemies":"Orb Walker","floor":35,"turns":2},{"damage":42,"enemies":"Mysterious Sphere","floor":38,"turns":4},{"damage":18,"enemies":"3 Shapes","floor":44,"turns":2},{"damage":51,"enemies":"2 Orb Walkers","floor":45,"turns":4},{"damage":5,"enemies":"3 Darklings","floor":46,"turns":2},{"damage":8,"enemies":"Giant Head","floor":47,"turns":2},{"damage":18,"enemies":"4 Shapes","floor":48,"turns":1},{"damage":62,"enemies":"Time Eater","floor":50,"turns":4}],"event_choices":[{"event_name":"Shining Light","player_choice":"Entered Light","floor":3,"damage_taken":0},{"event_name":"The Cleric","player_choice":"Card Removal","floor":7,"damage_taken":0},{"event_name":"Golden Idol","player_choice":"Lose Max HP","floor":11,"damage_taken":0},{"event_name":"Back to Basics","player_choice":"Elegance","floor":21,"damage_taken":0},{"event_name":"The Library","player_choice":"Read","floor":31,"damage_taken":0},{"event_name":"Mysterious Sphere","player_choice":"Fight","floor":38,"damage_taken":0}],"boss_relics":[{"not_picked":["Runic Cube","Question Card"],"picked":"Runic Dome"},{"not_picked":["Astrolabe","Black Star"],"picked":"Runic Pyramid"}],"potions_floor_spawned":[2,5,13,16,19,22,24,35,45,47],"seed_played":"5487616240378270017","ascension_level":0,"is_trial":false}