{"gold_per_floor":[15,33,33,53,65,96,108,124,124,159,175,175,175,145,145,241,241,258,173,173,19,29,29,55,55,105,124,139,171,171,181,181,280,280,297,316,329,342,342,369,389,389,414,425,440,440,46,66,66,66,66,66,29,64,64],"floor_reached":56,"playtime":7019,"items_purged":["Strike_R","Strike_R"],"score":1571,"play_id":"36833e55-5ae0-4661-a352-0473a02df59e","local_time":"20190122095209","is_ascension_mode":true,"campfire_choices":[{"data":"Flex","floor":13.0,"key":"SMITH"},{"floor":15.0,"key":"REST"},{"data":"Barricade","floor":23.0,"key":"SMITH"},{"data":"Inflame","floor":30.0,"key":"SMITH"},{"data":"Armaments","floor":32.0,"key":"SMITH"},{"floor":46.0,"key":"RECALL"},{"data":"Entrench","floor":49.0,"key":"SMITH"},{"data":"Shrug It Off","floor":52.0,"key":"SMITH"}],"neow_cost":"NO_GOLD","seed_source_timestamp":369482981543500,"circlet_count":0,"master_deck":["Strike_R+1","Strike_R","Defend_R","Defend_R","Defend_R","Defend_R","Bash","Sword Boomerang","Heavy Blade","Flex+1","Flame Barrier+1","Whirlwind","Sword Boomerang","Ghostly Armor","Battle Trance","Barricade+1","Heavy Blade+1","Shrug It Off+1","Armaments+1","Intimidate+1","Bloodletting","Flame Barrier+1","Inflame+1","Reaper","Limit Break","Inflame+1","Metallicize+1","Entrench+1","Flex","Bloodletting+1","Demon Form+1","Second Wind","Seeing Red+1","Metallicize+1","Body Slam+1","Burning Pact"],"special_seed":0,"relics":["Burning Blood","Ginger","Oddly Smooth Stone","Bag of Preparation","Pantograph","Self Forming Clay","Coffee Dripper","Dream Catcher","Ancient Tea Set","Magic Flower","Centennial Puzzle","Frozen Egg 2","Runic Cube","Bottled Lightning","Kunai","Art of War"],"potions_floor_usage":[55,55,55],"damage_taken":[{"damage":1.0,"enemies":"Cultist","floor":1.0,"turns":4.0},{"damage":8.0,"enemies":"2 Louse","floor":2.0,"turns":4.0},{"damage":0.0,"enemies":"Small Slimes","floor":4.0,"turns":3.0},{"damage":14.0,"enemies":"Blue Slaver","floor":5.0,"turns":3.0},{"damage":42.0,"enemies":"Lagavulin","floor":6.0,"turns":8.0},{"damage":19.0,"enemies":"Looter","floor":7.0,"turns":4.0},{"damage":0.0,"enemies":"2 Fungi Beasts","floor":8.0,"turns":4.0},{"damage":1.0,"enemies":"Gremlin Nob","floor":10.0,"turns":3.0},{"damage":2.0,"enemies":"Blue Slaver","floor":11.0,"turns":3.0},{"damage":34.0,"enemies":"The Guardian","floor":16.0,"turns":16.0},{"damage":11.0,"enemies":"Shell Parasite","floor":18.0,"turns":6.0},{"damage":5.0,"enemies":"Spheric Guardian","floor":22.0,"turns":8.0},{"damage":7.0,"enemies":"Book of Stabbing","floor":24.0,"turns":7.0},{"damage":19.0,"enemies":"Chosen and Byrds","floor":27.0,"turns":8.0},{"damage":19.0,"enemies":"Shelled Parasite and Fungi","floor":28.0,"turns":8.0},{"damage":3.0,"enemies":"Gremlin Leader","floor":29.0,"turns":6.0},{"damage":4.0,"enemies":"Snecko","floor":31.0,"turns":4.0},{"damage":23.0,"enemies":"Automaton","floor":33.0,"turns":12.0},{"damage":3.0,"enemies":"Orb Walker","floor":35.0,"turns":4.0},{"damage":25.0,"enemies":"3 Shapes","floor":36.0,"turns":5.0},{"damage":27.0,"enemies":"3 Darklings","floor":37.0,"turns":6.0},{"damage":8.0,"enemies":"Maw","floor":38.0,"turns":7.0},{"damage":69.0,"enemies":"Reptomancer","floor":40.0,"turns":8.0},{"damage":10.0,"enemies":"Sphere and 2 Shapes","floor":41.0,"turns":4.0},{"damage":14.0,"enemies":"4 Shapes","floor":44.0,"turns":4.0},{"damage":44.0,"enemies":"Spire Growth","floor":45.0,"turns":6.0},{"damage":3.0,"enemies":"Jaw Worm Horde","floor":48.0,"turns":1.0},{"damage":61.0,"enemies":"Time Eater","floor":50.0,"turns":7.0},{"damage":23.0,"enemies":"Shield and Spear","floor":54.0,"turns":4.0},{"damage":79,"enemies":"The Heart","floor":55,"turns":6}],"seed_played":"-4670923236531393715","potions_obtained":[{"floor":2.0,"key":"SpeedPotion"},{"floor":5.0,"key":"AttackPotion"},{"floor":8.0,"key":"Swift Potion"},{"floor":11.0,"key":"Swift Potion"},{"floor":16.0,"key":"Explosive Potion"},{"floor":22.0,"key":"Poison Potion"},{"floor":24.0,"key":"Ancient Potion"},{"floor":28.0,"key":"FearPotion"},{"floor":33.0,"key":"SkillPotion"},{"floor":35.0,"key":"LiquidBronze"},{"floor":40.0,"key":"Energy Potion"},{"floor":41.0,"key":"Fruit Juice"},{"floor":44.0,"key":"Poison Potion"},{"floor":54.0,"key":"SteroidPotion"}],"is_trial":false,"path_per_floor":["M","M","T","M","M","E","M","M","T","E","M","?","R","?","R","B",null,"M","?","?","$","M","R","E","$","T","M","M","E","R","M","R","B",null,"M","M","M","M","?","E","M","?","T","M","M","R","$","M","R","B",null,"R","$","E","B",null],"character_chosen":"IRONCLAD","items_purchased":["Shrug It Off","Armaments","Kunai","Metallicize+1","Burning Pact"],"campfire_rested":1,"item_purchase_floors":[21,21,47,47,53],"current_hp_per_floor":[77,75,75,80,72,36,23,29,29,34,38,22,22,22,46,43,71,66,66,66,66,67,67,66,66,66,56,46,52,52,57,57,77,79,80,72,80,80,80,50,74,74,74,85,70,70,70,76,76,59,79,79,79,85,15],"gold":64,"neow_bonus":"ONE_RARE_RELIC","is_prod":false,"is_daily":false,"chose_seed":false,"campfire_upgraded":6,"win_rate":0,"timestamp":1548175929,"path_taken":["M","M","?","M","M","E","M","?","T","E","M","?","R","?","R","BOSS","M","?","?","$","M","R","E","?","T","M","M","E","R","M","R","BOSS","M","M","M","M","?","E","M","?","T","M","M","R","$","M","R","BOSS","R","$","E","BOSS"],"build_version":"2019-01-17v2","purchased_purges":2,"victory":true,"max_hp_per_floor":[80,80,80,80,80,80,80,80,80,80,80,80,80,80,80,80,80,80,80,80,80,80,80,80,80,80,80,80,80,80,80,80,80,80,80,80,80,80,80,80,85,85,85,85,85,85,85,85,85,85,85,85,85,85,85],"card_choices":[{"not_picked":["Twin Strike","Body Slam"],"picked":"Sword Boomerang","floor":1.0},{"not_picked":["Armaments","Headbutt"],"picked":"Heavy Blade","floor":2.0},{"not_picked":["Armaments","Exhume"],"picked":"Flex","floor":4.0},{"not_picked":["Armaments","Clash"],"picked":"Flame Barrier","floor":5.0},{"not_picked":["Reckless Charge","Sentinel"],"picked":"Whirlwind","floor":6.0},{"not_picked":["Armaments","Pommel Strike"],"picked":"Sword Boomerang","floor":7.0},{"not_picked":["Reckless Charge","Warcry"],"picked":"Ghostly Armor","floor":8.0},{"not_picked":["Iron Wave","Warcry"],"picked":"Battle Trance","floor":10.0},{"not_picked":["Pommel Strike","Evolve","Heavy Blade"],"picked":"SKIP","floor":11.0},{"not_picked":["Exhume","Double Tap"],"picked":"Barricade","floor":16.0},{"not_picked":["Dual Wield+1","Perfected Strike"],"picked":"Heavy Blade+1","floor":18.0},{"not_picked":["Iron Wave","Sword Boomerang+1"],"picked":"Intimidate+1","floor":22.0},{"not_picked":["Heavy Blade","Battle Trance"],"picked":"Bloodletting","floor":24.0},{"not_picked":["Feed","Dropkick"],"picked":"Flame Barrier+1","floor":27.0},{"not_picked":["Heavy Blade","Feel No Pain"],"picked":"Inflame","floor":28.0},{"not_picked":["Anger","Armaments"],"picked":"Reaper","floor":29.0},{"not_picked":["Fire Breathing+1","Shrug It Off","Sword Boomerang"],"picked":"SKIP","floor":31.0},{"not_picked":["Barricade+1","Feed"],"picked":"Limit Break","floor":33.0},{"not_picked":["Twin Strike","Armaments+1"],"picked":"Inflame+1","floor":35.0},{"not_picked":["Rage+1","Dropkick"],"picked":"Metallicize+1","floor":36.0},{"not_picked":["Flex","Clash"],"picked":"Entrench","floor":37.0},{"not_picked":["Anger","Sword Boomerang+1"],"picked":"Flex","floor":38.0},{"not_picked":["Disarm+1","Anger"],"picked":"Bloodletting+1","floor":40.0},{"not_picked":["Heavy Blade+1","Combust+1"],"picked":"Demon Form+1","floor":41.0},{"not_picked":["Second Wind","Wild Strike","Flame Barrier+1"],"picked":"SKIP","floor":44.0},{"not_picked":["Thunderclap+1","Hemokinesis+1"],"picked":"Seeing Red+1","floor":45.0},{"not_picked":["Flex","Havoc"],"picked":"Body Slam+1","floor":48.0},{"not_picked":["Intimidate","Wild Strike+1","Clothesline"],"picked":"SKIP","floor":54.0}],"player_experience":368618,"relics_obtained":[{"floor":3.0,"key":"Oddly Smooth Stone"},{"floor":6.0,"key":"Bag of Preparation"},{"floor":9.0,"key":"Pantograph"},{"floor":10.0,"key":"Self Forming Clay"},{"floor":24.0,"key":"Magic Flower"},{"floor":26.0,"key":"Centennial Puzzle"},{"floor":29.0,"key":"Frozen Egg 2"},{"floor":40.0,"key":"Bottled Lightning"},{"floor":54.0,"key":"Art of War"}],"event_choices":[{"damage_healed":0.0,"max_hp_gain":0.0,"max_hp_loss":0.0,"gold_gain":0.0,"event_name":"Shining Light","player_choice":"Entered Light","floor":12.0,"gold_loss":0.0,"damage_taken":16.0,"cards_upgraded":["Strike_R","Flame Barrier"]},{"damage_healed":0.0,"max_hp_gain":0.0,"max_hp_loss":0.0,"gold_gain":0.0,"event_name":"World of Goop","player_choice":"Left Gold","floor":14.0,"gold_loss":30.0,"damage_taken":0.0},{"damage_healed":0.0,"max_hp_gain":0.0,"max_hp_loss":0.0,"gold_gain":0.0,"event_name":"Addict","player_choice":"Obtained Relic","floor":19.0,"gold_loss":85.0,"damage_taken":0.0,"relics_obtained":["Dream Catcher"]},{"damage_healed":0.0,"max_hp_gain":0.0,"max_hp_loss":0.0,"gold_gain":0.0,"event_name":"The Mausoleum","player_choice":"Opened","floor":20.0,"gold_loss":0.0,"damage_taken":0.0,"relics_obtained":["Ancient Tea Set"]},{"damage_healed":0.0,"max_hp_gain":0.0,"max_hp_loss":0.0,"gold_gain":0.0,"event_name":"Tomb of Lord Red Mask","player_choice":"Ignored","floor":39.0,"gold_loss":0.0,"damage_taken":0.0},{"damage_healed":0.0,"max_hp_gain":0.0,"max_hp_loss":0.0,"gold_gain":0.0,"cards_transformed":["Strike_R"],"event_name":"Transmorgrifier","player_choice":"Transformed","floor":42.0,"gold_loss":0.0,"damage_taken":0.0,"cards_obtained":["Second Wind"]}],"is_beta":false,"boss_relics":[{"not_picked":["Black Blood","Ectoplasm"],"picked":"Coffee Dripper"},{"not_picked":["Empty Cage","Runic Dome"],"picked":"Runic Cube"}],"items_purged_floors":[21,47],"is_endless":false,"potions_floor_spawned":[2,5,8,11,16,22,24,28,33,35,40,41,44,54],"ascension_level":7}