{"path_per_floor":["M","$","?","M","M","E","R","$","T","M","M","M","R","M","R","B",null,"M","M","?","M","M","T","?","E","T","R","M","R","$","M","R"],"character_chosen":"IRONCLAD","items_purchased":["Whirlwind","Bottled Lightning"],"gold_per_floor":[114,36,36,55,74,142,142,67,117,136,155,174,174,193,193,318,318,318,288,288,288,288,288,288,288,288,288,288,288,38,38,38,38],"floor_reached":33,"campfire_rested":4,"playtime":1311,"current_hp_per_floor":[80,80,60,53,56,40,40,40,40,42,35,41,41,44,68,31,80,80,76,80,67,44,44,28,7,7,33,14,41,41,31,59,0],"items_purged":["Strike_R"],"gold":38,"score":271,"play_id":"6b9957a3-3ca3-44a5-81bb-85b9c1aa8850","local_time":"20180327225014","daily_mods":["Allstar","Uncertain Future","Binary"],"is_prod":false,"is_daily":true,"is_ascension_mode":false,"campfire_upgraded":2,"timestamp":1522205414,"path_taken":["M","$","?","M","M","E","R","?","T","M","M","?","R","M","R","BOSS","M","M","?","M","M","?","?","E","T","R","M","R","$","M","R","BOSS"],"build_version":"2018-03-22v2","purchased_purges":1,"victory":false,"master_deck":["Strike_R","Strike_R","Strike_R","Strike_R","Defend_R","Defend_R","Defend_R","Defend_R","Bash","Blind","Apotheosis+1","Flame Barrier","Whirlwind+1","Flex","Bloodletting","Whirlwind","Double Tap"],"max_hp_per_floor":[80,80,80,80,80,80,80,80,80,80,80,80,80,80,80,80,80,80,80,80,80,80,80,80,80,80,82,84,86,86,88,90,90],"relics":["Burning Blood","Golden Idol","Tiny Chest","Dream Catcher","Ectoplasm","Ice Cream","Enchiridion","Bag of Marbles","Singing Bowl","Bottled Lightning"],"card_choices":[{"not_picked":["Iron Wave"],"picked":"Flame Barrier","floor":1},{"not_picked":["Fire Breathing"],"picked":"Flex","floor":10},{"not_picked":["Twin Strike"],"picked":"Bloodletting","floor":12},{"not_picked":["Armaments"],"picked":"Whirlwind","floor":14},{"not_picked":["Berserk"],"picked":"Double Tap","floor":16}],"player_experience":164407,"potions_floor_usage":[6,11,14,16,21,22,25],"damage_taken":[{"damage":3,"enemies":"Small Slimes","floor":1,"turns":4},{"damage":13,"enemies":"Jaw Worm","floor":4,"turns":4},{"damage":3,"enemies":"2 Louse","floor":5,"turns":2},{"damage":22,"enemies":"3 Sentries","floor":6,"turns":5},{"damage":4,"enemies":"Looter","floor":10,"turns":4},{"damage":13,"enemies":"Exordium Wildlife","floor":11,"turns":5},{"damage":0,"enemies":"2 Fungi Beasts","floor":12,"turns":2},{"damage":3,"enemies":"Blue Slaver","floor":14,"turns":2},{"damage":43,"enemies":"Hexaghost","floor":16,"turns":9},{"damage":0,"enemies":"3 Byrds","floor":18,"turns":4},{"damage":10,"enemies":"2 Thieves","floor":19,"turns":2},{"damage":19,"enemies":"Centurion and Healer","floor":21,"turns":7},{"damage":29,"enemies":"Slaver and Parasite","floor":22,"turns":4},{"damage":27,"enemies":"Gremlin Leader","floor":25,"turns":5},{"damage":27,"enemies":"Chosen and Byrds","floor":28,"turns":4},{"damage":18,"enemies":"Snake Plant","floor":31,"turns":2},{"damage":61,"enemies":"Champ","floor":33,"turns":8}],"event_choices":[{"event_name":"Golden Idol","player_choice":"Take Damage","floor":3,"damage_taken":0},{"event_name":"The Library","player_choice":"Heal","floor":20,"damage_taken":0},{"event_name":"Cursed Tome","player_choice":"Obtained Book","floor":24,"damage_taken":0}],"boss_relics":[{"not_picked":["Runic Pyramid","Question Card"],"picked":"Ectoplasm"}],"potions_floor_spawned":[4,5,6,11,12,14,18,19],"seed_played":"-186306444568268159","killed_by":"Champ","ascension_level":0,"is_trial":false}