{"gold_per_floor":[17,17,36,52,62,97,110,110,110,110,137,157,177,196,196,291,291,301,319,218,237,237,237,269,283,283,294,294],"floor_reached":28,"playtime":1136,"items_purged":["Strike_B"],"score":463,"play_id":"6a8cf66d-0dca-4f5a-a001-5d437c97dc22","local_time":"20190112150444","is_ascension_mode":true,"campfire_choices":[{"floor":8,"key":"REST"},{"data":"Echo Form","floor":15,"key":"SMITH"},{"floor":23,"key":"REST"}],"neow_cost":"NO_GOLD","seed_source_timestamp":295640269374365,"circlet_count":0,"master_deck":["Strike_B","Strike_B","Strike_B","Defend_B","Defend_B","Defend_B","Defend_B","Zap","Dualcast","Echo Form+1","Chill","Streamline","Conserve Battery","White Noise","Cold Snap","Chill","Barrage","Blizzard","Electrodynamics","White Noise+1","Coolheaded","Barrage+1","Decay"],"relics":["Cracked Core","Regal Pillow","Cables","Ornamental Fan","Black Star","Pantograph","Bottled Flame","The Courier"],"potions_floor_usage":[14,27,27,28,28],"damage_taken":[{"damage":6,"enemies":"Cultist","floor":1,"turns":4},{"damage":0,"enemies":"2 Louse","floor":3,"turns":4},{"damage":0,"enemies":"Small Slimes","floor":4,"turns":3},{"damage":11,"enemies":"Blue Slaver","floor":5,"turns":3},{"damage":21,"enemies":"Gremlin Nob","floor":6,"turns":4},{"damage":15,"enemies":"Exordium Wildlife","floor":7,"turns":8},{"damage":0,"enemies":"3 Sentries","floor":11,"turns":4},{"damage":2,"enemies":"Looter","floor":12,"turns":3},{"damage":2,"enemies":"Large Slime","floor":13,"turns":5},{"damage":13,"enemies":"3 Louse","floor":14,"turns":2},{"damage":0,"enemies":"Slime Boss","floor":16,"turns":9},{"damage":18,"enemies":"Spheric Guardian","floor":18,"turns":5},{"damage":6,"enemies":"3 Byrds","floor":19,"turns":2},{"damage":38,"enemies":"Shelled Parasite and Fungi","floor":21,"turns":5},{"damage":25,"enemies":"Slavers","floor":24,"turns":5},{"damage":10,"enemies":"Sentry and Sphere","floor":25,"turns":5},{"damage":9,"enemies":"Snecko","floor":27,"turns":5},{"damage":19,"enemies":"Book of Stabbing","floor":28,"turns":4}],"seed_played":"8661292216627710750","potions_obtained":[{"floor":1,"key":"Regen Potion"},{"floor":7,"key":"FearPotion"},{"floor":11,"key":"Energy Potion"},{"floor":13,"key":"FocusPotion"},{"floor":14,"key":"PowerPotion"},{"floor":27,"key":"SkillPotion"}],"is_trial":false,"path_per_floor":["M","$","M","M","M","E","M","R","T","?","E","M","M","M","R","B",null,"M","M","$","M","?","R","E","M","T","M","E"],"character_chosen":"DEFECT","items_purchased":["Coolheaded"],"campfire_rested":2,"item_purchase_floors":[20],"current_hp_per_floor":[62,62,62,62,51,30,15,52,52,57,57,55,53,40,40,40,70,52,46,46,8,8,47,22,12,12,17,0],"gold":294,"neow_bonus":"THREE_RARE_CARDS","is_prod":false,"is_daily":false,"chose_seed":false,"campfire_upgraded":1,"win_rate":0,"timestamp":1547301884,"path_taken":["M","?","M","M","M","E","M","R","T","?","E","M","M","M","R","BOSS","M","M","$","M","?","R","E","M","T","M","E"],"build_version":"2019-01-10","purchased_purges":1,"victory":false,"max_hp_per_floor":[75,75,75,75,75,75,75,75,75,80,80,80,80,80,80,80,80,80,80,80,80,80,80,80,80,80,80,80],"card_choices":[{"not_picked":["Creative AI","Buffer"],"picked":"Echo Form","floor":0},{"not_picked":["Stack","Redo"],"picked":"Chill","floor":1},{"not_picked":["Hologram","Storm"],"picked":"Streamline","floor":3},{"not_picked":["Hologram","Double Energy"],"picked":"Conserve Battery","floor":4},{"not_picked":["Conserve Battery","Redo"],"picked":"White Noise","floor":5},{"not_picked":["Steam","Conserve Battery"],"picked":"Cold Snap","floor":6},{"not_picked":["Cold Snap","Redo"],"picked":"Chill","floor":7},{"not_picked":["Hyperbeam","Beam Cell"],"picked":"Barrage","floor":11},{"not_picked":["Conserve Battery","Stack"],"picked":"Blizzard","floor":12},{"not_picked":["Steam","Melter","Ball Lightning"],"picked":"SKIP","floor":13},{"not_picked":["Stack","Steam","Recycle"],"picked":"SKIP","floor":14},{"not_picked":["Meteor Strike","Biased Cognition"],"picked":"Electrodynamics","floor":16},{"not_picked":["Hello World+1","Chill"],"picked":"White Noise+1","floor":18},{"not_picked":["Scrape+1","Storm","Leap"],"picked":"SKIP","floor":19},{"not_picked":["Ball Lightning+1","Coolheaded"],"picked":"Barrage+1","floor":21},{"not_picked":["Tempest","Force Field","Melter"],"picked":"SKIP","floor":24},{"not_picked":["Turbo","Sweeping Beam","Rebound"],"picked":"SKIP","floor":25},{"not_picked":["Stack","Barrage+1","Turbo+1"],"picked":"SKIP","floor":27}],"player_experience":675875,"relics_obtained":[{"floor":6,"key":"Regal Pillow"},{"floor":9,"key":"Cables"},{"floor":11,"key":"Ornamental Fan"},{"floor":24,"key":"Pantograph"},{"floor":24,"key":"Bottled Flame"},{"floor":26,"key":"The Courier"}],"event_choices":[{"damage_healed":0,"gold_gain":0,"player_choice":"Donut","damage_taken":0,"max_hp_gain":5,"max_hp_loss":0,"event_name":"Big Fish","floor":10,"gold_loss":0},{"damage_healed":0,"gold_gain":0,"player_choice":"Smashed Altar","damage_taken":0,"max_hp_gain":0,"max_hp_loss":0,"event_name":"Forgotten Altar","floor":22,"gold_loss":0,"cards_obtained":["Decay"]}],"is_beta":false,"boss_relics":[{"not_picked":["Empty Cage","FrozenCore"],"picked":"Black Star"}],"items_purged_floors":[20],"is_endless":false,"potions_floor_spawned":[1,7,11,13,14,18,27],"killed_by":"Book of Stabbing","ascension_level":8}