{"gold_per_floor":[19,30,40,0,0,0,0,13,13,23,23,43,43,58,58,156,156,172,191,206,225,225,225,238,513,513,531,541,559,577,56,56,153,153,173,188,88,88,102,102,102,102,128,128,142,142,154,168,168,168],"floor_reached":50,"playtime":3941,"items_purged":["Strike_G","Underhanded Strike"],"score":488,"play_id":"0c1549bf-50cb-409b-b8bf-f26c1cc3dc19","local_time":"20190218211305","is_ascension_mode":true,"campfire_choices":[{"data":"After Image","floor":6,"key":"SMITH"},{"floor":13,"key":"REST"},{"data":"Cloak And Dagger","floor":15,"key":"SMITH"},{"floor":23,"key":"REST"},{"data":"After Image","floor":32,"key":"SMITH"},{"floor":40,"key":"REST"},{"data":"Footwork","floor":44,"key":"SMITH"},{"floor":46,"key":"REST"},{"floor":49,"key":"REST"}],"neow_cost":"NO_GOLD","seed_source_timestamp":36310497308041,"circlet_count":0,"master_deck":["Defend_G","Defend_G","Defend_G","Defend_G","Defend_G","Survivor","Neutralize","Bane","After Image+1","Reflex","Bane","Dagger Spray","Leg Sweep","Cloak And Dagger+1","After Image+1","All Out Attack+1","Deadly Poison","PiercingWail","Deflect","Acrobatics+1","Footwork+1","Deadly Poison+1","Deadly Poison+1","Night Terror","Finisher+1","Expertise+1","Injury","Footwork+1","Injury","Cloak And Dagger+1"],"relics":["Ring of the Snake","Omamori","FossilizedHelix","Cursed Key","Sundial","Nunchaku","Lee\u0027s Waffle","Kunai","Astrolabe","Orichalcum"],"potions_floor_usage":[12,16,19,24,28,33,35,48,48,50],"damage_taken":[{"damage":0,"enemies":"Cultist","floor":1,"turns":5},{"damage":4,"enemies":"Jaw Worm","floor":2,"turns":4},{"damage":0,"enemies":"2 Louse","floor":3,"turns":4},{"damage":1,"enemies":"Looter","floor":4,"turns":5},{"damage":29,"enemies":"Gremlin Gang","floor":8,"turns":6},{"damage":1,"enemies":"Large Slime","floor":10,"turns":10},{"damage":0,"enemies":"Lots of Slimes","floor":12,"turns":4},{"damage":0,"enemies":"2 Fungi Beasts","floor":14,"turns":4},{"damage":48,"enemies":"The Guardian","floor":16,"turns":25},{"damage":2,"enemies":"3 Byrds","floor":18,"turns":8},{"damage":0,"enemies":"2 Thieves","floor":19,"turns":4},{"damage":16,"enemies":"Snake Plant","floor":20,"turns":6},{"damage":12,"enemies":"Snecko","floor":21,"turns":7},{"damage":0,"enemies":"Cultist and Chosen","floor":24,"turns":10},{"damage":19,"enemies":"Snake Plant","floor":27,"turns":6},{"damage":11,"enemies":"Sentry and Sphere","floor":28,"turns":11},{"damage":13,"enemies":"Cultist and Chosen","floor":29,"turns":10},{"damage":0,"enemies":"Snecko","floor":30,"turns":5},{"damage":71,"enemies":"Collector","floor":33,"turns":10},{"damage":33,"enemies":"3 Darklings","floor":35,"turns":7},{"damage":0,"enemies":"3 Shapes","floor":36,"turns":7},{"damage":40,"enemies":"Transient","floor":39,"turns":5},{"damage":21,"enemies":"4 Shapes","floor":45,"turns":9},{"damage":17,"enemies":"Writhing Mass","floor":47,"turns":8},{"damage":15,"enemies":"Spire Growth","floor":48,"turns":7},{"damage":85,"enemies":"Donu and Deca","floor":50,"turns":12}],"seed_played":"3283545778714633136","potions_obtained":[{"floor":8,"key":"Energy Potion"},{"floor":14,"key":"Block Potion"},{"floor":16,"key":"SkillPotion"},{"floor":18,"key":"Block Potion"},{"floor":20,"key":"Explosive Potion"},{"floor":27,"key":"Weak Potion"},{"floor":28,"key":"Dexterity Potion"},{"floor":30,"key":"Regen Potion"},{"floor":39,"key":"GhostInAJar"},{"floor":45,"key":"LiquidBronze"}],"is_trial":false,"path_per_floor":["M","M","M","M","?","R","$","M","T","M","T","M","R","M","R","B",null,"M","M","M","M","?","R","M","?","T","M","M","M","M","$","R","B",null,"M","M","$","?","M","R","?","?","T","R","M","R","M","M","R","B"],"character_chosen":"THE_SILENT","items_purchased":["Lee\u0027s Waffle","Kunai"],"campfire_rested":5,"item_purchase_floors":[31,31],"current_hp_per_floor":[70,66,66,65,65,65,65,36,36,35,35,35,56,56,56,8,70,68,68,52,40,40,61,61,61,61,42,31,18,18,77,77,6,74,41,41,41,41,1,23,65,65,65,65,44,63,46,46,65,0],"gold":168,"neow_bonus":"TRANSFORM_TWO_CARDS","is_prod":false,"is_daily":false,"chose_seed":false,"campfire_upgraded":4,"win_rate":0,"timestamp":1550545985,"path_taken":["M","M","M","M","?","R","?","M","T","M","?","M","R","M","R","BOSS","M","M","M","M","?","R","M","?","T","M","?","M","M","$","R","BOSS","M","M","$","?","M","R","?","?","T","R","M","R","M","M","R","BOSS"],"build_version":"2019-01-23","purchased_purges":2,"victory":false,"max_hp_per_floor":[70,70,70,70,70,70,70,70,70,70,70,70,70,70,70,70,70,70,70,70,70,70,70,70,70,70,70,70,70,70,77,77,77,74,74,74,74,74,74,74,65,65,65,65,65,65,65,65,65,65],"card_choices":[{"not_picked":["Outmaneuver","Setup"],"picked":"Underhanded Strike","floor":1},{"not_picked":["Masterful Stab","All Out Attack"],"picked":"Reflex","floor":2},{"not_picked":["Infinite Blades","Masterful Stab"],"picked":"Bane","floor":3},{"not_picked":["Blade Dance","Slice"],"picked":"Dagger Spray","floor":4},{"not_picked":["Grand Finale","Dagger Throw"],"picked":"Leg Sweep","floor":8},{"not_picked":["Sucker Punch","Acrobatics"],"picked":"Cloak And Dagger","floor":10},{"not_picked":["Dagger Throw","Eviscerate","Finisher"],"picked":"SKIP","floor":12},{"not_picked":["Phantasmal Killer","Outmaneuver","Choke"],"picked":"SKIP","floor":14},{"not_picked":["Envenom","Glass Knife"],"picked":"After Image","floor":16},{"not_picked":["Prepared","Dodge and Roll"],"picked":"All Out Attack+1","floor":18},{"not_picked":["Dagger Throw+1","All Out Attack"],"picked":"Deadly Poison","floor":19},{"not_picked":["Flying Knee","Outmaneuver+1"],"picked":"PiercingWail","floor":20},{"not_picked":["Phantasmal Killer","All Out Attack+1"],"picked":"Deflect","floor":21},{"not_picked":["Cloak And Dagger","Bane"],"picked":"Acrobatics+1","floor":24},{"not_picked":["Accuracy+1","Cloak And Dagger"],"picked":"Footwork","floor":27},{"not_picked":["Outmaneuver+1","Bane"],"picked":"Deadly Poison+1","floor":28},{"not_picked":["After Image","Deflect"],"picked":"Deadly Poison+1","floor":29},{"not_picked":["Slice","Prepared","Blade Dance"],"picked":"SKIP","floor":30},{"not_picked":["Adrenaline","Tools of the Trade"],"picked":"Night Terror","floor":33},{"not_picked":["Dagger Throw+1","Outmaneuver","Dagger Spray"],"picked":"SKIP","floor":35},{"not_picked":["Leg Sweep+1","PiercingWail","Underhanded Strike+1"],"picked":"SKIP","floor":36},{"not_picked":["Deflect+1","Blade Dance"],"picked":"Footwork+1","floor":39},{"not_picked":["Outmaneuver+1","Dodge and Roll"],"picked":"Cloak And Dagger+1","floor":45},{"not_picked":["Concentrate","Poisoned Stab","Backflip"],"picked":"SKIP","floor":47},{"not_picked":["Bane+1","Dagger Spray+1","Acrobatics"],"picked":"SKIP","floor":48}],"player_experience":217853,"relics_obtained":[{"floor":9,"key":"Omamori"},{"floor":11,"key":"FossilizedHelix"},{"floor":26,"key":"Nunchaku"},{"floor":43,"key":"Orichalcum"}],"event_choices":[{"damage_healed":0,"gold_gain":0,"player_choice":"Ignored","damage_taken":0,"max_hp_gain":0,"max_hp_loss":0,"event_name":"Liars Game","floor":5,"gold_loss":0},{"damage_healed":0,"gold_gain":0,"player_choice":"Opened","damage_taken":0,"relics_obtained":["Sundial"],"max_hp_gain":0,"max_hp_loss":0,"event_name":"The Mausoleum","floor":22,"gold_loss":0,"cards_obtained":["Writhe"]},{"damage_healed":0,"gold_gain":275,"player_choice":"Desecrate","damage_taken":0,"max_hp_gain":0,"max_hp_loss":0,"event_name":"Golden Shrine","floor":25,"gold_loss":0,"cards_obtained":["Regret"]},{"damage_healed":0,"gold_gain":0,"player_choice":"Ignored","damage_taken":0,"max_hp_gain":0,"max_hp_loss":0,"event_name":"Mysterious Sphere","floor":38,"gold_loss":0},{"damage_healed":65,"gold_gain":0,"player_choice":"Heal","damage_taken":0,"max_hp_gain":0,"max_hp_loss":9,"event_name":"The Moai Head","floor":41,"gold_loss":0},{"damage_healed":0,"gold_gain":0,"player_choice":"Leave","damage_taken":0,"max_hp_gain":0,"max_hp_loss":0,"event_name":"FaceTrader","floor":42,"gold_loss":0}],"is_beta":false,"boss_relics":[{"not_picked":["Ring of the Serpent","Busted Crown"],"picked":"Cursed Key"},{"not_picked":["Velvet Choker","Calling Bell"],"picked":"Astrolabe"}],"items_purged_floors":[31,37],"is_endless":false,"potions_floor_spawned":[8,14,16,18,20,27,28,30,39,45],"killed_by":"Donu and Deca","ascension_level":2}