{"gold_per_floor":[217,217,232,232,232,246,246,272,348,361,373,384,384,404,404,501,501,518,536,536,556,571,571,582,582,609,624,624,547,547,87,87,190,190,210,210,210,110,121,121],"floor_reached":40,"playtime":2548,"items_purged":["Strike_R","Defend_R"],"score":523,"play_id":"54f955b1-367d-4f67-9dc5-9ca000373798","local_time":"20180803031051","is_ascension_mode":true,"campfire_choices":[{"data":"Iron Wave","floor":7,"key":"SMITH"},{"data":"Entrench","floor":13,"key":"SMITH"},{"data":"Body Slam","floor":15,"key":"SMITH"},{"data":"Shockwave","floor":23,"key":"SMITH"},{"data":"Limit Break","floor":25,"key":"SMITH"},{"floor":28,"key":"REST"},{"data":"J.A.X.","floor":30,"key":"SMITH"},{"floor":32,"key":"REST"}],"neow_cost":"NONE","seed_source_timestamp":109128268880281,"circlet_count":0,"master_deck":["Defend_R","Defend_R+1","Defend_R+1","Bash","Body Slam+1","Iron Wave+1","Entrench+1","Body Slam+1","Limit Break+1","Armaments+1","Shrug It Off+1","Burning Pact+1","Shockwave+1","J.A.X.+1","Inflame","Shrug It Off+1","Heavy Blade+1","Shrug It Off","Metallicize","Madness","Madness","Body Slam"],"relics":["Burning Blood","Art of War","Pantograph","Astrolabe","Vajra","War Paint","Juzu Bracelet","Orrery","Pear"],"potions_floor_usage":[11,16,24,24,27],"damage_taken":[{"damage":3,"enemies":"Jaw Worm","floor":1,"turns":5},{"damage":10,"enemies":"2 Louse","floor":3,"turns":3},{"damage":1,"enemies":"Cultist","floor":6,"turns":4},{"damage":12,"enemies":"3 Sentries","floor":8,"turns":9},{"damage":0,"enemies":"Exordium Wildlife","floor":10,"turns":4},{"damage":0,"enemies":"2 Fungi Beasts","floor":11,"turns":5},{"damage":12,"enemies":"Large Slime","floor":12,"turns":8},{"damage":9,"enemies":"Looter","floor":14,"turns":4},{"damage":41,"enemies":"The Guardian","floor":16,"turns":15},{"damage":13,"enemies":"Spheric Guardian","floor":18,"turns":6},{"damage":12,"enemies":"3 Byrds","floor":19,"turns":9},{"damage":25,"enemies":"Sentry and Sphere","floor":21,"turns":10},{"damage":12,"enemies":"Snake Plant","floor":22,"turns":4},{"damage":16,"enemies":"3 Cultists","floor":24,"turns":7},{"damage":22,"enemies":"Slaver and Parasite","floor":27,"turns":6},{"damage":74,"enemies":"Automaton","floor":33,"turns":11},{"damage":43,"enemies":"Flame Bruiser 1 Orb","floor":35,"turns":5},{"damage":9,"enemies":"3 Shapes","floor":39,"turns":8},{"damage":60,"enemies":"2 Orb Walkers","floor":40,"turns":5}],"seed_played":"5149311484586251654","potions_obtained":[{"floor":3,"key":"BloodPotion"},{"floor":8,"key":"PowerPotion"},{"floor":10,"key":"Explosive Potion"},{"floor":11,"key":"SkillPotion"},{"floor":19,"key":"EssenceOfSteel"},{"floor":27,"key":"GamblersBrew"},{"floor":39,"key":"FairyPotion"}],"is_trial":false,"path_per_floor":["M","?","M","?","?","M","R","E","T","M","M","M","R","M","R","B",null,"M","M","?","M","M","R","M","R","T","M","R","?","R","$","R","B",null,"M","?","T","$","M"],"character_chosen":"IRONCLAD","items_purchased":["Inflame","War Paint","Juzu Bracelet"],"campfire_rested":2,"item_purchase_floors":[31,31,31],"current_hp_per_floor":[80,85,81,81,74,79,79,73,73,79,85,79,79,76,76,50,85,78,72,56,37,31,31,29,29,29,13,38,38,38,38,63,17,85,48,37,47,47,44,0],"gold":121,"neow_bonus":"HUNDRED_GOLD","is_prod":false,"is_daily":false,"chose_seed":false,"campfire_upgraded":6,"win_rate":0,"timestamp":1533258651,"path_taken":["M","?","M","?","?","M","R","E","T","M","M","M","R","M","R","BOSS","M","M","?","M","?","R","M","R","T","?","R","?","R","$","R","BOSS","M","?","?","$","M","E"],"build_version":"2018-07-26","purchased_purges":2,"victory":false,"max_hp_per_floor":[80,85,85,85,85,85,85,85,85,85,85,85,85,85,85,85,85,85,85,85,85,85,85,85,85,85,85,85,85,85,85,85,85,85,85,85,95,95,95,95],"card_choices":[{"not_picked":["Havoc","Clothesline"],"picked":"Body Slam","floor":1},{"not_picked":["Pummel","Second Wind","Combust"],"picked":"SKIP","floor":3},{"not_picked":["Havoc","Thunderclap"],"picked":"Iron Wave","floor":6},{"not_picked":["Intimidate","Perfected Strike","Brutality"],"picked":"SKIP","floor":8},{"not_picked":["Sever Soul","Sword Boomerang","Combust"],"picked":"SKIP","floor":10},{"not_picked":["Clothesline","Perfected Strike"],"picked":"Entrench","floor":11},{"not_picked":["Fire Breathing","Sword Boomerang","Carnage"],"picked":"SKIP","floor":12},{"not_picked":["Carnage","Headbutt","Body Slam"],"picked":"SKIP","floor":14},{"not_picked":["Carnage","Headbutt"],"picked":"Body Slam","floor":14},{"not_picked":["Exhume","Immolate"],"picked":"Limit Break","floor":16},{"not_picked":["Sever Soul","Twin Strike+1","Pummel"],"picked":"SKIP","floor":18},{"not_picked":["Armaments","Second Wind","Anger+1"],"picked":"SKIP","floor":19},{"not_picked":["Armaments","Second Wind","Anger+1"],"picked":"SKIP","floor":19},{"not_picked":["Anger","Clothesline","Wild Strike"],"picked":"SKIP","floor":21},{"not_picked":["Evolve","Warcry"],"picked":"Shockwave","floor":22},{"not_picked":["Anger","Clothesline+1","Headbutt"],"picked":"SKIP","floor":24},{"not_picked":["Wild Strike","Pommel Strike","Seeing Red"],"picked":"SKIP","floor":27},{"not_picked":["Warcry","Thunderclap"],"picked":"Shrug It Off+1","floor":34},{"not_picked":["Flex","Twin Strike"],"picked":"Heavy Blade+1","floor":34},{"not_picked":["Armaments+1","Wild Strike"],"picked":"Shrug It Off","floor":34},{"not_picked":["Warcry","Havoc+1"],"picked":"Metallicize","floor":35},{"not_picked":["Bludgeon","Corruption"],"picked":"Body Slam","floor":39}],"player_experience":473665,"relics_obtained":[{"floor":8,"key":"Art of War"},{"floor":9,"key":"Pantograph"},{"floor":26,"key":"Vajra"},{"floor":37,"key":"Pear"}],"event_choices":[{"event_name":"Big Fish","player_choice":"Donut","floor":2,"damage_taken":0},{"event_name":"Living Wall","player_choice":"Grow","floor":4,"damage_taken":0},{"event_name":"Golden Wing","player_choice":"Card Removal","floor":5,"damage_taken":0},{"event_name":"Cursed Tome","player_choice":"Obtained Book","floor":20,"damage_taken":0},{"event_name":"Drug Dealer","player_choice":"Got JAXXED","floor":29,"damage_taken":0},{"event_name":"Winding Halls","player_choice":"Embrace Madness","floor":36,"damage_taken":0}],"is_beta":false,"boss_relics":[{"not_picked":["Velvet Choker","Fusion Hammer"],"picked":"Astrolabe"},{"not_picked":["Empty Cage","Philosopher\u0027s Stone"],"picked":"Orrery"}],"items_purged_floors":[31,38],"is_endless":false,"potions_floor_spawned":[3,8,10,11,14,19,27,39],"killed_by":"2 Orb Walkers","ascension_level":4}