{"path_per_floor":["M","?","?","$","M","R","E","?","T","M","M","M","R","?","R","B",null,"M","?","M","$","M","R","M","M","T","M","M","R","E","?","R"],"character_chosen":"IRONCLAD","items_purchased":["Feed","Mercury Hourglass","Anchor"],"gold_per_floor":[115,115,290,139,155,155,184,184,184,203,224,244,244,324,324,449,449,467,567,587,95,109,109,129,154,154,179,192,192,223,223,223],"floor_reached":33,"campfire_rested":0,"playtime":11235,"current_hp_per_floor":[72,72,72,72,70,70,58,58,58,64,67,68,68,56,56,34,91,81,81,65,65,52,52,37,37,37,30,27,27,32,32,32],"items_purged":["Doubt","Injury"],"gold":223,"score":294,"play_id":"e9e2b272-09f1-4b92-898d-cc1548732858","is_prod":false,"is_daily":false,"is_ascension_mode":false,"campfire_upgraded":6,"path_taken":["M","?","?","?","?","R","E","?","T","?","M","M","R","?","R","BOSS","M","?","M","?","?","R","M","?","T","M","M","R","E","?","R","BOSS"],"build_version":"2018-02-08-PROD1","purchased_purges":2,"victory":false,"master_deck":["Strike_R","Strike_R","Strike_R","Strike_R","Strike_R","Defend_R","Defend_R","Defend_R","Defend_R","Bash+1","Uppercut+1","Feed+1","Heavy Blade+1","Bludgeon+1","Seeing Red","Inflame","Rage+1","Metallicize+1","Demon Form+1","Pummel","Pommel Strike","Pommel Strike","Spot Weakness+1","Rupture","Pommel Strike","Dual Wield+1","Thunderclap+1"],"max_hp_per_floor":[80,80,80,80,83,83,87,87,87,87,87,91,91,91,91,91,91,91,91,95,95,95,95,95,95,95,99,99,99,99,99,99],"relics":["Burning Blood","Mummified Hand","Bloody Idol","Ginger","Toxic Egg 2","Runic Cube","Mercury Hourglass","Anchor","Lantern","Ancient Tea Set"],"card_choices":[{"not_picked":["Twin Strike","Corruption"],"picked":"Uppercut"},{"not_picked":["Sword Boomerang","Battle Trance"],"picked":"Heavy Blade"},{"not_picked":["Power Through","Cleave"],"picked":"Bludgeon"},{"not_picked":["Flex","Sword Boomerang"],"picked":"Seeing Red"},{"not_picked":["Iron Wave","Warcry"],"picked":"Inflame"},{"not_picked":["Pummel","Pommel Strike"],"picked":"Rage"},{"not_picked":["Searing Blow","Clothesline"],"picked":"Metallicize"},{"not_picked":["Fiend Fire","Double Tap"],"picked":"Demon Form"},{"not_picked":["Cleave","Combust"],"picked":"Pummel"},{"not_picked":["Clash","Hemokinesis"],"picked":"Pommel Strike"},{"not_picked":["Perfected Strike","True Grit"],"picked":"Pommel Strike"},{"not_picked":["Clash","Perfected Strike"],"picked":"Spot Weakness"},{"not_picked":["Cleave","Infernal Blade"],"picked":"Rupture"},{"not_picked":["True Grit","Headbutt"],"picked":"Pommel Strike"},{"not_picked":["Rage","Sever Soul"],"picked":"Dual Wield"},{"not_picked":["Infernal Blade","Clash"],"picked":"Thunderclap"}],"player_experience":12733,"potions_floor_usage":[22,28,30],"damage_taken":[{"damage":14,"enemies":"Jaw Worm","floor":1,"turns":4},{"damage":11,"enemies":"Blue Slaver","floor":5,"turns":3},{"damage":22,"enemies":"3 Sentries","floor":7,"turns":8},{"damage":0,"enemies":"Cultist","floor":10,"turns":3},{"damage":3,"enemies":"2 Fungi Beasts","floor":11,"turns":3},{"damage":9,"enemies":"Exordium Wildlife","floor":12,"turns":3},{"damage":18,"enemies":"Lagavulin Event","floor":14,"turns":5},{"damage":28,"enemies":"The Guardian","floor":16,"turns":8},{"damage":16,"enemies":"Spheric Guardian","floor":18,"turns":6},{"damage":26,"enemies":"3 Byrds","floor":20,"turns":5},{"damage":19,"enemies":"Slaver and Parasite","floor":22,"turns":3},{"damage":21,"enemies":"Cultist and Chosen","floor":24,"turns":4},{"damage":6,"enemies":"Snake Plant","floor":25,"turns":3},{"damage":17,"enemies":"3 Cultists","floor":27,"turns":5},{"damage":15,"enemies":"Snecko","floor":28,"turns":3},{"damage":16,"enemies":"Gremlin Leader","floor":30,"turns":6},{"damage":40,"enemies":"Automaton","floor":33,"turns":4}],"event_choices":[{"event_name":"Upgrade Shrine","player_choice":"Upgraded","floor":2,"damage_taken":0},{"event_name":"Liars Game","player_choice":"agreed","floor":3,"damage_taken":0},{"event_name":"Golden Idol","player_choice":"Take Wound","floor":8,"damage_taken":0},{"event_name":"Dead Adventurer","player_choice":"Searched \u00273\u0027 times","floor":14,"damage_taken":0},{"event_name":"Golden Shrine","player_choice":"Pray","floor":19,"damage_taken":0},{"event_name":"Forgotten Altar","player_choice":"Gave Idol","floor":31,"damage_taken":0}],"boss_relics":[{"not_picked":["Cursed Key","Mark of Pain"],"picked":"Runic Cube"}],"potions_floor_spawned":[5,10,11,16,18,20,27,30],"seed_played":"1840358150035540268","killed_by":"Automaton","ascension_level":0,"is_trial":false}