{"gold_per_floor":[118,118,218,231,250,250,265,265,265,280,292,320,320,337,337,440,440,451,471,471],"floor_reached":20,"playtime":1070,"items_purged":[],"score":203,"play_id":"8ec32b55-deaa-47af-aee1-e4baf247a026","local_time":"20190219130104","is_ascension_mode":false,"campfire_choices":[{"data":"Zap","floor":6,"key":"SMITH"},{"data":"Reinforced Body","floor":8,"key":"SMITH"},{"data":"Dualcast","floor":13,"key":"SMITH"},{"data":"Lockon","floor":15,"key":"SMITH"}],"neow_cost":"NONE","seed_source_timestamp":15584684823000,"circlet_count":0,"master_deck":["Strike_B","Strike_B","Strike_B","Strike_B","Defend_B","Defend_B","Defend_B","Defend_B","Zap+1","Dualcast+1","Gash","Conserve Battery","Leap","Reinforced Body+1","Cold Snap","Capacitor","Stack","Lockon+1","Buffer","Hologram","Redo"],"relics":["Cracked Core","Ancient Tea Set","Pear","Dodecahedron","Inserter"],"potions_floor_usage":[4,12,12,19,20],"damage_taken":[{"damage":3,"enemies":"Jaw Worm","floor":1,"turns":4},{"damage":0,"enemies":"2 Louse","floor":4,"turns":2},{"damage":0,"enemies":"Cultist","floor":5,"turns":3},{"damage":18,"enemies":"Exordium Thugs","floor":7,"turns":5},{"damage":0,"enemies":"2 Fungi Beasts","floor":10,"turns":3},{"damage":0,"enemies":"Red Slaver","floor":11,"turns":3},{"damage":13,"enemies":"Gremlin Nob","floor":12,"turns":5},{"damage":1,"enemies":"Blue Slaver","floor":14,"turns":3},{"damage":41,"enemies":"Hexaghost","floor":16,"turns":14},{"damage":2,"enemies":"Shell Parasite","floor":18,"turns":11},{"damage":13,"enemies":"Chosen","floor":19,"turns":7},{"damage":77,"enemies":"3 Cultists","floor":20,"turns":7}],"seed_played":"-4702983853303044204","potions_obtained":[{"floor":1,"key":"SteroidPotion"},{"floor":7,"key":"Block Potion"},{"floor":11,"key":"EssenceOfSteel"},{"floor":16,"key":"SteroidPotion"},{"floor":18,"key":"Swift Potion"}],"is_trial":false,"path_per_floor":["M","?","?","M","M","R","M","R","T","M","M","E","R","M","R","B",null,"M","M","M"],"character_chosen":"DEFECT","items_purchased":[],"campfire_rested":0,"item_purchase_floors":[],"current_hp_per_floor":[72,77,77,77,77,77,59,59,69,69,69,56,56,55,55,14,90,88,75,0],"gold":471,"neow_bonus":"RANDOM_COMMON_RELIC","is_prod":false,"is_daily":false,"chose_seed":false,"campfire_upgraded":4,"win_rate":0,"timestamp":1550602864,"path_taken":["M","?","?","?","M","R","M","R","T","M","M","E","R","M","R","BOSS","M","M","M"],"build_version":"2019-01-23","purchased_purges":0,"victory":false,"max_hp_per_floor":[75,80,80,80,80,80,80,80,90,90,90,90,90,90,90,90,90,90,90,90],"card_choices":[{"not_picked":["Recycle","Go for the Eyes"],"picked":"Gash","floor":1},{"not_picked":["Sweeping Beam","BootSequence"],"picked":"Conserve Battery","floor":4},{"not_picked":["Compile Driver","Force Field"],"picked":"Leap","floor":5},{"not_picked":["Recycle","Streamline"],"picked":"Reinforced Body","floor":7},{"not_picked":["White Noise","Barrage"],"picked":"Cold Snap","floor":10},{"not_picked":["Coolheaded","Tempest"],"picked":"Capacitor","floor":11},{"not_picked":["White Noise","Storm"],"picked":"Stack","floor":12},{"not_picked":["Rainbow","Redo"],"picked":"Lockon","floor":14},{"not_picked":["Core Surge","Rainbow"],"picked":"Buffer","floor":16},{"not_picked":["Conserve Battery","Scrape"],"picked":"Hologram","floor":18},{"not_picked":["Sunder+1","Recycle"],"picked":"Redo","floor":19}],"player_experience":247692,"relics_obtained":[{"floor":9,"key":"Pear"},{"floor":12,"key":"Dodecahedron"}],"event_choices":[{"damage_healed":0,"gold_gain":0,"player_choice":"Donut","damage_taken":0,"max_hp_gain":5,"max_hp_loss":0,"event_name":"Big Fish","floor":2,"gold_loss":0},{"damage_healed":0,"gold_gain":100,"player_choice":"Pray","damage_taken":0,"max_hp_gain":0,"max_hp_loss":0,"event_name":"Golden Shrine","floor":3,"gold_loss":0}],"is_beta":false,"boss_relics":[{"not_picked":["Astrolabe","Velvet Choker"],"picked":"Inserter"}],"items_purged_floors":[],"is_endless":false,"potions_floor_spawned":[1,7,11,16,18],"killed_by":"3 Cultists","ascension_level":0}