{"gold_per_floor":[113,113,113,128,78,78,3,3,3,23,53,53,73,73,73,198,198,213,213,236,163,18,18,62,85,161,161,174,174,174,84,84,84],"floor_reached":33,"playtime":1539,"items_purged":["Strike_G","Strike_G"],"score":264,"play_id":"b4a9fba2-07a7-443a-a8fc-4edb9aad0011","local_time":"20190217134451","is_ascension_mode":true,"campfire_choices":[{"data":"Crippling Poison","floor":6,"key":"SMITH"},{"data":"Caltrops","floor":8,"key":"SMITH"},{"floor":12,"key":"REST"},{"floor":15,"key":"REST"},{"floor":23,"key":"REST"},{"floor":29,"key":"REST"},{"floor":32,"key":"REST"}],"neow_cost":"PERCENT_DAMAGE","seed_source_timestamp":8362339926639,"circlet_count":0,"master_deck":["Defend_G","Defend_G","Defend_G","Defend_G","Survivor","Neutralize","Caltrops+1","Crippling Poison+1","Blur","Acrobatics","Corpse Explosion","Flying Knee","Escape Plan+1","Distraction","Deflect+1","RitualDagger","Deadly Poison","PiercingWail","Slice+1","Caltrops","Catalyst"],"relics":["Ring of the Snake","Golden Idol","Dodecahedron","Orichalcum","Orrery","Letter Opener","Blue Candle","Question Card","MutagenicStrength"],"potions_floor_usage":[16,16,24,24,28],"damage_taken":[{"damage":5,"enemies":"Small Slimes","floor":1,"turns":6},{"damage":0,"enemies":"Jaw Worm","floor":4,"turns":5},{"damage":1,"enemies":"Cultist","floor":10,"turns":3},{"damage":6,"enemies":"Large Slime","floor":13,"turns":6},{"damage":35,"enemies":"The Guardian","floor":16,"turns":16},{"damage":15,"enemies":"2 Thieves","floor":18,"turns":3},{"damage":10,"enemies":"Chosen","floor":20,"turns":6},{"damage":10,"enemies":"Gremlin Leader","floor":24,"turns":6},{"damage":7,"enemies":"3 Cultists","floor":25,"turns":3},{"damage":20,"enemies":"Shelled Parasite and Fungi","floor":28,"turns":6},{"damage":107,"enemies":"Champ","floor":33,"turns":12}],"seed_played":"-1704488828281681781","potions_obtained":[{"floor":1,"key":"GhostInAJar"},{"floor":4,"key":"SpeedPotion"},{"floor":10,"key":"EssenceOfSteel"},{"floor":16,"key":"FearPotion"},{"floor":18,"key":"Energy Potion"},{"floor":24,"key":"SpeedPotion"},{"floor":28,"key":"LiquidBronze"}],"is_trial":false,"path_per_floor":["M","?","?","M","?","R","$","R","T","M","?","R","M","?","R","B",null,"M","?","M","?","$","R","E","M","T","?","M","R","?","?","R","B"],"character_chosen":"THE_SILENT","items_purchased":["PiercingWail"],"campfire_rested":5,"item_purchase_floors":[22],"current_hp_per_floor":[58,51,51,51,51,51,51,51,51,50,50,73,67,67,78,43,78,63,57,47,47,47,70,60,53,53,53,33,56,56,56,78,0],"gold":84,"neow_bonus":"TWENTY_PERCENT_HP_BONUS","is_prod":false,"is_daily":false,"chose_seed":false,"campfire_upgraded":2,"win_rate":0,"timestamp":1550432691,"path_taken":["M","?","?","M","?","R","$","R","T","?","?","R","M","?","R","BOSS","M","?","M","?","$","R","E","?","T","?","?","R","?","?","R","BOSS"],"build_version":"2019-01-23","purchased_purges":2,"victory":false,"max_hp_per_floor":[84,84,78,78,78,78,78,78,78,78,78,78,78,78,78,78,78,78,78,78,78,78,78,78,78,78,78,78,78,78,78,78,78],"card_choices":[{"not_picked":["Escape Plan","Concentrate"],"picked":"Caltrops","floor":1},{"not_picked":["Choke","Escape Plan"],"picked":"Crippling Poison","floor":4},{"not_picked":["Tactician","Finisher"],"picked":"Blur","floor":10},{"not_picked":["Sucker Punch","Quick Slash"],"picked":"Acrobatics","floor":13},{"not_picked":["Glass Knife","Night Terror"],"picked":"Corpse Explosion","floor":16},{"not_picked":["Bane","Poisoned Stab"],"picked":"Flying Knee","floor":17},{"not_picked":["Prepared","Infinite Blades"],"picked":"Escape Plan","floor":17},{"not_picked":["Acrobatics","Dagger Spray"],"picked":"Distraction","floor":17},{"not_picked":["Backflip+1","Dagger Spray"],"picked":"Deflect+1","floor":18},{"not_picked":["Noxious Fumes","Grand Finale"],"picked":"Deadly Poison","floor":20},{"not_picked":["Accuracy","Outmaneuver"],"picked":"Slice+1","floor":24},{"not_picked":["Deflect","Cloak And Dagger"],"picked":"Caltrops","floor":25},{"not_picked":["Dagger Throw+1","Backflip","Blur"],"picked":"Catalyst","floor":28}],"player_experience":175475,"relics_obtained":[{"floor":9,"key":"Dodecahedron"},{"floor":24,"key":"Blue Candle"},{"floor":26,"key":"Question Card"}],"event_choices":[{"cards_removed":["Strike_G"],"damage_healed":0,"gold_gain":0,"player_choice":"Card Removal","damage_taken":7,"max_hp_gain":0,"max_hp_loss":0,"event_name":"Golden Wing","floor":2,"gold_loss":0},{"damage_healed":0,"gold_gain":0,"player_choice":"Lose Max HP","damage_taken":0,"relics_obtained":["Golden Idol"],"max_hp_gain":0,"max_hp_loss":6,"event_name":"Golden Idol","floor":3,"gold_loss":0},{"cards_removed":["Defend_G"],"damage_healed":0,"gold_gain":0,"player_choice":"Card Removal","damage_taken":0,"max_hp_gain":0,"max_hp_loss":0,"event_name":"The Cleric","floor":5,"gold_loss":50},{"damage_healed":0,"gold_gain":30,"player_choice":"Searched \u00272\u0027 times","damage_taken":0,"relics_obtained":["Orichalcum"],"max_hp_gain":0,"max_hp_loss":0,"event_name":"Dead Adventurer","floor":11,"gold_loss":0},{"damage_healed":0,"gold_gain":0,"player_choice":"Ignored","damage_taken":0,"max_hp_gain":0,"max_hp_loss":0,"event_name":"Liars Game","floor":14,"gold_loss":0},{"damage_healed":0,"gold_gain":0,"player_choice":"Joined the Cult","damage_taken":6,"max_hp_gain":0,"max_hp_loss":0,"event_name":"Nest","floor":19,"gold_loss":0,"cards_obtained":["RitualDagger"]},{"damage_healed":0,"gold_gain":0,"player_choice":"Paid Gold","damage_taken":0,"relics_obtained":["Letter Opener"],"max_hp_gain":0,"max_hp_loss":0,"event_name":"WeMeetAgain","floor":21,"gold_loss":73},{"cards_removed":["Strike_G"],"damage_healed":0,"gold_gain":0,"player_choice":"Purged","damage_taken":0,"max_hp_gain":0,"max_hp_loss":0,"event_name":"Purifier","floor":27,"gold_loss":0},{"damage_healed":0,"gold_gain":0,"player_choice":"Inject Mutagens","damage_taken":0,"relics_obtained":["MutagenicStrength"],"max_hp_gain":0,"max_hp_loss":0,"event_name":"Drug Dealer","floor":30,"gold_loss":0},{"cards_removed":["Strike_G"],"damage_healed":0,"gold_gain":0,"player_choice":"Upgrade and Remove","damage_taken":0,"max_hp_gain":0,"max_hp_loss":0,"event_name":"Designer","floor":31,"gold_loss":90,"cards_upgraded":["Escape Plan"]}],"is_beta":false,"boss_relics":[{"not_picked":["Black Star","HoveringKite"],"picked":"Orrery"}],"items_purged_floors":[7,22],"is_endless":false,"potions_floor_spawned":[1,4,10,16,18,24,28],"killed_by":"Champ","ascension_level":1}