{"gold_per_floor":[115,127,52,72,84,84,94,94,94,94,109,9,9,20,20,20],"floor_reached":16,"playtime":605,"items_purged":["Strike_R","Defend_R"],"score":94,"play_id":"d1fc1737-6958-4fa8-b7e5-2f164555f1bf","local_time":"20190114130055","is_ascension_mode":false,"campfire_choices":[{"data":"Thunderclap","floor":6,"key":"SMITH"},{"data":"Bash","floor":8,"key":"SMITH"},{"data":"True Grit","floor":15,"key":"SMITH"}],"neow_cost":"NONE","seed_source_timestamp":438638125869131,"circlet_count":0,"master_deck":["Strike_R","Strike_R","Strike_R","Strike_R","Defend_R","Defend_R","Bash+1","Reaper","Thunderclap+1","Battle Trance","True Grit+1","Iron Wave"],"relics":["Burning Blood","Question Card"],"potions_floor_usage":[5,14],"damage_taken":[{"damage":2,"enemies":"Small Slimes","floor":1,"turns":4},{"damage":6,"enemies":"Cultist","floor":2,"turns":3},{"damage":0,"enemies":"2 Louse","floor":4,"turns":2},{"damage":6,"enemies":"Looter","floor":5,"turns":3},{"damage":16,"enemies":"2 Fungi Beasts","floor":7,"turns":3},{"damage":20,"enemies":"Exordium Thugs","floor":11,"turns":4},{"damage":8,"enemies":"Lots of Slimes","floor":14,"turns":2},{"damage":67,"enemies":"Hexaghost","floor":16,"turns":9}],"seed_played":"-2291249856377545856","potions_obtained":[{"floor":1,"key":"EssenceOfSteel"},{"floor":7,"key":"Energy Potion"},{"floor":11,"key":"Swift Potion"}],"is_trial":false,"path_per_floor":["M","M","$","M","M","R","M","R","T","?","M","$","?","M","R","B"],"character_chosen":"IRONCLAD","items_purchased":[],"campfire_rested":0,"item_purchase_floors":[],"current_hp_per_floor":[80,80,80,80,80,80,77,77,77,77,63,63,68,66,66,0],"gold":20,"neow_bonus":"ONE_RANDOM_RARE_CARD","is_prod":false,"is_daily":false,"chose_seed":false,"campfire_upgraded":3,"win_rate":0,"timestamp":1547499655,"path_taken":["M","M","$","M","M","R","M","R","T","?","M","?","?","M","R","BOSS"],"build_version":"2019-01-10","purchased_purges":2,"victory":false,"max_hp_per_floor":[80,80,80,80,80,80,80,80,80,80,80,80,85,85,85,85],"card_choices":[{"not_picked":["Havoc","Pommel Strike","Burning Pact"],"picked":"SKIP","floor":1},{"not_picked":["Sentinel","Flex"],"picked":"Thunderclap","floor":2},{"not_picked":["Heavy Blade","Feel No Pain"],"picked":"Battle Trance","floor":4},{"not_picked":["Twin Strike","Havoc","True Grit"],"picked":"SKIP","floor":5},{"not_picked":["Sword Boomerang","Thunderclap","Corruption"],"picked":"SKIP","floor":7},{"not_picked":["Clothesline","Offering","Perfected Strike"],"picked":"True Grit","floor":11},{"not_picked":["Carnage","Clothesline","Dropkick"],"picked":"Iron Wave","floor":14}],"player_experience":252639,"relics_obtained":[{"floor":9,"key":"Question Card"}],"event_choices":[{"cards_removed":["Defend_R"],"damage_healed":0,"gold_gain":0,"player_choice":"Offered Basic","damage_taken":0,"max_hp_gain":0,"max_hp_loss":0,"event_name":"Bonfire Elementals","floor":10,"gold_loss":0},{"damage_healed":0,"gold_gain":0,"player_choice":"Donut","damage_taken":0,"max_hp_gain":5,"max_hp_loss":0,"event_name":"Big Fish","floor":13,"gold_loss":0}],"is_beta":false,"boss_relics":[],"items_purged_floors":[3,12],"is_endless":false,"potions_floor_spawned":[1,7,11],"killed_by":"Hexaghost","ascension_level":0}