{"gold_per_floor":[110,121,131,143,153,153,166,166,192,192,192,192,205,205,205,309,309,323,339,350,364,380,380,428,186,209,221,260,187,229,260,272,381,393,416,447,102,112,112,112,112,146,203,216,216],"floor_reached":45,"playtime":1505,"items_purged":["Strike_B","Strike_B"],"score":580,"play_id":"a7b49207-0e4b-4826-b3f9-14207bcc62f4","local_time":"20181126004530","is_ascension_mode":true,"campfire_choices":[{"data":"Auto Shields","floor":6,"key":"SMITH"},{"data":"Electrodynamics","floor":10,"key":"SMITH"},{"data":"Static Discharge","floor":12,"key":"SMITH"},{"data":"Dualcast","floor":15,"key":"SMITH"},{"data":"Echo Form","floor":23,"key":"SMITH"},{"data":"Storm","floor":27,"key":"SMITH"},{"data":"Storm","floor":32,"key":"SMITH"},{"data":"Defragment","floor":40,"key":"SMITH"}],"neow_cost":"NONE","seed_source_timestamp":885642921313646,"circlet_count":0,"master_deck":["Defend_B","Defend_B+1","Defend_B+1","Zap+1","Dualcast+1","Static Discharge+1","Auto Shields+1","Electrodynamics+1","Echo Form+1","BootSequence+1","Storm+1","Defragment+1","Storm+1","Reboot","Reprogram+1","Defragment+1","Storm+1","Reinforced Body+1"],"relics":["Cracked Core","Art of War","Oddly Smooth Stone","Velvet Choker","Smiling Mask","Happy Flower","MawBank","Singing Bowl","Bag of Marbles","War Paint","Empty Cage","Frozen Egg 2","Strawberry","Tiny Chest"],"potions_floor_usage":[16,28,33,38,42,45],"damage_taken":[{"damage":9,"enemies":"Small Slimes","floor":1,"turns":5},{"damage":5,"enemies":"Jaw Worm","floor":2,"turns":4},{"damage":1,"enemies":"2 Louse","floor":3,"turns":3},{"damage":11,"enemies":"Red Slaver","floor":4,"turns":3},{"damage":7,"enemies":"Looter","floor":5,"turns":4},{"damage":1,"enemies":"3 Louse","floor":7,"turns":3},{"damage":0,"enemies":"Red Slaver","floor":13,"turns":3},{"damage":30,"enemies":"Hexaghost","floor":16,"turns":9},{"damage":20,"enemies":"2 Thieves","floor":18,"turns":2},{"damage":4,"enemies":"Spheric Guardian","floor":19,"turns":3},{"damage":8,"enemies":"Shelled Parasite and Fungi","floor":20,"turns":4},{"damage":0,"enemies":"3 Cultists","floor":21,"turns":3},{"damage":4,"enemies":"Centurion and Healer","floor":22,"turns":3},{"damage":0,"enemies":"Gremlin Leader","floor":28,"turns":5},{"damage":0,"enemies":"Slavers","floor":30,"turns":2},{"damage":11,"enemies":"Snake Plant","floor":31,"turns":3},{"damage":17,"enemies":"Collector","floor":33,"turns":6},{"damage":7,"enemies":"3 Shapes","floor":35,"turns":4},{"damage":0,"enemies":"Orb Walker","floor":36,"turns":3},{"damage":2,"enemies":"Spire Growth","floor":38,"turns":4},{"damage":75,"enemies":"Nemesis","floor":42,"turns":7},{"damage":0,"enemies":"4 Shapes","floor":44,"turns":4},{"damage":15,"enemies":"Reptomancer","floor":45,"turns":2}],"seed_played":"418086205377678590","potions_obtained":[{"floor":2,"key":"FocusPotion"},{"floor":4,"key":"PowerPotion"},{"floor":13,"key":"Weak Potion"},{"floor":16,"key":"LiquidBronze"},{"floor":19,"key":"SkillPotion"},{"floor":21,"key":"PowerPotion"},{"floor":28,"key":"Energy Potion"},{"floor":30,"key":"Regen Potion"},{"floor":35,"key":"Ancient Potion"}],"is_trial":false,"path_per_floor":["M","M","M","M","M","R","M","?","T","R","?","R","M","?","R","B",null,"M","M","M","M","M","R","T","$","T","R","E","?","E","M","R","B",null,"M","M","$","M","?","R","?","E","T","M","E"],"character_chosen":"DEFECT","items_purchased":["Storm","Happy Flower","Defragment","Frozen Egg 2"],"campfire_rested":0,"item_purchase_floors":[25,25,37,37],"current_hp_per_floor":[66,61,60,49,42,42,41,46,46,46,46,46,46,46,46,16,80,60,56,48,48,44,44,44,44,44,44,44,44,46,35,35,33,82,75,77,77,77,77,77,77,11,11,11,0],"gold":216,"neow_bonus":"RANDOM_COMMON_RELIC","is_prod":false,"is_daily":false,"chose_seed":false,"campfire_upgraded":8,"win_rate":0,"timestamp":1543189530,"path_taken":["M","M","M","M","M","R","M","?","T","R","?","R","M","?","R","BOSS","M","M","M","M","M","R","?","$","T","R","E","?","E","M","R","BOSS","M","M","$","M","?","R","?","E","T","?","E"],"build_version":"2018-11-15","purchased_purges":2,"victory":false,"max_hp_per_floor":[75,75,75,75,75,75,75,80,80,80,80,80,80,80,80,80,80,80,80,80,80,80,80,80,80,80,80,80,80,82,82,82,82,82,82,84,84,86,86,86,86,95,95,95,95],"card_choices":[{"not_picked":["Cold Snap","Hologram","Glacier"],"picked":"SKIP","floor":1},{"not_picked":["Sweeping Beam","Go for the Eyes"],"picked":"Static Discharge","floor":2},{"not_picked":["Barrage","Consume","Go for the Eyes"],"picked":"SKIP","floor":3},{"not_picked":["Leap","Barrage","Hologram"],"picked":"SKIP","floor":4},{"not_picked":["FTL","Scrape"],"picked":"Auto Shields","floor":5},{"not_picked":["Turbo","Go for the Eyes"],"picked":"Electrodynamics","floor":7},{"not_picked":["Streamline","Sweeping Beam","Leap"],"picked":"SKIP","floor":13},{"not_picked":["Amplify","Machine Learning"],"picked":"Echo Form","floor":16},{"not_picked":["Cold Snap+1","Steam","Conserve Battery"],"picked":"SKIP","floor":18},{"not_picked":["Auto Shields","Coolheaded","Barrage"],"picked":"SKIP","floor":19},{"not_picked":["Compile Driver","Hello World","Redo"],"picked":"SKIP","floor":20},{"not_picked":["Cold Snap","Go for the Eyes+1"],"picked":"BootSequence+1","floor":21},{"not_picked":["Go for the Eyes","Streamline+1","Cold Snap"],"picked":"SKIP","floor":22},{"not_picked":["Echo Form","Rebound"],"picked":"Defragment+1","floor":28},{"not_picked":["Melter","Sweeping Beam+1","Turbo+1"],"picked":"Singing Bowl","floor":30},{"not_picked":["Steam","Rebound"],"picked":"Storm","floor":31},{"not_picked":["Seek","Hyperbeam"],"picked":"Reboot","floor":33},{"not_picked":["Coolheaded+1","Sweeping Beam"],"picked":"Reprogram+1","floor":35},{"not_picked":["BootSequence","Cold Snap+1","Sunder"],"picked":"Singing Bowl","floor":36},{"not_picked":["Reprogram","Undo+1","Barrage+1"],"picked":"Singing Bowl","floor":38},{"not_picked":["Darkness","Go for the Eyes+1","Undo+1"],"picked":"Singing Bowl","floor":42},{"not_picked":["Blizzard+1","Steam"],"picked":"Reinforced Body+1","floor":44}],"player_experience":558284,"relics_obtained":[{"floor":9,"key":"Oddly Smooth Stone"},{"floor":24,"key":"Smiling Mask"},{"floor":26,"key":"MawBank"},{"floor":28,"key":"Singing Bowl"},{"floor":30,"key":"War Paint"},{"floor":42,"key":"Strawberry"},{"floor":43,"key":"Tiny Chest"}],"event_choices":[{"damage_healed":0,"gold_gain":0,"player_choice":"Donut","damage_taken":0,"max_hp_gain":5,"max_hp_loss":0,"event_name":"Big Fish","floor":8,"gold_loss":0},{"damage_healed":0,"gold_gain":0,"player_choice":"Ignored","damage_taken":0,"max_hp_gain":0,"max_hp_loss":0,"event_name":"Liars Game","floor":11,"gold_loss":0},{"damage_healed":0,"gold_gain":0,"player_choice":"Forge","damage_taken":0,"max_hp_gain":0,"max_hp_loss":0,"event_name":"Accursed Blacksmith","floor":14,"gold_loss":0,"cards_upgraded":["Zap"]},{"damage_healed":0,"gold_gain":0,"player_choice":"Obtained Relic","damage_taken":0,"relics_obtained":["Bag of Marbles"],"max_hp_gain":0,"max_hp_loss":0,"event_name":"Addict","floor":29,"gold_loss":85},{"cards_removed":["Defend_B"],"damage_healed":0,"gold_gain":0,"player_choice":"Removed Skill","damage_taken":0,"max_hp_gain":0,"max_hp_loss":0,"event_name":"Falling","floor":39,"gold_loss":0},{"damage_healed":0,"gold_gain":0,"player_choice":"Copied","damage_taken":0,"max_hp_gain":0,"max_hp_loss":0,"event_name":"Duplicator","floor":41,"gold_loss":0,"cards_obtained":["Storm"]}],"is_beta":false,"boss_relics":[{"not_picked":["Tiny House","White Beast Statue"],"picked":"Velvet Choker"},{"not_picked":["Calling Bell","Pandora\u0027s Box"],"picked":"Empty Cage"}],"items_purged_floors":[25,37],"is_endless":false,"potions_floor_spawned":[2,4,13,16,19,21,28,30,35],"killed_by":"Reptomancer","ascension_level":1}