{"gold_per_floor":[118,137,155,6,22,22,22,38,38,49,59,59,59,76,76,76],"floor_reached":16,"playtime":1771,"items_purged":["Strike_G"],"score":106,"play_id":"8a3ad5d2-8ae9-4e43-8539-2f96db59ca00","local_time":"20190228045944","is_ascension_mode":true,"campfire_choices":[{"data":"Survivor","floor":6,"key":"SMITH"},{"floor":12,"key":"REST"},{"floor":15,"key":"REST"}],"neow_cost":"NONE","seed_source_timestamp":997750189820619,"circlet_count":0,"master_deck":["Defend_G","Defend_G","Defend_G","Defend_G","Defend_G","Strike_G","Strike_G","Strike_G","Survivor+1","Neutralize","Deadly Poison","Caltrops","Deadly Poison","Crippling Poison","Backstab","Dodge and Roll"],"relics":["Ring of the Snake","Question Card"],"potions_floor_usage":[5,16,16,16],"damage_taken":[{"damage":7,"enemies":"Small Slimes","floor":1,"turns":6},{"damage":3,"enemies":"Cultist","floor":2,"turns":5},{"damage":0,"enemies":"Jaw Worm","floor":3,"turns":5},{"damage":14,"enemies":"Lots of Slimes","floor":5,"turns":3},{"damage":7,"enemies":"Gremlin Gang","floor":8,"turns":7},{"damage":0,"enemies":"2 Fungi Beasts","floor":10,"turns":5},{"damage":17,"enemies":"Exordium Thugs","floor":11,"turns":6},{"damage":20,"enemies":"Exordium Wildlife","floor":14,"turns":5},{"damage":44,"enemies":"Slime Boss","floor":16,"turns":10}],"seed_played":"-6031102107190420004","potions_obtained":[{"floor":2,"key":"AttackPotion"},{"floor":3,"key":"Weak Potion"},{"floor":10,"key":"SpeedPotion"},{"floor":11,"key":"Dexterity Potion"}],"is_trial":false,"path_per_floor":["M","M","M","$","M","R","?","M","T","M","M","R","?","M","R","B"],"character_chosen":"THE_SILENT","items_purchased":["Caltrops"],"campfire_rested":2,"item_purchase_floors":[4],"current_hp_per_floor":[63,60,60,60,46,46,46,39,39,39,22,43,43,23,44,0],"gold":76,"neow_bonus":"REMOVE_CARD","is_prod":false,"is_daily":false,"chose_seed":false,"campfire_upgraded":1,"win_rate":0,"timestamp":1551297584,"path_taken":["M","M","M","$","M","R","?","M","T","?","M","R","?","M","R","BOSS"],"build_version":"2019-01-23","purchased_purges":1,"victory":false,"max_hp_per_floor":[70,70,70,70,70,70,70,70,70,70,70,70,70,70,70,70],"card_choices":[{"not_picked":["Blade Dance","Accuracy","Distraction"],"picked":"SKIP","floor":1},{"not_picked":["Cloak And Dagger","PiercingWail"],"picked":"Deadly Poison","floor":2},{"not_picked":["A Thousand Cuts","Sucker Punch","Skewer"],"picked":"SKIP","floor":3},{"not_picked":["Slice","Poisoned Stab"],"picked":"Deadly Poison","floor":5},{"not_picked":["Prepared","Sucker Punch","Flying Knee"],"picked":"SKIP","floor":8},{"not_picked":["Concentrate","Bane","Storm of Steel"],"picked":"Crippling Poison","floor":10},{"not_picked":["Sucker Punch","Riddle With Holes","Acrobatics"],"picked":"Backstab","floor":11},{"not_picked":["Calculated Gamble","Deflect","Concentrate"],"picked":"Dodge and Roll","floor":14}],"player_experience":475329,"relics_obtained":[{"floor":9,"key":"Question Card"}],"event_choices":[{"damage_healed":0,"gold_gain":0,"player_choice":"Leave","damage_taken":0,"max_hp_gain":0,"max_hp_loss":0,"event_name":"FaceTrader","floor":7,"gold_loss":0},{"damage_healed":0,"gold_gain":0,"player_choice":"Ignored","damage_taken":0,"max_hp_gain":0,"max_hp_loss":0,"event_name":"Liars Game","floor":13,"gold_loss":0}],"is_beta":false,"boss_relics":[],"items_purged_floors":[4],"is_endless":false,"potions_floor_spawned":[2,3,10,11],"killed_by":"Slime Boss","ascension_level":2}