{"gold_per_floor":[113,125,135,148,168,196,196,221,221,221,221,251,267,277,277,277],"floor_reached":16,"playtime":566,"items_purged":[],"score":120,"play_id":"f7273cd9-33ff-4f37-b3ba-33bc505da691","local_time":"20181124222142","is_ascension_mode":true,"campfire_choices":[{"floor":7,"key":"REST"},{"floor":10,"key":"REST"},{"data":"Self Repair","floor":15,"key":"SMITH"}],"neow_cost":"NONE","seed_source_timestamp":791547774725345,"circlet_count":0,"master_deck":["Strike_B","Strike_B","Strike_B","Strike_B","Defend_B","Defend_B","Defend_B","Defend_B","Zap","Dualcast","Streamline","Defragment","Thunder Strike","Static Discharge","Static Discharge","Self Repair+1"],"relics":["Cracked Core","Gambling Chip","Bag of Marbles","Mummified Hand","Cables"],"potions_floor_usage":[],"damage_taken":[{"damage":5,"enemies":"Small Slimes","floor":1,"turns":3},{"damage":11,"enemies":"Jaw Worm","floor":2,"turns":2},{"damage":1,"enemies":"Cultist","floor":3,"turns":3},{"damage":14,"enemies":"3 Louse","floor":4,"turns":5},{"damage":6,"enemies":"2 Fungi Beasts","floor":5,"turns":4},{"damage":26,"enemies":"Lagavulin","floor":6,"turns":6},{"damage":26,"enemies":"3 Sentries","floor":8,"turns":5},{"damage":19,"enemies":"Gremlin Gang","floor":13,"turns":3},{"damage":7,"enemies":"Large Slime","floor":14,"turns":4},{"damage":34,"enemies":"The Guardian","floor":16,"turns":7}],"seed_played":"7656005939904822397","potions_obtained":[{"floor":1,"key":"Energy Potion"},{"floor":4,"key":"Ancient Potion"},{"floor":6,"key":"FearPotion"}],"is_trial":false,"path_per_floor":["M","M","M","M","M","E","R","E","T","R","?","?","M","M","R","B"],"character_chosen":"DEFECT","items_purchased":[],"campfire_rested":2,"item_purchase_floors":[],"current_hp_per_floor":[70,59,58,44,38,12,34,8,8,30,55,55,36,29,29,0],"gold":277,"neow_bonus":"THREE_CARDS","is_prod":false,"is_daily":false,"chose_seed":false,"campfire_upgraded":1,"win_rate":0,"timestamp":1543094502,"path_taken":["M","M","M","M","M","E","R","E","T","R","?","?","M","M","R","BOSS"],"build_version":"2018-11-15","purchased_purges":0,"victory":false,"max_hp_per_floor":[75,75,75,75,75,75,75,75,75,75,75,75,75,75,75,75],"card_choices":[{"not_picked":["Skim","Leap"],"picked":"Streamline","floor":1},{"not_picked":["Compile Driver","Chaos","Leap"],"picked":"SKIP","floor":2},{"not_picked":["Redo","Chaos"],"picked":"Defragment","floor":3},{"not_picked":["Cold Snap","Compile Driver"],"picked":"Thunder Strike","floor":4},{"not_picked":["Gash","Sunder"],"picked":"Static Discharge","floor":5},{"not_picked":["Compile Driver","Streamline"],"picked":"Static Discharge","floor":6},{"not_picked":["Fission","Gash","Turbo"],"picked":"SKIP","floor":8},{"not_picked":["Double Energy","Compile Driver","Redo"],"picked":"SKIP","floor":13},{"not_picked":["Rebound","Ball Lightning"],"picked":"Self Repair","floor":14}],"player_experience":555799,"relics_obtained":[{"floor":6,"key":"Gambling Chip"},{"floor":8,"key":"Bag of Marbles"},{"floor":9,"key":"Mummified Hand"}],"event_choices":[{"damage_healed":25,"gold_gain":0,"player_choice":"Banana","damage_taken":0,"max_hp_gain":0,"max_hp_loss":0,"event_name":"Big Fish","floor":11,"gold_loss":0},{"damage_healed":0,"gold_gain":30,"player_choice":"Searched \u00272\u0027 times","damage_taken":0,"relics_obtained":["Cables"],"max_hp_gain":0,"max_hp_loss":0,"event_name":"Dead Adventurer","floor":12,"gold_loss":0}],"is_beta":false,"boss_relics":[],"items_purged_floors":[],"is_endless":false,"potions_floor_spawned":[1,4,6,13],"killed_by":"The Guardian","ascension_level":1}