{"gold_per_floor":[113,125,225,76,94,120,135,167,244,244,257,62,62,79,79,183,183,196,213,213,225,243,243,270,288,288,308,324,334,334,344,344,344],"floor_reached":33,"playtime":1233,"items_purged":[],"score":335,"play_id":"3db6379b-d7b5-4178-86b3-e0a2a5a7ece6","local_time":"20190223203952","is_ascension_mode":false,"campfire_choices":[{"floor":10,"key":"REST"},{"data":"Poisoned Stab","floor":13,"key":"SMITH"},{"floor":15,"key":"REST"},{"data":"Deadly Poison","floor":23,"key":"SMITH"},{"floor":30,"key":"REST"},{"floor":32,"key":"REST"}],"neow_cost":"NONE","seed_source_timestamp":8026481097774,"circlet_count":0,"master_deck":["Defend_G","Defend_G","Defend_G","Defend_G","Defend_G","Strike_G+1","Strike_G+1","Strike_G","Strike_G","Strike_G","Survivor","Neutralize","Deflect","Footwork","Cloak And Dagger","Heel Hook","Bouncing Flask","Poisoned Stab+1","Deadly Poison+1","Flying Knee+1","Bane+1","Die Die Die+1","Dagger Spray+1","Sucker Punch+1","Backstab+1","Bane+1","Cloak And Dagger","Flechettes+1","Bane+1","Heel Hook+1","Well Laid Plans+1","Deadly Poison","Quick Slash+1"],"relics":["Black Star","Whetstone","Ice Cream","Tough Bandages","Vajra","Mummified Hand","Molten Egg 2","Pen Nib","White Beast Statue","MutagenicStrength","Dream Catcher","Bottled Tornado","Frozen Egg 2"],"potions_floor_usage":[6,8,8,11,21,22,22,24,27,27,28,29,33],"damage_taken":[{"damage":10,"enemies":"Jaw Worm","floor":1,"turns":7},{"damage":0,"enemies":"Cultist","floor":2,"turns":4},{"damage":0,"enemies":"Small Slimes","floor":5,"turns":5},{"damage":4,"enemies":"3 Sentries","floor":6,"turns":9},{"damage":0,"enemies":"3 Louse","floor":7,"turns":4},{"damage":13,"enemies":"Gremlin Nob","floor":8,"turns":5},{"damage":5,"enemies":"Looter","floor":11,"turns":3},{"damage":14,"enemies":"Lots of Slimes","floor":14,"turns":3},{"damage":0,"enemies":"Slime Boss","floor":16,"turns":5},{"damage":11,"enemies":"Shell Parasite","floor":18,"turns":5},{"damage":3,"enemies":"2 Thieves","floor":19,"turns":2},{"damage":7,"enemies":"Snecko","floor":21,"turns":4},{"damage":1,"enemies":"Centurion and Healer","floor":22,"turns":4},{"damage":19,"enemies":"Book of Stabbing","floor":24,"turns":4},{"damage":3,"enemies":"Cultist and Chosen","floor":25,"turns":4},{"damage":10,"enemies":"Snake Plant","floor":27,"turns":2},{"damage":16,"enemies":"Shelled Parasite and Fungi","floor":28,"turns":3},{"damage":1,"enemies":"Sentry and Sphere","floor":29,"turns":5},{"damage":9,"enemies":"3 Cultists","floor":31,"turns":4},{"damage":72,"enemies":"Collector","floor":33,"turns":8}],"seed_played":"7859075411174016495","potions_obtained":[{"floor":1,"key":"Block Potion"},{"floor":5,"key":"AttackPotion"},{"floor":7,"key":"LiquidBronze"},{"floor":8,"key":"FearPotion"},{"floor":18,"key":"Regen Potion"},{"floor":19,"key":"Regen Potion"},{"floor":21,"key":"GhostInAJar"},{"floor":22,"key":"Dexterity Potion"},{"floor":24,"key":"GhostInAJar"},{"floor":25,"key":"LiquidBronze"},{"floor":27,"key":"SkillPotion"},{"floor":28,"key":"EssenceOfSteel"},{"floor":29,"key":"FairyPotion"},{"floor":31,"key":"Block Potion"}],"is_trial":false,"path_per_floor":["M","M","?","$","M","E","M","E","T","R","M","$","R","M","R","B",null,"M","M","?","M","M","R","E","M","T","M","M","M","R","M","R","B"],"character_chosen":"THE_SILENT","items_purchased":["Whetstone","Pen Nib","Flying Knee+1"],"campfire_rested":4,"item_purchase_floors":[4,12,12],"current_hp_per_floor":[60,60,60,60,60,56,56,43,43,64,59,59,59,45,66,66,70,59,56,56,63,70,70,51,48,48,38,22,21,42,33,54,0],"gold":344,"neow_bonus":"BOSS_RELIC","is_prod":false,"is_daily":false,"chose_seed":false,"campfire_upgraded":2,"win_rate":0,"timestamp":1550975992,"path_taken":["M","M","?","?","M","E","M","E","T","R","M","$","R","M","R","BOSS","M","M","?","M","M","R","E","M","T","M","M","M","R","M","R","BOSS"],"build_version":"2019-01-23","purchased_purges":0,"victory":false,"max_hp_per_floor":[70,70,70,70,70,70,70,70,70,70,70,70,70,70,70,70,70,70,70,70,70,70,70,70,70,70,70,70,70,70,70,70,70],"card_choices":[{"not_picked":["Leg Sweep","Noxious Fumes"],"picked":"Deflect","floor":1},{"not_picked":["Blur","Blade Dance"],"picked":"Footwork","floor":2},{"not_picked":["Riddle With Holes","Predator"],"picked":"Cloak And Dagger","floor":5},{"not_picked":["Grand Finale","Setup"],"picked":"Heel Hook","floor":6},{"not_picked":["Deflect","Outmaneuver"],"picked":"Bouncing Flask","floor":7},{"not_picked":["Concentrate","Acrobatics"],"picked":"Poisoned Stab","floor":8},{"not_picked":["PiercingWail","Underhanded Strike+1"],"picked":"Deadly Poison","floor":11},{"not_picked":["Flying Knee+1","Bouncing Flask"],"picked":"Bane+1","floor":14},{"not_picked":["Venomology","Grand Finale+1"],"picked":"Die Die Die+1","floor":16},{"not_picked":["Crippling Poison","Endless Agony+1"],"picked":"Dagger Spray+1","floor":18},{"not_picked":["Backflip","Underhanded Strike+1"],"picked":"Sucker Punch+1","floor":19},{"not_picked":["Sucker Punch+1","Deadly Poison"],"picked":"Backstab+1","floor":21},{"not_picked":["Slice+1","After Image"],"picked":"Bane+1","floor":22},{"not_picked":["Underhanded Strike+1","Cloak And Dagger","PiercingWail"],"picked":"SKIP","floor":24},{"not_picked":["Underhanded Strike+1","PiercingWail"],"picked":"Cloak And Dagger","floor":24},{"not_picked":["Accuracy","Slice+1"],"picked":"Flechettes+1","floor":25},{"not_picked":["Cloak And Dagger","Dash+1"],"picked":"Bane+1","floor":27},{"not_picked":["Predator+1","Blade Dance"],"picked":"Heel Hook+1","floor":28},{"not_picked":["Cloak And Dagger","Sucker Punch+1","Dagger Spray+1"],"picked":"SKIP","floor":29},{"not_picked":["Dash+1","Sucker Punch+1"],"picked":"Well Laid Plans+1","floor":30},{"not_picked":["Dagger Spray+1","Dash+1"],"picked":"Deadly Poison","floor":31},{"not_picked":["Well Laid Plans+1","Acrobatics"],"picked":"Quick Slash+1","floor":32}],"player_experience":317168,"relics_obtained":[{"floor":6,"key":"Ice Cream"},{"floor":6,"key":"Tough Bandages"},{"floor":8,"key":"Vajra"},{"floor":8,"key":"Mummified Hand"},{"floor":9,"key":"Molten Egg 2"},{"floor":24,"key":"Dream Catcher"},{"floor":24,"key":"Bottled Tornado"},{"floor":26,"key":"Frozen Egg 2"}],"event_choices":[{"damage_healed":0,"gold_gain":100,"player_choice":"Pray","damage_taken":0,"max_hp_gain":0,"max_hp_loss":0,"event_name":"Golden Shrine","floor":3,"gold_loss":0},{"damage_healed":0,"gold_gain":0,"player_choice":"Inject Mutagens","damage_taken":0,"relics_obtained":["MutagenicStrength"],"max_hp_gain":0,"max_hp_loss":0,"event_name":"Drug Dealer","floor":20,"gold_loss":0}],"is_beta":false,"boss_relics":[{"not_picked":["Calling Bell","Busted Crown"],"picked":"White Beast Statue"}],"items_purged_floors":[],"is_endless":false,"potions_floor_spawned":[1,5,7,8,18,19,21,22,24,25,27,28,29,31],"killed_by":"Collector","ascension_level":0}