{"gold_per_floor":[366,378,378,53,53,86,86,161,161,195,272,272,272,295,295,419,419,434,434,459,484,37,37,78,78,78,78,96,127,252,271,271,395,395,413,139,164,183,196,237,237,280,304,318,362,380,380,380,380,380,380,380,96,135,135],"floor_reached":56,"playtime":2730,"items_purged":["Barricade","Entrench"],"score":1558,"play_id":"59686b3f-2c13-4564-aeaf-c5a1635ec54f","local_time":"20190202221959","is_ascension_mode":false,"campfire_choices":[{"data":"Uppercut","floor":7.0,"key":"SMITH"},{"data":"Whirlwind","floor":12.0,"key":"SMITH"},{"data":"Shockwave","floor":15.0,"key":"SMITH"},{"data":"Havoc","floor":23.0,"key":"SMITH"},{"data":"J.A.X.","floor":25.0,"key":"SMITH"},{"data":"Exhume","floor":27.0,"key":"SMITH"},{"data":"Havoc","floor":32.0,"key":"SMITH"},{"data":"Corruption","floor":47.0,"key":"SMITH"},{"floor":49.0,"key":"RECALL"},{"data":"Limit Break","floor":52.0,"key":"SMITH"}],"neow_cost":"TEN_PERCENT_HP_LOSS","seed_source_timestamp":38998796862600,"circlet_count":0,"master_deck":["Whirlwind+1","Uppercut+1","Clash","Clash","Shockwave+1","Exhume+1","Feel No Pain+1","J.A.X.+1","Havoc+1","Disarm+1","Havoc+1","Battle Trance","Disarm","Offering","Intimidate","Rupture","Sentinel","Limit Break+1","Cleave","Havoc","Rupture","Infernal Blade","Warcry+1","Offering","True Grit+1","Bloodletting+1","Corruption+1","Seeing Red","True Grit"],"special_seed":0,"relics":["Burning Blood","Magic Flower","Bag of Marbles","Whetstone","Dead Branch","Sundial","Bag of Preparation","Matryoshka","Golden Idol","Philosopher\u0027s Stone","Paper Frog","Brimstone","War Paint","Orichalcum","Anchor","Singing Bowl","Unceasing Top","Letter Opener","Pandora\u0027s Box","Sling","Bottled Flame","Smiling Mask","Art of War","Vajra","OrangePellets","Kunai"],"potions_floor_usage":[54],"damage_taken":[{"damage":17.0,"enemies":"Small Slimes","floor":1.0,"turns":4.0},{"damage":6.0,"enemies":"2 Louse","floor":2.0,"turns":3.0},{"damage":0.0,"enemies":"Gremlin Nob","floor":6.0,"turns":2.0},{"damage":26.0,"enemies":"Lagavulin","floor":10.0,"turns":5.0},{"damage":0.0,"enemies":"Jaw Worm","floor":14.0,"turns":2.0},{"damage":11.0,"enemies":"Hexaghost","floor":16.0,"turns":8.0},{"damage":7.0,"enemies":"Chosen","floor":18.0,"turns":3.0},{"damage":9.0,"enemies":"2 Thieves","floor":20.0,"turns":2.0},{"damage":9.0,"enemies":"Snake Plant","floor":21.0,"turns":4.0},{"damage":25.0,"enemies":"Slavers","floor":24.0,"turns":2.0},{"damage":0.0,"enemies":"Snecko","floor":28.0,"turns":2.0},{"damage":13.0,"enemies":"Gremlin Leader","floor":29.0,"turns":3.0},{"damage":0.0,"enemies":"Colosseum Slavers","floor":30.0,"turns":3.0},{"damage":3.0,"enemies":"Colosseum Nobs","floor":30.0,"turns":1.0},{"damage":4.0,"enemies":"Centurion and Healer","floor":31.0,"turns":3.0},{"damage":17.0,"enemies":"Champ","floor":33.0,"turns":5.0},{"damage":9.0,"enemies":"Orb Walker","floor":35.0,"turns":2.0},{"damage":0.0,"enemies":"3 Darklings","floor":37.0,"turns":1.0},{"damage":6.0,"enemies":"Writhing Mass","floor":38.0,"turns":3.0},{"damage":9.0,"enemies":"Jaw Worm Horde","floor":39.0,"turns":2.0},{"damage":3.0,"enemies":"Giant Head","floor":40.0,"turns":2.0},{"damage":9.0,"enemies":"Reptomancer","floor":42.0,"turns":1.0},{"damage":16.0,"enemies":"Transient","floor":44.0,"turns":4.0},{"damage":18.0,"enemies":"Nemesis","floor":45.0,"turns":1.0},{"damage":12.0,"enemies":"Writhing Mass","floor":46.0,"turns":2.0},{"damage":23.0,"enemies":"Awakened One","floor":50.0,"turns":3.0},{"damage":23,"enemies":"Shield and Spear","floor":54,"turns":3},{"damage":30,"enemies":"The Heart","floor":55,"turns":3}],"seed_played":"-6833833089124010493","potions_obtained":[{"floor":2.0,"key":"SteroidPotion"},{"floor":14.0,"key":"Dexterity Potion"},{"floor":21.0,"key":"Weak Potion"},{"floor":24.0,"key":"Weak Potion"},{"floor":30.0,"key":"Dexterity Potion"},{"floor":37.0,"key":"Block Potion"},{"floor":40.0,"key":"EssenceOfSteel"}],"is_trial":false,"path_per_floor":["M","M","?","$","?","E","R","?","T","E","T","R","?","M","R","B",null,"M","?","M","M","$","R","E","R","T","R","M","E","?","M","R","B",null,"M","$","M","M","M","E","?","E","T","M","E","M","R","?","R","B",null,"R","$","E","B",null],"character_chosen":"IRONCLAD","items_purchased":["Bag of Marbles","Whetstone","Clash","Paper Frog","Brimstone","Sling","OrangePellets","Seeing Red"],"campfire_rested":0,"item_purchase_floors":[4,4,4,22,22,36,53,53],"current_hp_per_floor":[61,61,54,54,72,72,72,61,61,44,44,44,44,53,53,51,67,67,67,67,67,67,67,51,51,51,51,60,56,67,69,69,61,69,71,71,73,75,75,75,75,75,75,68,59,56,56,56,56,42,75,75,75,61,40],"gold":135,"neow_bonus":"TWO_FIFTY_GOLD","is_prod":false,"is_daily":false,"chose_seed":false,"campfire_upgraded":9,"win_rate":0,"timestamp":1549163999,"path_taken":["M","M","?","$","?","E","R","?","T","E","?","R","?","M","R","BOSS","M","?","M","M","$","R","E","R","T","R","M","E","?","?","R","BOSS","M","$","M","M","M","E","?","E","T","M","E","M","R","?","R","BOSS","R","$","E","BOSS"],"build_version":"2019-01-23","purchased_purges":2,"victory":true,"max_hp_per_floor":[72,72,72,72,72,72,72,72,72,72,72,72,67,67,67,67,67,67,67,67,67,67,67,67,67,67,67,67,67,67,69,69,69,69,71,71,73,75,75,75,75,75,75,75,75,75,75,75,75,75,75,75,75,75,75],"card_choices":[{"not_picked":["Havoc","Armaments"],"picked":"Whirlwind","floor":1.0},{"not_picked":["Seeing Red","Cleave"],"picked":"Uppercut","floor":2.0},{"not_picked":["Entrench","Power Through","Warcry"],"picked":"SKIP","floor":6.0},{"not_picked":["Entrench","Power Through","Warcry"],"picked":"SKIP","floor":6.0},{"not_picked":["Seeing Red","Iron Wave"],"picked":"Clash","floor":10.0},{"not_picked":["Second Wind","Headbutt"],"picked":"Shockwave","floor":14.0},{"not_picked":["Berserk","Brutality"],"picked":"Exhume","floor":16.0},{"not_picked":["Sword Boomerang+1","Second Wind"],"picked":"Feel No Pain+1","floor":18.0},{"not_picked":["Entrench+1","Carnage+1"],"picked":"Havoc","floor":20.0},{"not_picked":["Reckless Charge","Evolve","Anger"],"picked":"SKIP","floor":21.0},{"not_picked":["Reckless Charge","Wild Strike"],"picked":"Disarm+1","floor":24.0},{"not_picked":["Hemokinesis","Anger"],"picked":"Havoc","floor":28.0},{"not_picked":["Rage","Sentinel"],"picked":"Battle Trance","floor":29.0},{"not_picked":["Body Slam","Sentinel+1"],"picked":"Disarm","floor":30.0},{"not_picked":["Shockwave","Iron Wave","Flame Barrier+1"],"picked":"Singing Bowl","floor":31.0},{"not_picked":["Brutality","Berserk"],"picked":"Offering","floor":33.0},{"not_picked":["Cleave","Body Slam+1","Dual Wield+1"],"picked":"Singing Bowl","floor":35.0},{"not_picked":["Headbutt","Heavy Blade","Pommel Strike"],"picked":"Singing Bowl","floor":37.0},{"not_picked":["Flame Barrier","Twin Strike+1","Armaments+1"],"picked":"Singing Bowl","floor":38.0},{"not_picked":["Warcry","Sword Boomerang"],"picked":"Infernal Blade","floor":39.0},{"not_picked":["Shockwave","Clash"],"picked":"Warcry+1","floor":40.0},{"not_picked":["Spot Weakness","Uppercut+1"],"picked":"Offering","floor":42.0},{"not_picked":["Shrug It Off+1","Blood for Blood"],"picked":"True Grit+1","floor":44.0},{"not_picked":["Perfected Strike+1","Battle Trance"],"picked":"Bloodletting+1","floor":45.0},{"not_picked":["Wild Strike","Clothesline+1"],"picked":"Corruption","floor":46.0},{"not_picked":["Double Tap","Reaper"],"picked":"True Grit","floor":54}],"player_experience":563811,"relics_obtained":[{"floor":6.0,"key":"Dead Branch"},{"floor":9.0,"key":"Sundial"},{"floor":10.0,"key":"Bag of Preparation"},{"floor":11.0,"key":"Matryoshka"},{"floor":24.0,"key":"War Paint"},{"floor":26.0,"key":"Orichalcum"},{"floor":26.0,"key":"Anchor"},{"floor":29.0,"key":"Singing Bowl"},{"floor":30.0,"key":"Unceasing Top"},{"floor":30.0,"key":"Letter Opener"},{"floor":40.0,"key":"Bottled Flame"},{"floor":42.0,"key":"Smiling Mask"},{"floor":43.0,"key":"Art of War"},{"floor":45.0,"key":"Vajra"},{"floor":54,"key":"Kunai"}],"event_choices":[{"damage_healed":0.0,"max_hp_gain":0.0,"max_hp_loss":0.0,"gold_gain":0.0,"event_name":"Scrap Ooze","player_choice":"Success","floor":3.0,"gold_loss":0.0,"damage_taken":7.0,"relics_obtained":["Magic Flower"]},{"damage_healed":24.0,"max_hp_gain":0.0,"max_hp_loss":0.0,"gold_gain":0.0,"event_name":"Big Fish","player_choice":"Banana","floor":5.0,"gold_loss":0.0,"damage_taken":0.0},{"damage_healed":0.0,"max_hp_gain":0.0,"max_hp_loss":0.0,"gold_gain":75.0,"event_name":"World of Goop","player_choice":"Gather Gold","floor":8.0,"gold_loss":0.0,"damage_taken":11.0},{"damage_healed":0.0,"max_hp_gain":0.0,"max_hp_loss":5.0,"gold_gain":0.0,"event_name":"Golden Idol","player_choice":"Lose Max HP","floor":13.0,"gold_loss":0.0,"damage_taken":0.0,"relics_obtained":["Golden Idol"]},{"damage_healed":0.0,"max_hp_gain":0.0,"max_hp_loss":0.0,"gold_gain":0.0,"event_name":"Drug Dealer","player_choice":"Obtain J.A.X.","floor":19.0,"gold_loss":0.0,"damage_taken":0.0,"cards_obtained":["J.A.X."]},{"damage_healed":0.0,"max_hp_gain":0.0,"max_hp_loss":0.0,"gold_gain":0.0,"event_name":"Colosseum","player_choice":"Fight","floor":30.0,"gold_loss":0.0,"damage_taken":0.0},{"damage_healed":0.0,"max_hp_gain":0.0,"max_hp_loss":0.0,"gold_gain":0.0,"event_name":"Colosseum","player_choice":"Fought Nobs","floor":30.0,"gold_loss":0.0,"damage_taken":0.0},{"cards_removed":["Bash"],"damage_healed":0.0,"max_hp_gain":0.0,"max_hp_loss":0.0,"gold_gain":0.0,"event_name":"Falling","player_choice":"Removed Attack","floor":41.0,"gold_loss":0.0,"damage_taken":0.0},{"damage_healed":0.0,"max_hp_gain":0.0,"max_hp_loss":0.0,"gold_gain":0.0,"event_name":"Tomb of Lord Red Mask","player_choice":"Ignored","floor":48.0,"gold_loss":0.0,"damage_taken":0.0}],"is_beta":true,"boss_relics":[{"not_picked":["Orrery","Black Blood"],"picked":"Philosopher\u0027s Stone"},{"not_picked":["Velvet Choker","Coffee Dripper"],"picked":"Pandora\u0027s Box"}],"items_purged_floors":[36,53],"is_endless":false,"potions_floor_spawned":[2,14,21,24,30,37,40,44],"ascension_level":0}