{"gold_per_floor":[117,132,145,27,45,80,80,106,106,106,106,124,149,149],"floor_reached":14,"playtime":546,"items_purged":["Strike_G"],"score":194,"play_id":"270bac96-dd48-452e-9370-962a64aa33bc","local_time":"20190227100116","is_ascension_mode":true,"campfire_choices":[{"floor":7,"key":"REST"}],"neow_cost":"NONE","seed_source_timestamp":93329283484200,"circlet_count":0,"master_deck":["AscendersBane","Defend_G","Defend_G","Defend_G","Defend_G","Defend_G","Strike_G","Strike_G","Strike_G","Strike_G","Survivor","Neutralize","Sucker Punch","Flying Knee","Bane","Skewer","Bouncing Flask","Cloak And Dagger","Terror","Escape Plan","Deadly Poison"],"relics":["Ring of the Snake","Ancient Tea Set","Omamori","Art of War","Golden Idol"],"potions_floor_usage":[6],"damage_taken":[{"damage":1,"enemies":"2 Louse","floor":1,"turns":3},{"damage":1,"enemies":"Small Slimes","floor":2,"turns":4},{"damage":0,"enemies":"Jaw Worm","floor":3,"turns":4},{"damage":0,"enemies":"2 Fungi Beasts","floor":5,"turns":3},{"damage":36,"enemies":"3 Sentries","floor":6,"turns":10},{"damage":42,"enemies":"Lagavulin","floor":8,"turns":7},{"damage":13,"enemies":"Exordium Wildlife","floor":12,"turns":4},{"damage":10,"enemies":"Gremlin Gang","floor":13,"turns":6},{"damage":9,"enemies":"Red Slaver","floor":14,"turns":2}],"seed_played":"-6805258170176096469","potions_obtained":[{"floor":3,"key":"Dexterity Potion"},{"floor":8,"key":"Ancient Potion"},{"floor":12,"key":"LiquidBronze"}],"is_trial":false,"path_per_floor":["M","M","M","$","M","E","R","E","T","?","?","M","M","M"],"character_chosen":"THE_SILENT","items_purchased":["Skewer"],"campfire_rested":1,"item_purchase_floors":[4],"current_hp_per_floor":[64,63,63,63,63,27,48,6,6,6,27,14,4,0],"gold":149,"neow_bonus":"TEN_PERCENT_HP_BONUS","is_prod":false,"is_daily":false,"chose_seed":false,"campfire_upgraded":0,"win_rate":0,"timestamp":1551258076,"path_taken":["M","M","M","$","M","E","R","E","T","?","?","?","M","M"],"build_version":"2019-01-23","purchased_purges":1,"victory":false,"max_hp_per_floor":[72,72,72,72,72,72,72,72,72,65,65,65,65,65],"card_choices":[{"not_picked":["Slice","Quick Slash"],"picked":"Sucker Punch","floor":1},{"not_picked":["Backflip","Heel Hook"],"picked":"Flying Knee","floor":2},{"not_picked":["Calculated Gamble","Slice"],"picked":"Bane","floor":3},{"not_picked":["Poisoned Stab","Deflect"],"picked":"Bouncing Flask","floor":5},{"not_picked":["Prepared","Storm of Steel"],"picked":"Cloak And Dagger","floor":6},{"not_picked":["Heel Hook","Quick Slash"],"picked":"Terror","floor":8},{"not_picked":["Endless Agony","Poisoned Stab"],"picked":"Escape Plan","floor":12},{"not_picked":["Flying Knee","Deflect"],"picked":"Deadly Poison","floor":13}],"player_experience":526705,"relics_obtained":[{"floor":6,"key":"Ancient Tea Set"},{"floor":8,"key":"Omamori"},{"floor":9,"key":"Art of War"}],"event_choices":[{"damage_healed":0,"gold_gain":0,"player_choice":"Lose Max HP","damage_taken":0,"relics_obtained":["Golden Idol"],"max_hp_gain":0,"max_hp_loss":7,"event_name":"Golden Idol","floor":10,"gold_loss":0},{"damage_healed":21,"gold_gain":0,"player_choice":"Banana","damage_taken":0,"max_hp_gain":0,"max_hp_loss":0,"event_name":"Big Fish","floor":11,"gold_loss":0}],"is_beta":false,"boss_relics":[],"items_purged_floors":[4],"is_endless":false,"potions_floor_spawned":[3,8,12],"killed_by":"Red Slaver","ascension_level":18}