{"gold_per_floor":[119,131,81,95,110,140,27,43,123,142,156,156,169,169,169,274,274,287,301,321,321,332,357,357,371,422,448,448,448,483,499,499,499],"floor_reached":33,"playtime":1341,"items_purged":[],"score":338,"play_id":"d04b117a-951e-420f-a3bf-fda9c23a9389","local_time":"20190224222629","is_ascension_mode":false,"campfire_choices":[{"floor":12,"key":"REST"},{"floor":15,"key":"REST"},{"floor":24,"key":"REST"},{"floor":32,"key":"REST"}],"neow_cost":"NONE","seed_source_timestamp":50671494755573,"circlet_count":0,"master_deck":["Strike_B+1","Strike_B+1","Defend_B+1","Defend_B+1","Defend_B+1","Defend_B+1","Zap","Dualcast","Doom and Gloom","Ball Lightning","Glacier","Darkness","Electrodynamics","Defragment","Doom and Gloom","Redo","Ball Lightning","Darkness","FTL","Seek","Conserve Battery","Stack","White Noise+1","Ball Lightning","Biased Cognition","Stack+1","Go for the Eyes+1","Loop+1"],"relics":["Cracked Core","Pear","Ornamental Fan","Black Star","Calipers","Bag of Marbles","Happy Flower","Kunai","Omamori","Gambling Chip","Art of War"],"potions_floor_usage":[6,22,23,23,27,33,33],"damage_taken":[{"damage":5,"enemies":"Small Slimes","floor":1,"turns":3},{"damage":7,"enemies":"Jaw Worm","floor":2,"turns":4},{"damage":1,"enemies":"2 Louse","floor":4,"turns":2},{"damage":10,"enemies":"Looter","floor":5,"turns":3},{"damage":2,"enemies":"Lagavulin","floor":6,"turns":6},{"damage":3,"enemies":"Exordium Thugs","floor":8,"turns":4},{"damage":2,"enemies":"3 Louse","floor":10,"turns":2},{"damage":19,"enemies":"Exordium Wildlife","floor":11,"turns":3},{"damage":0,"enemies":"Red Slaver","floor":13,"turns":4},{"damage":43,"enemies":"The Guardian","floor":16,"turns":7},{"damage":10,"enemies":"3 Byrds","floor":18,"turns":2},{"damage":3,"enemies":"Spheric Guardian","floor":19,"turns":3},{"damage":7,"enemies":"Centurion and Healer","floor":20,"turns":6},{"damage":1,"enemies":"Cultist and Chosen","floor":22,"turns":5},{"damage":30,"enemies":"Book of Stabbing","floor":23,"turns":7},{"damage":11,"enemies":"Shelled Parasite and Fungi","floor":25,"turns":5},{"damage":38,"enemies":"Slavers","floor":27,"turns":4},{"damage":11,"enemies":"Gremlin Leader","floor":30,"turns":4},{"damage":1,"enemies":"Centurion and Healer","floor":31,"turns":5},{"damage":43,"enemies":"Collector","floor":33,"turns":6}],"seed_played":"-4172351367274234698","potions_obtained":[{"floor":4,"key":"AttackPotion"},{"floor":5,"key":"Dexterity Potion"},{"floor":10,"key":"SkillPotion"},{"floor":13,"key":"Swift Potion"},{"floor":20,"key":"SkillPotion"},{"floor":25,"key":"Weak Potion"},{"floor":30,"key":"GamblersBrew"},{"floor":31,"key":"Poison Potion"}],"is_trial":false,"path_per_floor":["M","M","?","M","M","E","$","M","T","M","M","R","M","?","R","B",null,"M","M","M","?","M","E","R","M","T","E","?","?","E","M","R","B"],"character_chosen":"DEFECT","items_purchased":["Defragment","Doom and Gloom"],"campfire_rested":4,"item_purchase_floors":[7,7],"current_hp_per_floor":[77,70,70,69,59,67,67,64,64,62,43,70,70,63,90,47,92,82,79,72,72,71,41,68,57,57,19,19,19,8,7,34,0],"gold":499,"neow_bonus":"TEN_PERCENT_HP_BONUS","is_prod":false,"is_daily":false,"chose_seed":false,"campfire_upgraded":0,"win_rate":0,"timestamp":1551068789,"path_taken":["M","M","?","M","M","E","$","M","T","M","M","R","M","?","R","BOSS","M","M","M","?","M","E","R","M","T","E","?","?","E","M","R","BOSS"],"build_version":"2019-01-23","purchased_purges":0,"victory":false,"max_hp_per_floor":[82,82,82,82,82,92,92,92,92,92,92,92,92,92,92,92,92,92,92,92,92,92,92,92,92,92,92,92,92,92,92,92,92],"card_choices":[{"not_picked":["Sweeping Beam","Rebound"],"picked":"Doom and Gloom","floor":1},{"not_picked":["Loop","Compile Driver"],"picked":"Ball Lightning","floor":2},{"not_picked":["Streamline","Cold Snap"],"picked":"Glacier","floor":4},{"not_picked":["Compile Driver","Go for the Eyes"],"picked":"Darkness","floor":5},{"not_picked":["Sunder","Compile Driver"],"picked":"Electrodynamics","floor":6},{"not_picked":["Steam","Coolheaded"],"picked":"Redo","floor":8},{"not_picked":["Sweeping Beam","Coolheaded"],"picked":"Ball Lightning","floor":10},{"not_picked":["Compile Driver","Coolheaded"],"picked":"Darkness","floor":11},{"not_picked":["Ball Lightning","Steam"],"picked":"FTL","floor":13},{"not_picked":["Reboot","Rainbow"],"picked":"Seek","floor":16},{"not_picked":["Rebound","Barrage"],"picked":"Conserve Battery","floor":18},{"not_picked":["Compile Driver+1","Streamline"],"picked":"Stack","floor":19},{"not_picked":["Recycle","Redo"],"picked":"White Noise+1","floor":20},{"not_picked":["Capacitor","Rebound"],"picked":"Ball Lightning","floor":22},{"not_picked":["Go for the Eyes","Darkness"],"picked":"Biased Cognition","floor":23},{"not_picked":["Compile Driver","Reprogram"],"picked":"Stack+1","floor":25},{"not_picked":["Rebound","Turbo","Compile Driver"],"picked":"SKIP","floor":27},{"not_picked":["Hello World","Barrage"],"picked":"Go for the Eyes+1","floor":30},{"not_picked":["Turbo","Barrage"],"picked":"Loop+1","floor":31}],"player_experience":373631,"relics_obtained":[{"floor":6,"key":"Pear"},{"floor":9,"key":"Ornamental Fan"},{"floor":23,"key":"Calipers"},{"floor":23,"key":"Bag of Marbles"},{"floor":26,"key":"Happy Flower"},{"floor":27,"key":"Kunai"},{"floor":27,"key":"Omamori"},{"floor":30,"key":"Gambling Chip"},{"floor":30,"key":"Art of War"}],"event_choices":[{"cards_removed":["Strike_B"],"damage_healed":0,"gold_gain":0,"player_choice":"Card Removal","damage_taken":0,"max_hp_gain":0,"max_hp_loss":0,"event_name":"The Cleric","floor":3,"gold_loss":50},{"cards_removed":["Strike_B"],"damage_healed":0,"gold_gain":0,"player_choice":"Card Removal","damage_taken":7,"max_hp_gain":0,"max_hp_loss":0,"event_name":"Golden Wing","floor":14,"gold_loss":0},{"damage_healed":0,"gold_gain":0,"player_choice":"Ignored","damage_taken":0,"max_hp_gain":0,"max_hp_loss":0,"event_name":"Vampires","floor":21,"gold_loss":0},{"damage_healed":0,"gold_gain":0,"player_choice":"Simplicity","damage_taken":0,"max_hp_gain":0,"max_hp_loss":0,"event_name":"Back to Basics","floor":28,"gold_loss":0,"cards_upgraded":["Strike_B","Strike_B","Defend_B","Defend_B","Defend_B","Defend_B"]},{"damage_healed":0,"gold_gain":0,"player_choice":"Ignored","damage_taken":0,"max_hp_gain":0,"max_hp_loss":0,"event_name":"Beggar","floor":29,"gold_loss":0}],"is_beta":false,"boss_relics":[{"not_picked":["Runic Pyramid","Calling Bell"],"picked":"Black Star"}],"items_purged_floors":[],"is_endless":false,"potions_floor_spawned":[4,5,10,13,20,25,30,31],"killed_by":"Collector","ascension_level":0}