{"gold_per_floor":[113,63,78,91,108,108,137,137,137,155,174,198,198,213,213,316,316,331,360,360,375,301,301,400,400,424,424,436,436,436],"floor_reached":30,"playtime":1139,"items_purged":[],"score":255,"play_id":"da6a4878-70b9-461f-91b1-1ca9e67d0f84","local_time":"20181212201521","is_ascension_mode":false,"campfire_choices":[{"data":"Zap","floor":6,"key":"SMITH"},{"data":"Dualcast","floor":8,"key":"SMITH"},{"data":"Self Repair","floor":13,"key":"SMITH"},{"data":"Ball Lightning","floor":15,"key":"SMITH"},{"data":"Defragment","floor":23,"key":"SMITH"},{"data":"Hologram","floor":25,"key":"SMITH"}],"neow_cost":"NONE","seed_source_timestamp":41525575156000,"circlet_count":0,"master_deck":["Zap+1","Dualcast+1","Conserve Battery","Ball Lightning+1","Conserve Battery","Conserve Battery","Multi-Cast","Biased Cognition","Self Repair+1","Conserve Battery","Hologram+1","Buffer","Steam Power","Compile Driver","Self Repair","Sunder","Stack","Turbo","Compile Driver","Capacitor","Defragment+1","Auto Shields","Storm","Auto Shields"],"relics":["Cracked Core","Potion Belt","Dodecahedron","Odd Mushroom","Pandora\u0027s Box","Red Mask","Bag of Marbles","Shuriken","Nilry\u0027s Codex"],"potions_floor_usage":[16,19],"damage_taken":[{"damage":0,"enemies":"2 Louse","floor":1,"turns":3},{"damage":0,"enemies":"Small Slimes","floor":3,"turns":2},{"damage":6,"enemies":"Jaw Worm","floor":4,"turns":3},{"damage":6,"enemies":"Large Slime","floor":5,"turns":6},{"damage":12,"enemies":"3 Sentries","floor":7,"turns":9},{"damage":7,"enemies":"3 Louse","floor":10,"turns":4},{"damage":0,"enemies":"Blue Slaver","floor":11,"turns":2},{"damage":7,"enemies":"The Mushroom Lair","floor":12,"turns":4},{"damage":0,"enemies":"Large Slime","floor":14,"turns":5},{"damage":26,"enemies":"Hexaghost","floor":16,"turns":10},{"damage":0,"enemies":"3 Byrds","floor":18,"turns":3},{"damage":16,"enemies":"Masked Bandits","floor":19,"turns":4},{"damage":13,"enemies":"Spheric Guardian","floor":21,"turns":4},{"damage":34,"enemies":"Cultist and Chosen","floor":28,"turns":6},{"damage":36,"enemies":"3 Cultists","floor":30,"turns":3}],"seed_played":"-8886997183458845760","potions_obtained":[{"floor":1,"key":"LiquidBronze"},{"floor":3,"key":"Fire Potion"},{"floor":4,"key":"Weak Potion"},{"floor":11,"key":"Energy Potion"},{"floor":12,"key":"Ancient Potion"},{"floor":19,"key":"Regen Potion"},{"floor":28,"key":"SteroidPotion"}],"is_trial":false,"path_per_floor":["M","?","M","M","M","R","E","R","T","M","M","?","R","M","R","B",null,"M","?","?","M","$","R","?","R","T","?","M","?","M"],"character_chosen":"DEFECT","items_purchased":["Storm"],"campfire_rested":0,"item_purchase_floors":[22],"current_hp_per_floor":[75,75,75,69,63,63,51,51,51,44,44,44,44,54,54,38,75,75,75,75,72,72,72,72,72,72,72,48,32,0],"gold":436,"neow_bonus":"THREE_CARDS","is_prod":false,"is_daily":false,"chose_seed":false,"campfire_upgraded":6,"win_rate":0,"timestamp":1544642121,"path_taken":["M","?","M","M","M","R","E","R","T","M","M","?","R","M","R","BOSS","M","?","?","M","$","R","?","R","T","?","M","?","M"],"build_version":"2018-12-06","purchased_purges":0,"victory":false,"max_hp_per_floor":[75,75,75,75,75,75,75,75,75,75,75,75,75,75,75,75,75,75,75,75,75,75,75,75,75,75,75,75,75,75],"card_choices":[{"not_picked":["Go for the Eyes","Redo"],"picked":"Conserve Battery","floor":0},{"not_picked":["Chill","Steam"],"picked":"Ball Lightning","floor":1},{"not_picked":["Coolheaded","Rip and Tear"],"picked":"Conserve Battery","floor":3},{"not_picked":["Scrape","Sunder"],"picked":"Conserve Battery","floor":4},{"not_picked":["Rebound","Scrape"],"picked":"Multi-Cast","floor":5},{"not_picked":["Capacitor","Gash"],"picked":"Biased Cognition","floor":7},{"not_picked":["Gash","Cold Snap"],"picked":"Self Repair","floor":10},{"not_picked":["Go for the Eyes","Ball Lightning"],"picked":"Turbo","floor":11},{"not_picked":["Sweeping Beam","Compile Driver"],"picked":"Conserve Battery","floor":12},{"not_picked":["Turbo","Heatsinks"],"picked":"Hologram","floor":14},{"not_picked":["Amplify","Meteor Strike"],"picked":"Buffer","floor":16},{"not_picked":["Skim","Doom and Gloom"],"picked":"Capacitor","floor":18},{"not_picked":["Leap","Compile Driver"],"picked":"Defragment","floor":19},{"not_picked":["Go for the Eyes","Recycle+1"],"picked":"Auto Shields","floor":21},{"not_picked":["Compile Driver","Steam Power"],"picked":"Auto Shields","floor":28}],"player_experience":245508,"relics_obtained":[{"floor":7,"key":"Potion Belt"},{"floor":9,"key":"Dodecahedron"},{"floor":12,"key":"Odd Mushroom"},{"floor":19,"key":"Red Mask"},{"floor":26,"key":"Bag of Marbles"},{"floor":29,"key":"Nilry\u0027s Codex"}],"event_choices":[{"cards_removed":["Strike_B"],"damage_healed":0,"gold_gain":0,"player_choice":"Card Removal","damage_taken":0,"max_hp_gain":0,"max_hp_loss":0,"event_name":"The Cleric","floor":2,"gold_loss":50},{"damage_healed":0,"gold_gain":0,"player_choice":"Fought Mushrooms","damage_taken":0,"max_hp_gain":0,"max_hp_loss":0,"event_name":"Mushrooms","floor":12,"gold_loss":0},{"damage_healed":0,"gold_gain":0,"player_choice":"Fought Bandits","damage_taken":0,"max_hp_gain":0,"max_hp_loss":0,"event_name":"Masked Bandits","floor":19,"gold_loss":0},{"cards_removed":["Turbo"],"damage_healed":0,"gold_gain":0,"player_choice":"Elegance","damage_taken":0,"max_hp_gain":0,"max_hp_loss":0,"event_name":"Back to Basics","floor":20,"gold_loss":0},{"damage_healed":0,"gold_gain":99,"player_choice":"Stole From Cult","damage_taken":0,"max_hp_gain":0,"max_hp_loss":0,"event_name":"Nest","floor":24,"gold_loss":0},{"damage_healed":0,"gold_gain":0,"player_choice":"Opened","damage_taken":0,"relics_obtained":["Shuriken"],"max_hp_gain":0,"max_hp_loss":0,"event_name":"The Mausoleum","floor":27,"gold_loss":0},{"damage_healed":0,"gold_gain":0,"player_choice":"Obtained Book","damage_taken":16,"max_hp_gain":0,"max_hp_loss":0,"event_name":"Cursed Tome","floor":29,"gold_loss":0}],"is_beta":false,"boss_relics":[{"not_picked":["Calling Bell","Philosopher\u0027s Stone"],"picked":"Pandora\u0027s Box"}],"items_purged_floors":[],"is_endless":false,"potions_floor_spawned":[1,3,4,11,12,19,28],"killed_by":"3 Cultists","ascension_level":0}