{"gold_per_floor":[116,116,116,116,41,41,41,41,41,41,71,91,122,135,135,135],"floor_reached":16,"playtime":372,"items_purged":["Strike_G"],"score":115,"play_id":"3e771c9b-6cf1-4f15-923a-0de798a69959","local_time":"20181226154150","is_ascension_mode":true,"campfire_choices":[{"data":"Poisoned Stab","floor":6,"key":"SMITH"},{"data":"Trip","floor":8,"key":"SMITH"},{"data":"Survivor","floor":10,"key":"SMITH"},{"data":"Dash","floor":15,"key":"SMITH"}],"neow_cost":"NONE","seed_source_timestamp":531445826177089,"circlet_count":0,"master_deck":["Defend_G","Defend_G","Defend_G","Defend_G","Defend_G","Strike_G","Strike_G+1","Strike_G","Survivor+1","Neutralize+1","Trip+1","Poisoned Stab+1","PiercingWail","Poisoned Stab","Dash+1"],"relics":["Ring of the Snake","Smiling Mask","Paper Crane"],"potions_floor_usage":[16],"damage_taken":[{"damage":0,"enemies":"2 Louse","floor":1,"turns":2},{"damage":0,"enemies":"Small Slimes","floor":12,"turns":2},{"damage":21,"enemies":"Lagavulin","floor":13,"turns":6},{"damage":1,"enemies":"Jaw Worm","floor":14,"turns":3},{"damage":43,"enemies":"Slime Boss","floor":16,"turns":5}],"seed_played":"-7904881633113770998","potions_obtained":[{"floor":14,"key":"Swift Potion"}],"is_trial":false,"path_per_floor":["M","?","?","$","$","R","$","R","T","R","?","M","E","M","R","B"],"character_chosen":"THE_SILENT","items_purchased":[],"campfire_rested":0,"item_purchase_floors":[],"current_hp_per_floor":[70,63,49,49,49,49,49,49,49,49,49,49,28,27,27,0],"gold":135,"neow_bonus":"RANDOM_COLORLESS","is_prod":false,"is_daily":false,"chose_seed":false,"campfire_upgraded":4,"win_rate":0,"timestamp":1545856910,"path_taken":["M","?","?","?","$","R","$","R","T","R","?","M","E","M","R","BOSS"],"build_version":"2018-12-25","purchased_purges":1,"victory":false,"max_hp_per_floor":[70,70,70,70,70,70,70,70,70,70,70,70,70,70,70,70],"card_choices":[{"not_picked":["Blade Dance","Accuracy"],"picked":"Poisoned Stab","floor":1},{"not_picked":["Well Laid Plans","Deflect"],"picked":"PiercingWail","floor":12},{"not_picked":["Deflect","Cloak And Dagger"],"picked":"Poisoned Stab","floor":13},{"not_picked":["Backflip","Caltrops"],"picked":"Dash","floor":14}],"player_experience":424472,"relics_obtained":[{"floor":9,"key":"Smiling Mask"},{"floor":13,"key":"Paper Crane"}],"event_choices":[{"cards_removed":["Strike_G"],"damage_healed":0,"gold_gain":0,"player_choice":"Card Removal","damage_taken":7,"max_hp_gain":0,"max_hp_loss":0,"event_name":"Golden Wing","floor":2,"gold_loss":0},{"damage_healed":0,"gold_gain":0,"player_choice":"Entered Light","damage_taken":14,"max_hp_gain":0,"max_hp_loss":0,"event_name":"Shining Light","floor":3,"gold_loss":0,"cards_upgraded":["Strike_G","Neutralize"]},{"damage_healed":0,"gold_gain":30,"player_choice":"Searched \u00272\u0027 times","damage_taken":0,"max_hp_gain":0,"max_hp_loss":0,"event_name":"Dead Adventurer","floor":11,"gold_loss":0}],"is_beta":true,"boss_relics":[],"items_purged_floors":[5],"is_endless":false,"potions_floor_spawned":[14],"killed_by":"Slime Boss","ascension_level":4}