{"path_per_floor":["M","M","?","M","?","E","R","E","T","R","E","?","M","E","R","B",null,"M","M","M","?","M","E","R","M","T","?","?","M","R","$","R","B",null,"M","M","M","M"],"character_chosen":"DEFECT","items_purchased":[],"gold_per_floor":[119,136,136,146,146,177,177,205,232,232,258,258,271,304,304,400,400,419,429,441,441,460,486,486,500,552,552,552,570,570,570,570,674,674,686,702,717,734,734],"floor_reached":39,"campfire_rested":5,"playtime":1951,"item_purchase_floors":[],"current_hp_per_floor":[75,70,70,63,48,22,44,28,28,50,37,30,32,9,34,10,85,78,67,46,46,32,1,26,21,21,21,21,23,48,48,48,2,85,82,48,25,12,0],"items_purged":[],"gold":734,"score":476,"play_id":"61102ab2-bcef-4a39-8d7c-fce6d92a4683","local_time":"20180622205426","is_prod":false,"is_daily":false,"chose_seed":false,"is_ascension_mode":true,"campfire_upgraded":1,"win_rate":0,"timestamp":1529693666,"campfire_choices":[{"floor":7,"key":"REST"},{"floor":10,"key":"REST"},{"floor":15,"key":"REST"},{"floor":24,"key":"REST"},{"floor":30,"key":"REST"},{"data":"Streamline","floor":32,"key":"SMITH"}],"path_taken":["M","M","?","M","?","E","R","E","T","R","E","?","M","E","R","BOSS","M","M","M","?","M","E","R","M","T","?","?","M","R","$","R","BOSS","M","M","M","M","M"],"build_version":"2018-06-21","seed_source_timestamp":60959876537082,"purchased_purges":0,"circlet_count":0,"victory":false,"master_deck":["Strike_B+1","Defend_B+1","Defend_B+1","Defend_B+1","Zap","Dualcast","Beam Cell","Force Field","Loop+1","Auto Shields","FTL","Streamline+1","Force Field+1","Electrodynamics","Reprogram+1","Ball Lightning+1","Force Field+1","Glacier+1","Normality","Creative AI","Storm","Sunder+1"],"max_hp_per_floor":[75,75,75,75,75,75,75,75,75,75,85,85,85,85,85,85,85,85,85,85,85,85,85,85,85,85,85,85,85,85,85,85,85,85,85,85,85,85,85],"relics":["Cracked Core","Blood Vial","Bag of Marbles","Potion Belt","Pear","Ancient Tea Set","Toxic Egg 2","Astrolabe","Centennial Puzzle","Juzu Bracelet","Pantograph","Cursed Key"],"card_choices":[{"not_picked":["Compile Driver","Undo"],"picked":"Force Field","floor":1},{"not_picked":["Beam Cell","Sweeping Beam","Turbo"],"picked":"SKIP","floor":2},{"not_picked":["Defragment","Streamline"],"picked":"Loop","floor":4},{"not_picked":["Rainbow","Doom and Gloom"],"picked":"Auto Shields","floor":6},{"not_picked":["Steam","Turbo","Go for the Eyes"],"picked":"SKIP","floor":8},{"not_picked":["Coolheaded","Beam Cell"],"picked":"FTL","floor":11},{"not_picked":["Chill","Sweeping Beam"],"picked":"Streamline","floor":13},{"not_picked":["Tempest","Rebound"],"picked":"Force Field","floor":14},{"not_picked":["Buffer","Hyperbeam"],"picked":"Electrodynamics","floor":16},{"not_picked":["Stack+1","Auto Shields+1","Blizzard"],"picked":"SKIP","floor":18},{"not_picked":["Reprogram+1","Hologram+1","Ball Lightning"],"picked":"SKIP","floor":19},{"not_picked":["Rip and Tear","Streamline","Leap+1"],"picked":"SKIP","floor":20},{"not_picked":["Compile Driver+1","Go for the Eyes","Gash+1"],"picked":"SKIP","floor":22},{"not_picked":["Consume+1","Rainbow+1"],"picked":"Glacier+1","floor":23},{"not_picked":["Compile Driver+1","Coolheaded+1","Cold Snap+1"],"picked":"SKIP","floor":25},{"not_picked":["Beam Cell+1","Steam+1","Stack+1"],"picked":"SKIP","floor":29},{"not_picked":["Thunder Strike","All For One"],"picked":"Creative AI","floor":33},{"not_picked":["Force Field+1","Sweeping Beam","Rebound"],"picked":"SKIP","floor":35},{"not_picked":["Ball Lightning+1","Sweeping Beam+1"],"picked":"Storm","floor":36},{"not_picked":["Cold Snap+1","Steam+1"],"picked":"Sunder+1","floor":37},{"not_picked":["Sweeping Beam+1","Rip and Tear","Consume+1"],"picked":"SKIP","floor":38}],"player_experience":408179,"potions_floor_usage":[13,16,19,22,23,29,39],"damage_taken":[{"damage":0,"enemies":"Cultist","floor":1,"turns":3},{"damage":5,"enemies":"Small Slimes","floor":2,"turns":3},{"damage":7,"enemies":"2 Louse","floor":4,"turns":2},{"damage":26,"enemies":"Lagavulin","floor":6,"turns":6},{"damage":18,"enemies":"3 Sentries","floor":8,"turns":7},{"damage":25,"enemies":"Gremlin Nob","floor":11,"turns":5},{"damage":0,"enemies":"Exordium Thugs","floor":13,"turns":4},{"damage":25,"enemies":"Lagavulin","floor":14,"turns":6},{"damage":26,"enemies":"The Guardian","floor":16,"turns":14},{"damage":7,"enemies":"Spheric Guardian","floor":18,"turns":4},{"damage":13,"enemies":"3 Byrds","floor":19,"turns":3},{"damage":23,"enemies":"Centurion and Healer","floor":20,"turns":8},{"damage":16,"enemies":"Snecko","floor":22,"turns":6},{"damage":33,"enemies":"Slavers","floor":23,"turns":4},{"damage":7,"enemies":"Chosen and Byrds","floor":25,"turns":4},{"damage":0,"enemies":"3 Cultists","floor":29,"turns":3},{"damage":73,"enemies":"Collector","floor":33,"turns":15},{"damage":3,"enemies":"3 Shapes","floor":35,"turns":3},{"damage":36,"enemies":"Orb Walker","floor":36,"turns":8},{"damage":25,"enemies":"3 Darklings","floor":37,"turns":3},{"damage":15,"enemies":"4 Shapes","floor":38,"turns":6},{"damage":14,"enemies":"Sphere and 2 Shapes","floor":39,"turns":5}],"relics_obtained":[{"floor":6,"key":"Blood Vial"},{"floor":8,"key":"Bag of Marbles"},{"floor":9,"key":"Potion Belt"},{"floor":11,"key":"Pear"},{"floor":14,"key":"Toxic Egg 2"},{"floor":23,"key":"Centennial Puzzle"},{"floor":26,"key":"Juzu Bracelet"}],"event_choices":[{"event_name":"Liars Game","player_choice":"disagreed","floor":3,"damage_taken":0},{"event_name":"Shining Light","player_choice":"Entered Light","floor":5,"damage_taken":0},{"event_name":"Scrap Ooze","player_choice":"success","floor":12,"damage_taken":7},{"event_name":"Beggar","player_choice":"Ignored","floor":21,"damage_taken":0},{"event_name":"Accursed Blacksmith","player_choice":"Rummage","floor":27,"damage_taken":0},{"event_name":"Back to Basics","player_choice":"Simplicity","floor":28,"damage_taken":0}],"boss_relics":[{"not_picked":["Snecko Eye","Runic Dome"],"picked":"Astrolabe"},{"not_picked":["Tiny House","Fusion Hammer"],"picked":"Cursed Key"}],"items_purged_floors":[],"is_endless":false,"potions_floor_spawned":[1,2,14,19,22,25,36,37],"seed_played":"-513100159341368336","killed_by":"Sphere and 2 Shapes","ascension_level":2,"potions_obtained":[{"floor":1,"key":"Energy Potion"},{"floor":2,"key":"Strength Potion"},{"floor":14,"key":"Energy Potion"},{"floor":19,"key":"Poison Potion"},{"floor":22,"key":"AttackPotion"},{"floor":25,"key":"Fire Potion"},{"floor":36,"key":"Strength Potion"},{"floor":37,"key":"Weak Potion"}],"is_trial":false}