{"gold_per_floor":[112,131,150,170,188,188,218,230,242,280,292,315,327,351,363,478,490,442,454],"floor_reached":19,"playtime":838,"items_purged":[],"score":306,"play_id":"7cf039fe-9e57-4322-a6a8-b48e05e5e151","local_time":"20190124172024","is_ascension_mode":true,"campfire_choices":[{"floor":6,"key":"REST"},{"data":"Buffer","floor":8,"key":"SMITH"},{"floor":13,"key":"REST"},{"data":"Creative AI","floor":15,"key":"SMITH"}],"neow_cost":"NONE","seed_source_timestamp":427414751759116,"circlet_count":0,"master_deck":["AscendersBane","Strike_B","Strike_B","Strike_B","Strike_B","Defend_B","Defend_B","Defend_B","Defend_B","Zap","Dualcast","Loop","Sunder","Streamline","Creative AI+1","Fusion","Buffer+1","Redo+1","Seek+1","Decay","Decay","Injury","Barrage"],"relics":["Cracked Core","Orichalcum","MawBank","Pantograph","Pear","Toxic Egg 2","Calling Bell","Boot","Question Card","Prayer Wheel"],"potions_floor_usage":[10,12,16,16],"damage_taken":[{"damage":0,"enemies":"Cultist","floor":1,"turns":3},{"damage":1,"enemies":"2 Louse","floor":2,"turns":2},{"damage":6,"enemies":"Small Slimes","floor":3,"turns":2},{"damage":4,"enemies":"2 Fungi Beasts","floor":4,"turns":3},{"damage":48,"enemies":"Exordium Thugs","floor":5,"turns":6},{"damage":10,"enemies":"Lagavulin","floor":7,"turns":7},{"damage":0,"enemies":"Gremlin Nob","floor":10,"turns":4},{"damage":4,"enemies":"Lots of Slimes","floor":12,"turns":4},{"damage":1,"enemies":"3 Louse","floor":14,"turns":4},{"damage":59,"enemies":"The Guardian","floor":16,"turns":11},{"damage":19,"enemies":"2 Thieves","floor":18,"turns":4},{"damage":59,"enemies":"Shell Parasite","floor":19,"turns":8}],"seed_played":"8786345836104692645","potions_obtained":[{"floor":3,"key":"Fire Potion"},{"floor":5,"key":"Poison Potion"},{"floor":12,"key":"Fire Potion"},{"floor":14,"key":"Dexterity Potion"}],"is_trial":false,"path_per_floor":["M","M","M","M","M","R","E","R","T","E","?","M","R","M","R","B",null,"M","M"],"character_chosen":"DEFECT","items_purchased":[],"campfire_rested":2,"item_purchase_floors":[],"current_hp_per_floor":[68,67,61,57,9,31,21,21,21,31,19,15,40,39,39,5,65,46,0],"gold":454,"neow_bonus":"RANDOM_COMMON_RELIC","is_prod":false,"is_daily":false,"chose_seed":false,"campfire_upgraded":2,"win_rate":0,"timestamp":1548346824,"path_taken":["M","M","M","M","M","R","E","R","T","E","?","M","R","M","R","BOSS","M","M"],"build_version":"2019-01-23","purchased_purges":0,"victory":false,"max_hp_per_floor":[75,75,75,75,75,75,75,75,75,85,85,85,85,85,85,85,85,85,85],"card_choices":[{"not_picked":["Go for the Eyes","Steam Power"],"picked":"Loop","floor":1},{"not_picked":["Coolheaded","Darkness"],"picked":"Sunder","floor":2},{"not_picked":["Darkness","Beam Cell"],"picked":"Streamline","floor":3},{"not_picked":["Conserve Battery","Sweeping Beam"],"picked":"Creative AI","floor":4},{"not_picked":["Double Energy","Aggregate"],"picked":"Fusion","floor":5},{"not_picked":["Chill","Loop"],"picked":"Buffer","floor":7},{"not_picked":["Heatsinks","Tempest","Gash"],"picked":"SKIP","floor":10},{"not_picked":["Streamline","Storm","Turbo+1"],"picked":"SKIP","floor":12},{"not_picked":["Ball Lightning","Skim+1"],"picked":"Redo+1","floor":14},{"not_picked":["Core Surge","Creative AI"],"picked":"Seek+1","floor":16},{"not_picked":["Storm+1","Steam+1","Melter"],"picked":"Barrage","floor":18},{"not_picked":["Steam Power+1","Streamline","Compile Driver","Aggregate+1"],"picked":"SKIP","floor":18}],"player_experience":695282,"relics_obtained":[{"floor":7,"key":"MawBank"},{"floor":9,"key":"Pantograph"},{"floor":10,"key":"Pear"},{"floor":17,"key":"Boot"},{"floor":17,"key":"Question Card"},{"floor":17,"key":"Prayer Wheel"}],"event_choices":[{"damage_healed":0,"gold_gain":0,"player_choice":"Success","damage_taken":12,"relics_obtained":["Toxic Egg 2"],"max_hp_gain":0,"max_hp_loss":0,"event_name":"Scrap Ooze","floor":11,"gold_loss":0}],"is_beta":false,"boss_relics":[{"not_picked":["Runic Dome","Coffee Dripper"],"picked":"Calling Bell"}],"items_purged_floors":[],"is_endless":false,"potions_floor_spawned":[3,5,12,14],"killed_by":"Shell Parasite","ascension_level":10}