{"gold_per_floor":[113,123,88,98,111,111,128,128,128,128,142,67,93,123,123,200,200],"floor_reached":17,"playtime":705,"items_purged":["Strike_G"],"score":259,"play_id":"48ad8718-1153-4f12-88e7-237dc1bf905b","local_time":"20190204164349","is_ascension_mode":true,"campfire_choices":[{"data":"Skewer","floor":6,"key":"SMITH"},{"data":"Neutralize","floor":8,"key":"SMITH"},{"data":"Deflect","floor":10,"key":"SMITH"},{"floor":15,"key":"REST"}],"neow_cost":"NONE","seed_source_timestamp":953957151278800,"circlet_count":0,"master_deck":["AscendersBane","Defend_G","Defend_G","Defend_G","Defend_G","Defend_G","Strike_G","Strike_G","Strike_G","Strike_G","Survivor","Neutralize+1","Skewer+1","Deflect+1","Predator","Dash","Flying Knee","Backstab","Adrenaline","Clumsy","Injury","Normality"],"relics":["Ring of the Snake","Boot","Pear","Odd Mushroom","Meat on the Bone","Calling Bell","Centennial Puzzle","Mummified Hand","Dead Branch"],"potions_floor_usage":[14,16],"damage_taken":[{"damage":8,"enemies":"2 Louse","floor":1,"turns":4},{"damage":1,"enemies":"Jaw Worm","floor":2,"turns":3},{"damage":0,"enemies":"Small Slimes","floor":4,"turns":3},{"damage":0,"enemies":"Blue Slaver","floor":5,"turns":4},{"damage":0,"enemies":"2 Fungi Beasts","floor":7,"turns":3},{"damage":0,"enemies":"Exordium Thugs","floor":11,"turns":4},{"damage":10,"enemies":"The Mushroom Lair","floor":13,"turns":7},{"damage":13,"enemies":"Lagavulin","floor":14,"turns":4},{"damage":65,"enemies":"Slime Boss","floor":16,"turns":15}],"seed_played":"868739415214270651","potions_obtained":[{"floor":1,"key":"Regen Potion"},{"floor":2,"key":"SteroidPotion"},{"floor":14,"key":"Strength Potion"}],"is_trial":false,"path_per_floor":["M","M","?","M","M","R","M","R","T","R","M","$","?","E","R","B",null],"character_chosen":"THE_SILENT","items_purchased":[],"campfire_rested":1,"item_purchase_floors":[],"current_hp_per_floor":[55,54,70,70,70,70,70,70,80,80,80,80,70,57,80,27,27],"gold":200,"neow_bonus":"RANDOM_COMMON_RELIC","is_prod":false,"is_daily":false,"chose_seed":false,"campfire_upgraded":3,"win_rate":0,"timestamp":1549295029,"path_taken":["M","M","?","M","M","R","M","R","T","R","M","$","?","E","R","BOSS"],"build_version":"2019-01-23","purchased_purges":1,"victory":false,"max_hp_per_floor":[70,70,70,70,70,70,70,70,80,80,80,80,80,80,80,80,80],"card_choices":[{"not_picked":["Tactician","Blur"],"picked":"Skewer","floor":1},{"not_picked":["Setup","Underhanded Strike","Infinite Blades"],"picked":"SKIP","floor":2},{"not_picked":["Expertise","Outmaneuver"],"picked":"Deflect","floor":4},{"not_picked":["Night Terror","Sucker Punch"],"picked":"Predator","floor":5},{"not_picked":["Finisher","Reflex","Endless Agony"],"picked":"SKIP","floor":7},{"not_picked":["Distraction","Dodge and Roll"],"picked":"Dash","floor":11},{"not_picked":["PiercingWail","Setup"],"picked":"Flying Knee","floor":13},{"not_picked":["Finisher","Setup"],"picked":"Backstab","floor":14},{"not_picked":["Envenom","Storm of Steel"],"picked":"Adrenaline","floor":16}],"player_experience":465920,"relics_obtained":[{"floor":9,"key":"Pear"},{"floor":13,"key":"Odd Mushroom"},{"floor":14,"key":"Meat on the Bone"},{"floor":17,"key":"Centennial Puzzle"},{"floor":17,"key":"Mummified Hand"},{"floor":17,"key":"Dead Branch"}],"event_choices":[{"damage_healed":17,"gold_gain":0,"player_choice":"Healed","damage_taken":0,"max_hp_gain":0,"max_hp_loss":0,"event_name":"The Cleric","floor":3,"gold_loss":35},{"damage_healed":0,"gold_gain":0,"player_choice":"Fought Mushrooms","damage_taken":0,"max_hp_gain":0,"max_hp_loss":0,"event_name":"Mushrooms","floor":13,"gold_loss":0}],"is_beta":false,"boss_relics":[{"not_picked":["Busted Crown","Pandora\u0027s Box"],"picked":"Calling Bell"}],"items_purged_floors":[12],"is_endless":false,"potions_floor_spawned":[1,2,7,14],"ascension_level":13}