{"gold_per_floor":[114,129,144,76,76,110,110,144,144,144,177,177,196,207,207,302,302,312,312,227,259,281,293],"floor_reached":23,"playtime":1007,"items_purged":[],"score":243,"play_id":"c92db27c-9fd2-424f-8b84-f1116e61ccbc","local_time":"20180801164804","is_ascension_mode":true,"campfire_choices":[{"data":"Blood for Blood","floor":7,"key":"SMITH"},{"data":"Searing Blow","floor":10,"key":"SMITH"},{"floor":15,"key":"REST"}],"neow_cost":"","seed_source_timestamp":933084502058747,"circlet_count":0,"master_deck":["Strike_R","Strike_R","Strike_R","Strike_R","Strike_R","Defend_R","Defend_R","Defend_R","Defend_R","Bash","Ghostly Armor","Blood for Blood+1","Searing Blow+1","Carnage","Thunderclap","Barricade","Intimidate"],"relics":["Burning Blood","Dodecahedron","Turnip","Ornamental Fan","Bronze Scales","Centennial Puzzle","Lizard Tail","MawBank"],"potions_floor_usage":[6,8,22,23,23],"damage_taken":[{"damage":0,"enemies":"Small Slimes","floor":1,"turns":3},{"damage":6,"enemies":"Cultist","floor":2,"turns":4},{"damage":9,"enemies":"2 Louse","floor":3,"turns":4},{"damage":24,"enemies":"3 Sentries","floor":6,"turns":12},{"damage":33,"enemies":"Gremlin Nob","floor":8,"turns":5},{"damage":16,"enemies":"3 Sentries","floor":11,"turns":8},{"damage":3,"enemies":"Blue Slaver","floor":13,"turns":6},{"damage":3,"enemies":"Red Slaver","floor":14,"turns":5},{"damage":36,"enemies":"Slime Boss","floor":16,"turns":8},{"damage":24,"enemies":"2 Thieves","floor":18,"turns":3},{"damage":30,"enemies":"Shell Parasite","floor":21,"turns":7},{"damage":31,"enemies":"Snake Plant","floor":22,"turns":6},{"damage":70,"enemies":"Gremlin Leader","floor":23,"turns":6}],"seed_played":"-7989357136693822306","potions_obtained":[{"floor":1,"key":"Energy Potion"},{"floor":5,"key":"AttackPotion"},{"floor":5,"key":"Weak Potion"},{"floor":6,"key":"SteroidPotion"},{"floor":14,"key":"BloodPotion"},{"floor":21,"key":"BloodPotion"}],"is_trial":false,"path_per_floor":["M","M","M","$","?","E","R","E","T","R","E","?","M","M","R","B",null,"M","?","?","M","M"],"character_chosen":"IRONCLAD","items_purchased":["Blood for Blood"],"campfire_rested":1,"item_purchase_floors":[4],"current_hp_per_floor":[80,80,77,77,77,59,59,32,32,32,22,22,25,28,52,22,80,62,62,62,38,21,0],"gold":293,"neow_bonus":"","is_prod":false,"is_daily":false,"chose_seed":false,"campfire_upgraded":2,"win_rate":0,"timestamp":1533134884,"path_taken":["M","M","M","$","?","E","R","E","T","R","E","?","M","M","R","BOSS","M","?","?","?","M","E"],"build_version":"2018-07-26","purchased_purges":0,"victory":false,"max_hp_per_floor":[80,80,80,80,80,80,80,80,80,80,80,80,80,80,80,80,80,80,80,80,80,80,80],"card_choices":[{"not_picked":["Entrench","Shrug It Off","Clothesline"],"picked":"SKIP","floor":1},{"not_picked":["Hemokinesis","Warcry","Armaments"],"picked":"SKIP","floor":2},{"not_picked":["Armaments","Havoc"],"picked":"Ghostly Armor","floor":3},{"not_picked":["Twin Strike","Combust"],"picked":"Searing Blow","floor":6},{"not_picked":["Heavy Blade","Body Slam","Entrench"],"picked":"SKIP","floor":8},{"not_picked":["Sentinel","Rupture","Heavy Blade"],"picked":"SKIP","floor":11},{"not_picked":["Ghostly Armor","Havoc"],"picked":"Carnage","floor":13},{"not_picked":["Body Slam","Impervious"],"picked":"Thunderclap","floor":14},{"not_picked":["Reaper","Immolate"],"picked":"Barricade","floor":16},{"not_picked":["Iron Wave","Havoc"],"picked":"Intimidate","floor":18},{"not_picked":["Hemokinesis","Burning Pact","Second Wind"],"picked":"SKIP","floor":21},{"not_picked":["Wild Strike+1","Infernal Blade","Cleave"],"picked":"SKIP","floor":22}],"player_experience":454565,"relics_obtained":[{"floor":6,"key":"Dodecahedron"},{"floor":8,"key":"Turnip"},{"floor":9,"key":"Ornamental Fan"},{"floor":11,"key":"Bronze Scales"}],"event_choices":[{"event_name":"The Lab","player_choice":"Got Potions","floor":5,"damage_taken":0},{"event_name":"Dead Adventurer","player_choice":"Searched \u00271\u0027 times","floor":12,"damage_taken":0},{"event_name":"Ghosts","player_choice":"Ignored","floor":19,"damage_taken":0},{"event_name":"Addict","player_choice":"Obtained Relic","floor":20,"damage_taken":0}],"is_beta":false,"boss_relics":[{"not_picked":["Snecko Eye","Velvet Choker"],"picked":"Lizard Tail"}],"items_purged_floors":[],"is_endless":false,"potions_floor_spawned":[1,6,14,21],"killed_by":"Gremlin Leader","ascension_level":3}