{"gold_per_floor":[117,82,93,93,93,120,120,140,140,172,172,182,182],"floor_reached":13,"playtime":519,"items_purged":[],"score":132,"play_id":"4891cb98-50e7-48da-8ed0-8c42adcc3b86","local_time":"20180801163107","is_ascension_mode":true,"campfire_choices":[{"data":"Rampage","floor":7,"key":"SMITH"}],"neow_cost":"FIFTY_PERCENT_DAMAGE","seed_source_timestamp":932555216746380,"circlet_count":0,"master_deck":["Strike_R","Strike_R","Strike_R","Strike_R","Defend_R","Defend_R","Defend_R","Defend_R","Bash","Ghostly Armor","Disarm","Rampage+1","Inflame","Carnage"],"relics":["Burning Blood","Blue Candle","Art of War","Potion Belt","Du-Vu Doll"],"potions_floor_usage":[10,12,12],"damage_taken":[{"damage":8,"enemies":"Jaw Worm","floor":1,"turns":5},{"damage":10,"enemies":"Small Slimes","floor":3,"turns":4},{"damage":34,"enemies":"3 Sentries","floor":6,"turns":13},{"damage":3,"enemies":"2 Louse","floor":8,"turns":4},{"damage":24,"enemies":"Gremlin Nob","floor":10,"turns":4},{"damage":2,"enemies":"Large Slime","floor":12,"turns":6},{"damage":17,"enemies":"3 Sentries","floor":13,"turns":2}],"seed_played":"2289027645485907893","potions_obtained":[{"floor":1,"key":"Weak Potion"},{"floor":3,"key":"SpeedPotion"},{"floor":10,"key":"Fire Potion"}],"is_trial":false,"path_per_floor":["M","?","M","?","?","E","R","M","T","E","?","M"],"character_chosen":"IRONCLAD","items_purchased":[],"campfire_rested":0,"item_purchase_floors":[],"current_hp_per_floor":[46,70,66,54,54,26,26,29,29,11,11,15,0],"gold":182,"neow_bonus":"TWENTY_PERCENT_HP_BONUS","is_prod":false,"is_daily":false,"chose_seed":false,"campfire_upgraded":1,"win_rate":0,"timestamp":1533133867,"path_taken":["M","?","M","?","?","E","R","?","T","E","?","M","E"],"build_version":"2018-07-26","purchased_purges":0,"victory":false,"max_hp_per_floor":[96,96,96,96,96,96,96,96,96,96,96,96,96],"card_choices":[{"not_picked":["Shrug It Off","Rage"],"picked":"Ghostly Armor","floor":1},{"not_picked":["Anger","Sentinel"],"picked":"Disarm","floor":3},{"not_picked":["Second Wind","Evolve"],"picked":"Rampage","floor":6},{"not_picked":["Flex","Anger"],"picked":"Inflame","floor":8},{"not_picked":["Body Slam","Pommel Strike"],"picked":"Carnage","floor":10},{"not_picked":["Warcry","Flex","Bloodletting"],"picked":"SKIP","floor":12}],"player_experience":454046,"relics_obtained":[{"floor":6,"key":"Art of War"},{"floor":9,"key":"Potion Belt"},{"floor":10,"key":"Du-Vu Doll"}],"event_choices":[{"event_name":"The Cleric","player_choice":"Healed","floor":2,"damage_taken":0},{"event_name":"Scrap Ooze","player_choice":"success","floor":4,"damage_taken":12},{"event_name":"Liars Game","player_choice":"disagreed","floor":5,"damage_taken":0},{"event_name":"Bonfire Elementals","player_choice":"BASIC","floor":11,"damage_taken":0}],"is_beta":false,"boss_relics":[],"items_purged_floors":[],"is_endless":false,"potions_floor_spawned":[1,3,10],"killed_by":"3 Sentries","ascension_level":3}