{"gold_per_floor":[115,46,61,61,61,61,100,100,100,100,125,50,93,111,111,240,240,195,18,18,0,0,0,0,0,0,0,0,0,0,0,0,0,0,0,0,0,0,0,0,0,0,0,0,0,0,0,0,0,0],"floor_reached":51,"playtime":1965,"items_purged":["Strike_B","Strike_B"],"score":1364,"play_id":"32da7bec-c27e-4947-839e-11e508335757","local_time":"20190103174905","is_ascension_mode":true,"campfire_choices":[{"data":"Defragment","floor":6,"key":"SMITH"},{"data":"Zap","floor":10,"key":"SMITH"},{"data":"Capacitor","floor":15,"key":"SMITH"},{"data":"Self Repair","floor":28,"key":"SMITH"},{"data":"Dualcast","floor":30,"key":"SMITH"},{"floor":32,"key":"REST"},{"data":"Creative AI","floor":40,"key":"SMITH"},{"data":"Glacier","floor":42,"key":"SMITH"},{"data":"Skim","floor":49,"key":"SMITH"}],"neow_cost":"PERCENT_DAMAGE","seed_source_timestamp":1228697945840829,"circlet_count":0,"master_deck":["Defend_B","Defend_B","Zap+1","Dualcast+1","Electrodynamics","Skim+1","Glacier+1","Capacitor+1","Defragment+1","Cold Snap","Creative AI+1","Loop+1","Self Repair+1","Defragment+1","Storm","Amplify+1","Cold Snap+1","Coolheaded+1","Echo Form","Reboot+1","Rebound"],"relics":["Cracked Core","Golden Idol","FossilizedHelix","Cables","Juzu Bracelet","Ectoplasm","Toxic Egg 2","Anchor","DataDisk","Philosopher\u0027s Stone","PreservedInsect","Art of War","Ice Cream","Singing Bowl"],"potions_floor_usage":[7,16,18,31,50],"damage_taken":[{"damage":9,"enemies":"Small Slimes","floor":1,"turns":2},{"damage":1,"enemies":"Jaw Worm","floor":3,"turns":7},{"damage":11,"enemies":"3 Sentries","floor":7,"turns":3},{"damage":0,"enemies":"Cultist","floor":11,"turns":3},{"damage":10,"enemies":"Gremlin Nob","floor":13,"turns":4},{"damage":0,"enemies":"Red Slaver","floor":14,"turns":3},{"damage":0,"enemies":"Slime Boss","floor":16,"turns":9},{"damage":14,"enemies":"2 Thieves","floor":18,"turns":3},{"damage":8,"enemies":"Slavers","floor":23,"turns":4},{"damage":7,"enemies":"Shell Parasite","floor":29,"turns":3},{"damage":8,"enemies":"Snake Plant","floor":31,"turns":3},{"damage":0,"enemies":"Collector","floor":33,"turns":5},{"damage":0,"enemies":"3 Shapes","floor":35,"turns":3},{"damage":0,"enemies":"Orb Walker","floor":36,"turns":3},{"damage":0,"enemies":"Writhing Mass","floor":37,"turns":4},{"damage":0,"enemies":"Maw","floor":39,"turns":4},{"damage":8,"enemies":"Nemesis","floor":41,"turns":5},{"damage":0,"enemies":"Spire Growth","floor":44,"turns":4},{"damage":0,"enemies":"Giant Head","floor":45,"turns":6},{"damage":0,"enemies":"3 Darklings","floor":48,"turns":4},{"damage":0,"enemies":"Donu and Deca","floor":50,"turns":5}],"seed_played":"7535146499264589734","potions_obtained":[{"floor":1,"key":"Fire Potion"},{"floor":3,"key":"EssenceOfSteel"},{"floor":8,"key":"GamblersBrew"},{"floor":8,"key":"LiquidBronze"},{"floor":13,"key":"PowerPotion"},{"floor":18,"key":"SteroidPotion"},{"floor":29,"key":"AttackPotion"},{"floor":37,"key":"Dexterity Potion"}],"is_trial":false,"path_per_floor":["M","$","M","?","?","R","E","?","T","R","M","$","E","M","R","B",null,"M","$","?","?","?","E","T","$","T","?","R","M","R","M","R","B",null,"M","M","M","?","M","R","E","R","T","M","E","T","?","M","R","B",null],"character_chosen":"DEFECT","items_purchased":["Capacitor","Self Repair"],"campfire_rested":1,"item_purchase_floors":[2,19],"current_hp_per_floor":[41,41,40,65,65,65,54,54,54,54,54,54,44,44,44,44,63,49,49,49,49,49,48,48,48,48,48,48,51,51,43,63,69,69,69,69,69,66,66,66,66,66,66,66,66,66,66,68,68,68],"gold":0,"neow_bonus":"TRANSFORM_TWO_CARDS","is_prod":false,"is_daily":false,"chose_seed":false,"campfire_upgraded":8,"win_rate":0,"timestamp":1546555745,"path_taken":["M","$","M","?","?","R","E","?","T","R","?","?","E","M","R","BOSS","M","$","?","?","?","E","?","?","T","?","R","M","R","M","R","BOSS","M","M","M","?","M","R","E","R","T","M","E","?","?","M","R","BOSS"],"build_version":"2019-01-02","purchased_purges":2,"victory":true,"max_hp_per_floor":[75,75,75,75,69,69,69,69,69,69,69,69,69,69,69,69,69,69,69,69,69,69,69,69,69,69,69,69,69,69,69,69,69,69,69,69,69,66,66,66,66,66,66,66,66,66,66,68,68,68],"card_choices":[{"not_picked":["Heatsinks","Gash"],"picked":"Glacier","floor":1},{"not_picked":["Cold Snap","Consume"],"picked":"Defragment","floor":3},{"not_picked":["Steam","Fusion","Genetic Algorithm"],"picked":"SKIP","floor":7},{"not_picked":["Steam","Beam Cell","Hello World"],"picked":"SKIP","floor":11},{"not_picked":["Rebound","Gash","Stack"],"picked":"SKIP","floor":13},{"not_picked":["Chaos","Hologram"],"picked":"Cold Snap","floor":14},{"not_picked":["All For One","Multi-Cast"],"picked":"Creative AI","floor":16},{"not_picked":["Cold Snap","Lockon"],"picked":"Loop+1","floor":18},{"not_picked":["Rebound+1","Hologram","Beam Cell"],"picked":"SKIP","floor":23},{"not_picked":["Cold Snap","Stack+1","Blizzard"],"picked":"SKIP","floor":29},{"not_picked":["Double Energy+1","Barrage"],"picked":"Storm","floor":31},{"not_picked":["Core Surge","Rainbow+1"],"picked":"Amplify+1","floor":33},{"not_picked":["Barrage+1","Reinforced Body+1"],"picked":"Cold Snap+1","floor":35},{"not_picked":["Double Energy+1","Chaos+1"],"picked":"Coolheaded+1","floor":36},{"not_picked":["Go for the Eyes","Sunder"],"picked":"Echo Form","floor":37},{"not_picked":["Darkness+1","Barrage","Sweeping Beam+1"],"picked":"SKIP","floor":39},{"not_picked":["Stack+1","Turbo+1","Ball Lightning"],"picked":"SKIP","floor":41},{"not_picked":["Darkness+1","Streamline+1","Ball Lightning+1"],"picked":"SKIP","floor":44},{"not_picked":["Darkness+1","Streamline+1","Ball Lightning+1"],"picked":"SKIP","floor":44},{"not_picked":["Barrage","Consume+1"],"picked":"Reboot+1","floor":45},{"not_picked":["Stack+1","Force Field+1","Leap+1"],"picked":"Singing Bowl","floor":48}],"player_experience":437713,"relics_obtained":[{"floor":7,"key":"FossilizedHelix"},{"floor":9,"key":"Cables"},{"floor":13,"key":"Juzu Bracelet"},{"floor":23,"key":"Toxic Egg 2"},{"floor":24,"key":"Anchor"},{"floor":26,"key":"DataDisk"},{"floor":41,"key":"PreservedInsect"},{"floor":43,"key":"Art of War"},{"floor":45,"key":"Ice Cream"},{"floor":46,"key":"Singing Bowl"}],"event_choices":[{"damage_healed":25,"gold_gain":0,"player_choice":"Banana","damage_taken":0,"max_hp_gain":0,"max_hp_loss":0,"event_name":"Big Fish","floor":4,"gold_loss":0},{"damage_healed":0,"gold_gain":0,"player_choice":"Lose Max HP","damage_taken":0,"relics_obtained":["Golden Idol"],"max_hp_gain":0,"max_hp_loss":6,"event_name":"Golden Idol","floor":5,"gold_loss":0},{"damage_healed":0,"gold_gain":0,"player_choice":"Got Potions","damage_taken":0,"max_hp_gain":0,"max_hp_loss":0,"event_name":"Lab","floor":8,"gold_loss":0},{"damage_healed":0,"gold_gain":0,"player_choice":"Copied","damage_taken":0,"max_hp_gain":0,"max_hp_loss":0,"event_name":"Duplicator","floor":20,"gold_loss":0,"cards_obtained":["Defragment"]},{"damage_healed":0,"gold_gain":0,"player_choice":"Paid Fearfully","damage_taken":0,"max_hp_gain":0,"max_hp_loss":0,"event_name":"Masked Bandits","floor":21,"gold_loss":18},{"damage_healed":0,"gold_gain":0,"player_choice":"Ignored","damage_taken":0,"max_hp_gain":0,"max_hp_loss":0,"event_name":"Vampires","floor":22,"gold_loss":0},{"cards_removed":["Defend_B"],"damage_healed":0,"gold_gain":0,"player_choice":"Elegance","damage_taken":0,"max_hp_gain":0,"max_hp_loss":0,"event_name":"Back to Basics","floor":27,"gold_loss":0},{"damage_healed":0,"gold_gain":0,"player_choice":"Max HP","damage_taken":0,"max_hp_gain":0,"max_hp_loss":3,"event_name":"Winding Halls","floor":38,"gold_loss":0},{"damage_healed":0,"gold_gain":0,"cards_transformed":["Defend_B"],"player_choice":"Transformed","damage_taken":0,"max_hp_gain":0,"max_hp_loss":0,"event_name":"Transmorgrifier","floor":47,"gold_loss":0,"cards_obtained":["Rebound"]}],"is_beta":true,"boss_relics":[{"not_picked":["Calling Bell","Pandora\u0027s Box"],"picked":"Ectoplasm"},{"not_picked":["Tiny House","Cursed Key"],"picked":"Philosopher\u0027s Stone"}],"items_purged_floors":[12,19],"is_endless":false,"potions_floor_spawned":[1,3,13,18,29,37,41,45],"ascension_level":9}