{"gold_per_floor":[218,218,238,238,257,257,267,267,322,337,337,363,363,377,377,478,478,491,54,34,48,64,64,75,94,94,94,94,94,129,129,129,129],"floor_reached":33,"playtime":1431,"items_purged":[],"score":269,"play_id":"c022569f-3bc5-40a4-a5c1-711092b8f912","local_time":"20190224122020","is_ascension_mode":false,"campfire_choices":[{"floor":6,"key":"RECALL"},{"data":"Uppercut","floor":8,"key":"SMITH"},{"data":"Body Slam","floor":11,"key":"SMITH"},{"floor":13,"key":"REST"},{"data":"Spot Weakness","floor":15,"key":"SMITH"},{"data":"1","floor":23,"key":"LIFT"},{"data":"2","floor":27,"key":"LIFT"},{"floor":32,"key":"REST"}],"neow_cost":"NONE","seed_source_timestamp":14212120623853,"circlet_count":0,"master_deck":["Strike_R","Strike_R","Strike_R","Strike_R","Strike_R","Defend_R","Defend_R","Defend_R","Defend_R","Bash+1","Shrug It Off","Body Slam+1","Spot Weakness+1","Uppercut+1","Shrug It Off","Headbutt","Ghostly Armor","Barricade","Armaments+1","Dropkick+1","Disarm+1"],"relics":["Black Blood","PreservedInsect","Darkstone Periapt","Girya","Bag of Preparation","Gremlin Horn","Enchiridion","Boot"],"potions_floor_usage":[16,21,22,22,30],"damage_taken":[{"damage":0,"enemies":"Small Slimes","floor":1,"turns":5},{"damage":7,"enemies":"2 Louse","floor":3,"turns":4},{"damage":0,"enemies":"Cultist","floor":5,"turns":3},{"damage":20,"enemies":"3 Louse","floor":7,"turns":4},{"damage":8,"enemies":"2 Fungi Beasts","floor":10,"turns":3},{"damage":10,"enemies":"3 Sentries","floor":12,"turns":7},{"damage":10,"enemies":"Exordium Wildlife","floor":14,"turns":6},{"damage":26,"enemies":"Slime Boss","floor":16,"turns":5},{"damage":5,"enemies":"Shell Parasite","floor":18,"turns":6},{"damage":10,"enemies":"2 Thieves","floor":20,"turns":5},{"damage":8,"enemies":"Centurion and Healer","floor":21,"turns":8},{"damage":17,"enemies":"3 Cultists","floor":22,"turns":5},{"damage":13,"enemies":"Snecko","floor":24,"turns":8},{"damage":16,"enemies":"Snake Plant","floor":25,"turns":7},{"damage":35,"enemies":"Slavers","floor":30,"turns":5},{"damage":67,"enemies":"Collector","floor":33,"turns":7}],"seed_played":"-8760908353680308309","potions_obtained":[{"floor":1,"key":"SkillPotion"},{"floor":7,"key":"GamblersBrew"},{"floor":12,"key":"Fire Potion"},{"floor":16,"key":"Fire Potion"},{"floor":20,"key":"SkillPotion"},{"floor":21,"key":"AttackPotion"},{"floor":24,"key":"Strength Potion"},{"floor":30,"key":"SteroidPotion"}],"is_trial":false,"path_per_floor":["M","?","M","?","M","R","M","R","T","M","R","E","R","M","R","B",null,"M","$","M","M","M","R","M","M","T","R","?","?","E","?","R","B"],"character_chosen":"IRONCLAD","items_purchased":["Girya","Bag of Preparation"],"campfire_rested":2,"item_purchase_floors":[19,19],"current_hp_per_floor":[80,80,79,79,80,80,66,66,66,64,64,60,80,76,76,56,80,80,80,80,80,73,73,70,64,64,64,48,74,49,34,59,0],"gold":129,"neow_bonus":"HUNDRED_GOLD","is_prod":false,"is_daily":false,"chose_seed":false,"campfire_upgraded":3,"win_rate":0,"timestamp":1551032420,"path_taken":["M","?","M","?","M","R","M","R","T","M","R","E","R","M","R","BOSS","M","$","M","M","?","R","M","M","T","R","?","?","E","?","R","BOSS"],"build_version":"2019-01-23","purchased_purges":0,"victory":false,"max_hp_per_floor":[80,80,80,80,80,80,80,80,80,80,80,80,80,80,80,80,80,80,80,80,80,80,80,80,80,80,80,80,80,80,85,85,85],"card_choices":[{"not_picked":["Searing Blow","Sever Soul"],"picked":"Shrug It Off","floor":1},{"not_picked":["Metallicize","Havoc"],"picked":"Body Slam","floor":3},{"not_picked":["Anger","Reckless Charge"],"picked":"Spot Weakness","floor":5},{"not_picked":["Combust","Warcry"],"picked":"Uppercut","floor":7},{"not_picked":["Clothesline","Second Wind"],"picked":"Shrug It Off","floor":10},{"not_picked":["Heavy Blade","Flex"],"picked":"Headbutt","floor":12},{"not_picked":["Pummel","Headbutt"],"picked":"Ghostly Armor","floor":14},{"not_picked":["Demon Form","Dark Embrace"],"picked":"Barricade","floor":16},{"not_picked":["Anger","Thunderclap"],"picked":"Armaments+1","floor":18},{"not_picked":["Rage","Power Through"],"picked":"Dropkick+1","floor":20},{"not_picked":["Perfected Strike","Twin Strike","Flame Barrier"],"picked":"SKIP","floor":21},{"not_picked":["Spot Weakness","Inflame","Clothesline+1"],"picked":"SKIP","floor":22},{"not_picked":["Pommel Strike","Exhume","Carnage"],"picked":"SKIP","floor":24},{"not_picked":["Dropkick","Power Through+1","Havoc+1"],"picked":"SKIP","floor":25},{"not_picked":["Offering","Reckless Charge"],"picked":"Disarm+1","floor":30}],"player_experience":338782,"relics_obtained":[{"floor":12,"key":"Darkstone Periapt"},{"floor":26,"key":"Gremlin Horn"},{"floor":28,"key":"Enchiridion"},{"floor":30,"key":"Boot"}],"event_choices":[{"damage_healed":0,"gold_gain":0,"player_choice":"Grow","damage_taken":0,"max_hp_gain":0,"max_hp_loss":0,"event_name":"Living Wall","floor":2,"gold_loss":0,"cards_upgraded":["Bash"]},{"damage_healed":0,"gold_gain":0,"player_choice":"Gave Potion","damage_taken":0,"relics_obtained":["PreservedInsect"],"max_hp_gain":0,"max_hp_loss":0,"event_name":"WeMeetAgain","floor":4,"gold_loss":0},{"damage_healed":0,"gold_gain":0,"player_choice":"Obtained Book","damage_taken":16,"max_hp_gain":0,"max_hp_loss":0,"event_name":"Cursed Tome","floor":28,"gold_loss":0},{"damage_healed":26,"gold_gain":0,"player_choice":"Heal","damage_taken":0,"max_hp_gain":0,"max_hp_loss":0,"event_name":"The Library","floor":29,"gold_loss":0},{"damage_healed":0,"gold_gain":0,"player_choice":"Shed Blood","damage_taken":20,"max_hp_gain":5,"max_hp_loss":0,"event_name":"Forgotten Altar","floor":31,"gold_loss":0}],"is_beta":false,"boss_relics":[{"not_picked":["Astrolabe","Runic Dome"],"picked":"Black Blood"}],"items_purged_floors":[],"is_endless":false,"potions_floor_spawned":[1,7,12,16,20,21,24,30],"killed_by":"Collector","ascension_level":0}