{"gold_per_floor":[118,133,133,46,65,65,90,90,90,90,54,85,85,105,105,202,202,217,217,72,87,37,69,85,101,126,126,159,176,206,219,219,314,314,329,329,342,111,111,111,128,228,228,228,138,138,138,158,158,158],"floor_reached":50,"playtime":2450,"items_purged":["Regret"],"score":733,"play_id":"8e2d88a4-17bb-45b4-bf7f-be91a6d468ba","local_time":"20190225103939","is_ascension_mode":false,"campfire_choices":[{"data":"Dualcast","floor":6,"key":"SMITH"},{"data":"Redo","floor":8,"key":"SMITH"},{"floor":10,"key":"REST"},{"data":"Auto Shields","floor":15,"key":"SMITH"},{"data":"Double Energy","floor":27,"key":"SMITH"},{"floor":32,"key":"REST"},{"floor":40,"key":"REST"},{"floor":44,"key":"REST"},{"data":"Scrape","floor":47,"key":"SMITH"},{"floor":49,"key":"REST"}],"neow_cost":"NONE","seed_source_timestamp":0,"circlet_count":0,"master_deck":["Strike_B","Strike_B","Strike_B","Strike_B","Defend_B","Defend_B","Defend_B","Defend_B+1","Zap+1","Dualcast+1","FTL","Redo+1","Auto Shields+1","Steam+1","All For One","Glacier+1","Go for the Eyes","Electrodynamics","Streamline+1","Self Repair","Scrape+1","Stack","Static Discharge+1","Double Energy+1","Gash","Coolheaded+1","Biased Cognition","Ball Lightning","Gash","All For One","Doubt","Blizzard+1","Madness","Madness","Cold Snap","Darkness+1"],"special_seed":0,"relics":["Cracked Core","Bag of Preparation","Mummified Hand","Question Card","Regal Pillow","Sozu","MutagenicStrength","Matryoshka","Centennial Puzzle","Bag of Marbles","War Paint","Pen Nib","Calling Bell","Boot","Blue Candle","StoneCalendar","Happy Flower","Mango","Juzu Bracelet","Ornamental Fan"],"potions_floor_usage":[12,12,23,30],"damage_taken":[{"damage":0,"enemies":"Small Slimes","floor":1,"turns":3},{"damage":0,"enemies":"2 Louse","floor":2,"turns":3},{"damage":6,"enemies":"Jaw Worm","floor":5,"turns":3},{"damage":14,"enemies":"3 Sentries","floor":7,"turns":7},{"damage":8,"enemies":"Lagavulin","floor":12,"turns":4},{"damage":0,"enemies":"Looter","floor":14,"turns":3},{"damage":30,"enemies":"Hexaghost","floor":16,"turns":12},{"damage":1,"enemies":"Chosen","floor":18,"turns":3},{"damage":0,"enemies":"3 Byrds","floor":21,"turns":2},{"damage":2,"enemies":"Slavers","floor":23,"turns":5},{"damage":4,"enemies":"Centurion and Healer","floor":24,"turns":5},{"damage":5,"enemies":"Cultist and Chosen","floor":25,"turns":5},{"damage":0,"enemies":"Gremlin Leader","floor":28,"turns":4},{"damage":0,"enemies":"Snake Plant","floor":29,"turns":1},{"damage":12,"enemies":"Slavers","floor":30,"turns":2},{"damage":0,"enemies":"Centurion and Healer","floor":31,"turns":2},{"damage":38,"enemies":"Automaton","floor":33,"turns":7},{"damage":0,"enemies":"3 Shapes","floor":35,"turns":2},{"damage":3,"enemies":"Orb Walker","floor":37,"turns":3},{"damage":16,"enemies":"4 Shapes","floor":41,"turns":2},{"damage":24,"enemies":"Mind Bloom Boss Battle","floor":42,"turns":6},{"damage":18,"enemies":"Maw","floor":48,"turns":6},{"damage":99,"enemies":"Time Eater","floor":50,"turns":10}],"seed_played":"6109955841365584656","potions_obtained":[{"floor":2,"key":"Poison Potion"},{"floor":5,"key":"Poison Potion"},{"floor":12,"key":"FearPotion"},{"floor":14,"key":"Energy Potion"}],"is_trial":false,"path_per_floor":["M","M","?","$","M","R","E","R","T","R","?","E","?","M","R","B",null,"M","?","$","M","?","E","M","M","T","R","E","M","E","M","R","B",null,"M","?","M","$","?","R","M","?","T","R","?","?","R","M","R","B"],"character_chosen":"DEFECT","items_purchased":["Redo","Auto Shields","Self Repair","Scrape","Happy Flower"],"campfire_rested":5,"item_purchase_floors":[4,4,20,20,38],"current_hp_per_floor":[75,75,75,75,69,69,55,55,55,75,75,67,72,72,72,42,80,79,79,79,79,79,80,80,80,80,80,80,80,68,68,80,49,80,80,70,74,74,66,80,71,68,68,94,94,94,94,83,94,0],"gold":158,"neow_bonus":"RANDOM_COMMON_RELIC","is_prod":false,"is_daily":false,"chose_seed":false,"campfire_upgraded":5,"win_rate":0,"timestamp":1551112779,"path_taken":["M","M","?","$","M","R","E","R","T","R","?","E","?","M","R","BOSS","M","?","$","M","?","E","M","?","T","R","E","M","E","M","R","BOSS","M","?","M","$","?","R","?","?","T","R","?","?","R","M","R","BOSS"],"build_version":"2019-01-23","purchased_purges":1,"victory":false,"max_hp_per_floor":[75,75,75,75,75,75,75,75,75,75,75,75,80,80,80,80,80,80,80,80,80,80,80,80,80,80,80,80,80,80,80,80,80,80,80,80,80,80,80,80,80,94,94,94,94,94,94,94,94,94],"card_choices":[{"not_picked":["Leap","Turbo"],"picked":"FTL","floor":1},{"not_picked":["Reprogram","Skim","Steam Power"],"picked":"SKIP","floor":2},{"not_picked":["Hello World","Reboot"],"picked":"Steam","floor":5},{"not_picked":["Core Surge","Coolheaded"],"picked":"All For One","floor":7},{"not_picked":["Compile Driver","Reprogram","Auto Shields"],"picked":"Glacier","floor":12},{"not_picked":["Sweeping Beam","Glacier","Steam Power"],"picked":"Go for the Eyes","floor":14},{"not_picked":["Core Surge","Buffer","Thunder Strike"],"picked":"Electrodynamics","floor":16},{"not_picked":["Undo","Hologram","Rebound+1"],"picked":"Streamline+1","floor":18},{"not_picked":["Rip and Tear","Reinforced Body","Fusion"],"picked":"Stack","floor":21},{"not_picked":["Redo","Core Surge","Cold Snap+1"],"picked":"Static Discharge+1","floor":23},{"not_picked":["Skim","Ball Lightning","Storm+1"],"picked":"Double Energy","floor":24},{"not_picked":["Conserve Battery","Leap","Beam Cell"],"picked":"Gash","floor":25},{"not_picked":["Capacitor","Sweeping Beam","Cold Snap"],"picked":"Coolheaded+1","floor":28},{"not_picked":["Ball Lightning","Cold Snap","Coolheaded+1"],"picked":"Biased Cognition","floor":29},{"not_picked":["Lockon","Storm","Chill"],"picked":"Ball Lightning","floor":30},{"not_picked":["Sweeping Beam","Redo","BootSequence+1"],"picked":"Gash","floor":31},{"not_picked":["Echo Form","Core Surge","Reboot"],"picked":"All For One","floor":33},{"not_picked":["Glacier+1","Reinforced Body","Consume+1"],"picked":"Blizzard+1","floor":35},{"not_picked":["Streamline","Compile Driver","Ball Lightning"],"picked":"Cold Snap","floor":37},{"not_picked":["Sunder","Sweeping Beam","Steam","Compile Driver"],"picked":"SKIP","floor":41},{"not_picked":["Barrage","Recycle+1","Hello World"],"picked":"Darkness+1","floor":42},{"not_picked":["Storm","Rebound","FTL","Coolheaded"],"picked":"SKIP","floor":48}],"player_experience":381479,"relics_obtained":[{"floor":7,"key":"Mummified Hand"},{"floor":9,"key":"Question Card"},{"floor":12,"key":"Regal Pillow"},{"floor":23,"key":"Matryoshka"},{"floor":26,"key":"Centennial Puzzle"},{"floor":26,"key":"Bag of Marbles"},{"floor":28,"key":"War Paint"},{"floor":30,"key":"Pen Nib"},{"floor":34,"key":"Boot"},{"floor":34,"key":"Blue Candle"},{"floor":34,"key":"StoneCalendar"},{"floor":42,"key":"Mango"},{"floor":43,"key":"Juzu Bracelet"},{"floor":43,"key":"Ornamental Fan"}],"event_choices":[{"damage_healed":0,"gold_gain":0,"player_choice":"Grow","damage_taken":0,"max_hp_gain":0,"max_hp_loss":0,"event_name":"Living Wall","floor":3,"gold_loss":0,"cards_upgraded":["Zap"]},{"damage_healed":0,"gold_gain":0,"player_choice":"Left Gold","damage_taken":0,"max_hp_gain":0,"max_hp_loss":0,"event_name":"World of Goop","floor":11,"gold_loss":36},{"damage_healed":0,"gold_gain":0,"player_choice":"Donut","damage_taken":0,"max_hp_gain":5,"max_hp_loss":0,"event_name":"Big Fish","floor":13,"gold_loss":0},{"damage_healed":0,"gold_gain":0,"player_choice":"Inject Mutagens","damage_taken":0,"relics_obtained":["MutagenicStrength"],"max_hp_gain":0,"max_hp_loss":0,"event_name":"Drug Dealer","floor":19,"gold_loss":0},{"damage_healed":0,"gold_gain":0,"player_choice":"Bet on Murderer","damage_taken":0,"max_hp_gain":0,"max_hp_loss":0,"event_name":"The Joust","floor":22,"gold_loss":50},{"damage_healed":0,"gold_gain":0,"player_choice":"Embrace Madness","damage_taken":10,"max_hp_gain":0,"max_hp_loss":0,"event_name":"Winding Halls","floor":36,"gold_loss":0,"cards_obtained":["Madness","Madness"]},{"damage_healed":0,"gold_gain":0,"player_choice":"Damaged","damage_taken":8,"max_hp_gain":0,"max_hp_loss":0,"event_name":"Wheel of Change","floor":39,"gold_loss":0},{"damage_healed":0,"gold_gain":0,"player_choice":"Fight","damage_taken":0,"max_hp_gain":0,"max_hp_loss":0,"event_name":"MindBloom","floor":42,"gold_loss":0},{"cards_removed":["Shame"],"damage_healed":0,"gold_gain":0,"player_choice":"Upgrade and Remove","damage_taken":0,"max_hp_gain":0,"max_hp_loss":0,"event_name":"Designer","floor":45,"gold_loss":90,"cards_upgraded":["Defend_B"]},{"damage_healed":0,"gold_gain":0,"player_choice":"Ignored","damage_taken":0,"max_hp_gain":0,"max_hp_loss":0,"event_name":"Mysterious Sphere","floor":46,"gold_loss":0}],"is_beta":false,"boss_relics":[{"not_picked":["Inserter","White Beast Statue"],"picked":"Sozu"},{"not_picked":["FrozenCore","Runic Pyramid"],"picked":"Calling Bell"}],"items_purged_floors":[38],"is_endless":false,"potions_floor_spawned":[2,5,12,14,18,23,24,28,29,37,41,42],"killed_by":"Time Eater","ascension_level":0}