{"gold_per_floor":[116,116,41,41,60,93,93,118,118,118,134,34,50,71,71,201,201,217,238,261,114,64,64,105,105,105,105,128,128,153,8,8,139,139,155,155,155],"floor_reached":37,"playtime":1822,"items_purged":["Pain","Strike_B","Defend_B"],"score":518,"play_id":"c4080c20-8cc8-4936-95e0-e0864fffef49","local_time":"20180915164127","is_ascension_mode":true,"campfire_choices":[{"data":"Zap","floor":7,"key":"SMITH"},{"data":"Dualcast","floor":10,"key":"SMITH"},{"data":"Leap","floor":15,"key":"SMITH"},{"data":"Defragment","floor":23,"key":"SMITH"},{"data":"Self Repair","floor":27,"key":"SMITH"},{"data":"Echo Form","floor":29,"key":"SMITH"},{"data":"Hologram","floor":32,"key":"SMITH"}],"neow_cost":"NONE","seed_source_timestamp":15751560246072,"circlet_count":0,"master_deck":["Strike_B","Strike_B","Strike_B","Defend_B","Defend_B","Defend_B","Zap+1","Dualcast+1","Leap+1","Gash","Ball Lightning","Self Repair+1","Echo Form+1","Tempest","Defragment+1","Gash","Beam Cell","Leap+1","Creative AI","Hologram+1"],"relics":["Cracked Core","NeowsBlessing","WarpedTongs","Golden Idol","Shuriken","Anchor","Coffee Dripper","Unceasing Top","Mummified Hand","Busted Crown"],"potions_floor_usage":[11,14,18,24,30,33,33,37],"damage_taken":[{"damage":0,"enemies":"Cultist","floor":1,"turns":1},{"damage":0,"enemies":"Small Slimes","floor":5,"turns":1},{"damage":0,"enemies":"Lagavulin","floor":6,"turns":1},{"damage":0,"enemies":"Jaw Worm","floor":8,"turns":4},{"damage":0,"enemies":"Exordium Wildlife","floor":11,"turns":2},{"damage":1,"enemies":"Exordium Thugs","floor":13,"turns":3},{"damage":0,"enemies":"Gremlin Gang","floor":14,"turns":2},{"damage":19,"enemies":"Hexaghost","floor":16,"turns":9},{"damage":2,"enemies":"3 Byrds","floor":18,"turns":3},{"damage":13,"enemies":"Shell Parasite","floor":19,"turns":4},{"damage":26,"enemies":"Chosen and Byrds","floor":20,"turns":5},{"damage":37,"enemies":"Book of Stabbing","floor":24,"turns":6},{"damage":16,"enemies":"Snake Plant","floor":28,"turns":3},{"damage":18,"enemies":"Shelled Parasite and Fungi","floor":30,"turns":4},{"damage":3,"enemies":"Champ","floor":33,"turns":8},{"damage":9,"enemies":"Orb Walker","floor":35,"turns":4},{"damage":86,"enemies":"Time Eater","floor":37,"turns":5}],"seed_played":"2138350866149738811","potions_obtained":[{"floor":1,"key":"Explosive Potion"},{"floor":5,"key":"SpeedPotion"},{"floor":13,"key":"Explosive Potion"},{"floor":16,"key":"AttackPotion"},{"floor":24,"key":"Poison Potion"},{"floor":35,"key":"Energy Potion"}],"is_trial":false,"path_per_floor":["M","?","$","?","M","E","R","M","T","R","M","$","M","M","R","B",null,"M","M","M","$","?","R","E","?","T","R","M","R","M","$","R","B",null,"M","?"],"character_chosen":"DEFECT","items_purchased":["Gash","GamblersBrew","FocusPotion"],"campfire_rested":0,"item_purchase_floors":[21,31,31],"current_hp_per_floor":[75,75,75,57,57,57,57,57,57,57,57,57,63,73,73,64,72,75,75,56,56,56,56,26,26,26,26,20,20,12,12,12,19,61,62,62,0],"gold":155,"neow_bonus":"THREE_ENEMY_KILL","is_prod":false,"is_daily":false,"chose_seed":false,"campfire_upgraded":7,"win_rate":0,"timestamp":1537044087,"path_taken":["M","?","$","?","M","E","R","?","T","R","?","$","M","M","R","BOSS","M","M","M","$","?","R","E","?","T","R","M","R","?","?","R","BOSS","M","?","BOSS"],"build_version":"2018-09-12","purchased_purges":3,"victory":false,"max_hp_per_floor":[75,75,75,75,75,75,75,75,75,75,75,75,75,75,75,75,75,75,75,75,75,75,75,75,75,75,75,75,75,75,75,75,75,75,75,75,75],"card_choices":[{"not_picked":["Reinforced Body","Scrape"],"picked":"Leap","floor":1},{"not_picked":["Undo","Scrape","Chaos"],"picked":"SKIP","floor":5},{"not_picked":["Lockon","Steam Power"],"picked":"Gash","floor":6},{"not_picked":["Force Field","Aggregate"],"picked":"Ball Lightning","floor":8},{"not_picked":["Steam","Ball Lightning"],"picked":"Self Repair","floor":11},{"not_picked":["Heatsinks","Streamline"],"picked":"Echo Form","floor":13},{"not_picked":["Chill","Ball Lightning"],"picked":"Tempest","floor":14},{"not_picked":["Force Field","Stack","Compile Driver"],"picked":"SKIP","floor":18},{"not_picked":["Chaos+1","Recycle","Cold Snap"],"picked":"SKIP","floor":19},{"not_picked":["Redo+1","Self Repair"],"picked":"Defragment","floor":20},{"not_picked":["Chill","Heatsinks"],"picked":"Beam Cell","floor":24},{"not_picked":["Melter","Glacier+1"],"picked":"Creative AI","floor":28},{"not_picked":["Beam Cell","BootSequence"],"picked":"Hologram","floor":30},{"not_picked":["Rip and Tear+1"],"picked":"SKIP","floor":35}],"player_experience":291728,"relics_obtained":[{"floor":6,"key":"Shuriken"},{"floor":9,"key":"Anchor"},{"floor":24,"key":"Unceasing Top"},{"floor":26,"key":"Mummified Hand"}],"event_choices":[{"event_name":"Accursed Blacksmith","player_choice":"Rummage","floor":2,"damage_taken":0},{"event_name":"Golden Idol","player_choice":"Take Damage","floor":4,"damage_taken":0},{"event_name":"The Joust","player_choice":"Bet on Owner","floor":22,"damage_taken":0},{"event_name":"Duplicator","player_choice":"One dupe","floor":25,"damage_taken":0},{"event_name":"SecretPortal","player_choice":"Took Portal.","floor":36,"damage_taken":0}],"is_beta":true,"boss_relics":[{"not_picked":["Eternal Feather","Pandora\u0027s Box"],"picked":"Coffee Dripper"},{"not_picked":["Nuclear Battery","FrozenCore"],"picked":"Busted Crown"}],"items_purged_floors":[3,12,21],"is_endless":false,"potions_floor_spawned":[1,5,13,16,24,35],"killed_by":"Time Eater","ascension_level":5}