{"gold_per_floor":[111,111,127,141,141,141,154,154,154,166,166,180,214,226,226,327,327,338,348,348,64,64,80,80,96,96,21,38,38,38,52,52,150,150,166,266,266,33,45,45,45,56,56,70,70,70],"floor_reached":46,"playtime":2601,"items_purged":[],"score":524,"play_id":"dd47a2a4-02f7-42b3-be0a-6e504b5f475b","local_time":"20190211230934","is_ascension_mode":false,"campfire_choices":[{"data":"Redo","floor":6,"key":"SMITH"},{"floor":11,"key":"REST"},{"floor":15,"key":"REST"},{"floor":24,"key":"REST"},{"floor":30,"key":"REST"},{"floor":32,"key":"REST"},{"floor":40,"key":"REST"},{"floor":45,"key":"REST"}],"neow_cost":"NONE","seed_source_timestamp":47195246715052,"circlet_count":0,"master_deck":["Strike_B+1","Strike_B+1","Defend_B+1","Defend_B","Zap","Dualcast","Conserve Battery","Scrape","Redo+1","Gash+1","Ball Lightning","Gash","Buffer","Redo+1","Redo+1","Sunder","Chaos+1","Redo+1","Compile Driver","Redo+1","Auto Shields+1","Multi-Cast+1","BootSequence+1","Barrage","Deep Breath+1","Gash","Gash+1","White Noise+1","Double Energy+1","Gash+1"],"relics":["Cracked Core","Whetstone","Toxic Egg 2","Fusion Hammer","Runic Capacitor","Juzu Bracelet","Inserter","Mango","DollysMirror","Emotion Chip"],"potions_floor_usage":[13,28,31,33,33,42,46],"damage_taken":[{"damage":1,"enemies":"Cultist","floor":1,"turns":4},{"damage":0,"enemies":"Small Slimes","floor":3,"turns":3},{"damage":1,"enemies":"Jaw Worm","floor":4,"turns":3},{"damage":4,"enemies":"3 Louse","floor":7,"turns":3},{"damage":7,"enemies":"2 Fungi Beasts","floor":10,"turns":3},{"damage":0,"enemies":"Large Slime","floor":12,"turns":4},{"damage":0,"enemies":"Gremlin Nob","floor":13,"turns":3},{"damage":10,"enemies":"Looter","floor":14,"turns":2},{"damage":37,"enemies":"Hexaghost","floor":16,"turns":7},{"damage":5,"enemies":"Shell Parasite","floor":18,"turns":4},{"damage":17,"enemies":"Spheric Guardian","floor":19,"turns":4},{"damage":0,"enemies":"Snecko","floor":23,"turns":4},{"damage":14,"enemies":"Snake Plant","floor":25,"turns":3},{"damage":12,"enemies":"Centurion and Healer","floor":28,"turns":4},{"damage":16,"enemies":"3 Cultists","floor":31,"turns":5},{"damage":68,"enemies":"Collector","floor":33,"turns":9},{"damage":15,"enemies":"Orb Walker","floor":35,"turns":4},{"damage":0,"enemies":"Mind Bloom Boss Battle","floor":36,"turns":9},{"damage":0,"enemies":"3 Shapes","floor":39,"turns":3},{"damage":52,"enemies":"Writhing Mass","floor":42,"turns":7},{"damage":28,"enemies":"Maw","floor":44,"turns":8},{"damage":44,"enemies":"Giant Head","floor":46,"turns":6}],"seed_played":"-2445049357194070779","potions_obtained":[{"floor":4,"key":"Poison Potion"},{"floor":7,"key":"FocusPotion"},{"floor":12,"key":"Dexterity Potion"},{"floor":16,"key":"Weak Potion"},{"floor":23,"key":"Swift Potion"},{"floor":31,"key":"AttackPotion"},{"floor":33,"key":"SteroidPotion"},{"floor":39,"key":"Block Potion"},{"floor":44,"key":"PowerPotion"}],"is_trial":false,"path_per_floor":["M","?","M","M","$","R","M","?","T","M","R","M","E","M","R","B",null,"M","M","?","$","?","M","R","M","T","?","M","?","R","M","R","B",null,"M","?","?","$","M","R","?","M","T","M","R","E"],"character_chosen":"DEFECT","items_purchased":["Runic Capacitor","Chaos+1","Gash","DollysMirror"],"campfire_rested":7,"item_purchase_floors":[21,21,38,38],"current_hp_per_floor":[74,67,67,66,66,66,62,47,47,40,62,62,62,52,74,37,75,70,53,39,39,39,39,63,49,49,49,37,37,61,45,69,1,80,65,79,79,79,79,94,94,42,42,14,42,0],"gold":70,"neow_bonus":"TRANSFORM_CARD","is_prod":false,"is_daily":false,"chose_seed":false,"campfire_upgraded":1,"win_rate":0.0,"timestamp":1549948174,"path_taken":["M","?","M","M","$","R","M","?","T","M","R","M","E","M","R","BOSS","M","M","?","$","?","M","R","M","T","?","M","?","R","M","R","BOSS","M","?","?","$","M","R","?","M","T","M","R","E"],"build_version":"2019-01-23","purchased_purges":0,"victory":false,"max_hp_per_floor":[75,75,75,75,75,75,75,75,75,75,75,75,75,75,75,75,75,75,75,80,80,80,80,80,80,80,80,80,80,80,80,80,80,80,80,94,94,94,94,94,94,94,94,94,94,94],"card_choices":[{"not_picked":["Hologram","Turbo"],"picked":"Scrape","floor":1},{"not_picked":["Force Field","Compile Driver","Turbo"],"picked":"SKIP","floor":3},{"not_picked":["Barrage","Conserve Battery"],"picked":"Redo","floor":4},{"not_picked":["Sweeping Beam","Aggregate"],"picked":"Gash","floor":7},{"not_picked":["Biased Cognition","Rip and Tear"],"picked":"Ball Lightning","floor":10},{"not_picked":["Rebound","Leap"],"picked":"Gash","floor":12},{"not_picked":["Defragment","Hologram"],"picked":"Buffer","floor":13},{"not_picked":["Chill+1","Leap+1"],"picked":"Redo+1","floor":14},{"not_picked":["Genetic Algorithm+1","Barrage"],"picked":"Redo+1","floor":18},{"not_picked":["Steam Power+1","Defragment"],"picked":"Sunder","floor":19},{"not_picked":["Genetic Algorithm+1","Rebound"],"picked":"Redo+1","floor":23},{"not_picked":["Rebound","Coolheaded+1"],"picked":"Compile Driver","floor":25},{"not_picked":["Scrape+1","Conserve Battery+1"],"picked":"Redo+1","floor":28},{"not_picked":["Melter","Go for the Eyes+1"],"picked":"Auto Shields+1","floor":31},{"not_picked":["Rainbow+1","Creative AI"],"picked":"Multi-Cast+1","floor":33},{"not_picked":["Go for the Eyes","Sweeping Beam+1"],"picked":"BootSequence+1","floor":35},{"not_picked":["Doom and Gloom+1","Steam Power+1"],"picked":"Barrage","floor":36},{"not_picked":["HandOfGreed","Mind Blast"],"picked":"Deep Breath+1","floor":37},{"not_picked":["Gash","Sunder"],"picked":"White Noise+1","floor":39},{"not_picked":["Coolheaded+1","Redo+1"],"picked":"Double Energy+1","floor":42},{"not_picked":["Sweeping Beam","Ball Lightning+1"],"picked":"Gash+1","floor":44}],"player_experience":67302,"relics_obtained":[{"floor":9,"key":"Whetstone"},{"floor":13,"key":"Toxic Egg 2"},{"floor":26,"key":"Juzu Bracelet"},{"floor":36,"key":"Mango"},{"floor":43,"key":"Emotion Chip"}],"event_choices":[{"cards_removed":["Strike_B"],"damage_healed":0,"gold_gain":0,"player_choice":"Card Removal","damage_taken":7,"max_hp_gain":0,"max_hp_loss":0,"event_name":"Golden Wing","floor":2,"gold_loss":0},{"damage_healed":0,"gold_gain":0,"player_choice":"Entered Light","damage_taken":15,"max_hp_gain":0,"max_hp_loss":0,"event_name":"Shining Light","floor":8,"gold_loss":0,"cards_upgraded":["Strike_B","Defend_B"]},{"damage_healed":0,"gold_gain":0,"player_choice":"Shed Blood","damage_taken":19,"max_hp_gain":5,"max_hp_loss":0,"event_name":"Forgotten Altar","floor":20,"gold_loss":0},{"damage_healed":0,"gold_gain":0,"player_choice":"Ignored","damage_taken":0,"max_hp_gain":0,"max_hp_loss":0,"event_name":"The Mausoleum","floor":22,"gold_loss":0},{"cards_removed":["Defend_B"],"damage_healed":0,"gold_gain":0,"player_choice":"Gave Gold","damage_taken":0,"max_hp_gain":0,"max_hp_loss":0,"event_name":"Beggar","floor":27,"gold_loss":75},{"damage_healed":0,"gold_gain":0,"player_choice":"Ignored","damage_taken":0,"max_hp_gain":0,"max_hp_loss":0,"event_name":"Ghosts","floor":29,"gold_loss":0},{"damage_healed":0,"gold_gain":0,"player_choice":"Fight","damage_taken":0,"max_hp_gain":0,"max_hp_loss":0,"event_name":"MindBloom","floor":36,"gold_loss":0},{"damage_healed":0,"gold_gain":0,"player_choice":"Memory 1","damage_taken":0,"max_hp_gain":0,"max_hp_loss":0,"event_name":"SensoryStone","floor":37,"gold_loss":0},{"cards_removed":["Defend_B"],"damage_healed":0,"gold_gain":0,"player_choice":"Purged","damage_taken":0,"max_hp_gain":0,"max_hp_loss":0,"event_name":"Purifier","floor":41,"gold_loss":0}],"is_beta":false,"boss_relics":[{"not_picked":["Runic Pyramid","Velvet Choker"],"picked":"Fusion Hammer"},{"not_picked":["Philosopher\u0027s Stone","FrozenCore"],"picked":"Inserter"}],"items_purged_floors":[],"is_endless":false,"potions_floor_spawned":[4,7,12,16,23,31,33,39,44],"killed_by":"Giant Head","ascension_level":0}