{"path_per_floor":["M","?","M","$","M","E","R","M","T","$","R","M","R","M","R","B",null,"M","?","M","?","T","R","E","R","T","?","E","M","?","M","R"],"character_chosen":"THE_SILENT","items_purchased":["Apotheosis"],"gold_per_floor":[18,193,207,132,142,167,167,184,208,30,30,40,40,54,54,152,152,132,132,142,142,142,142,174,174,174,99,128,138,53,68,68,68],"floor_reached":33,"campfire_rested":5,"playtime":1922,"current_hp_per_floor":[70,70,70,70,66,21,42,36,36,36,36,34,55,51,51,42,70,63,63,62,62,62,70,57,70,70,70,5,5,5,5,26,0],"items_purged":["Doubt"],"gold":68,"score":285,"play_id":"2e8ee3fe-a5cd-405f-9232-aeafd6e10c4d","local_time":"20180417195513","is_prod":false,"is_daily":false,"chose_seed":false,"is_ascension_mode":false,"campfire_upgraded":2,"timestamp":1524009313,"path_taken":["M","?","M","$","?","E","R","?","T","$","R","M","R","M","R","BOSS","M","?","M","?","?","R","E","R","T","?","E","?","?","M","R","BOSS"],"build_version":"2018-04-12","seed_source_timestamp":13248888078722,"purchased_purges":1,"victory":false,"master_deck":["Defend_G","Defend_G","Defend_G","Strike_G","Strike_G","Strike_G","Strike_G","Survivor","Neutralize","Calculated Gamble+1","Leg Sweep","Endless Agony","Infinite Blades","Apotheosis+1","Caltrops","Blur","Tactician","Reflex","Footwork+1","Backflip","Adrenaline","Prepared","Backstab+1","Footwork+1"],"max_hp_per_floor":[70,70,70,70,70,70,70,70,70,70,70,70,70,70,70,70,70,70,70,70,70,70,70,70,70,70,70,70,70,70,70,70,70],"relics":["Ring of the Snake","Sundial","Anchor","Runic Dome","Dodecahedron","Frozen Egg 2","Molten Egg 2","Centennial Puzzle","Ornamental Fan"],"card_choices":[{"not_picked":["Infinite Blades","Deflect"],"picked":"Calculated Gamble","floor":1},{"not_picked":["Dodge and Roll","Deadly Poison"],"picked":"Leg Sweep","floor":3},{"not_picked":["Deflect","Slice"],"picked":"Endless Agony","floor":5},{"not_picked":["Catalyst","Deadly Poison"],"picked":"Infinite Blades","floor":8},{"not_picked":["Burst","Eviscerate"],"picked":"Caltrops","floor":12},{"not_picked":["Leg Sweep","Outmaneuver"],"picked":"Blur","floor":14},{"not_picked":["Die Die Die","Corpse Explosion"],"picked":"Tactician","floor":16},{"not_picked":["Flying Knee","Bane"],"picked":"Reflex","floor":18},{"not_picked":["Dagger Throw","Dash"],"picked":"Footwork","floor":20},{"not_picked":["Prepared","PiercingWail"],"picked":"Adrenaline","floor":24},{"not_picked":["Corpse Explosion","Sucker Punch"],"picked":"Prepared","floor":28},{"not_picked":["Bane","Poisoned Stab"],"picked":"Backstab","floor":29},{"not_picked":["Deflect","Well Laid Plans"],"picked":"Footwork","floor":31}],"player_experience":195556,"potions_floor_usage":[20,29,33],"damage_taken":[{"damage":0,"enemies":"2 Louse","floor":1,"turns":3},{"damage":0,"enemies":"Small Slimes","floor":3,"turns":4},{"damage":4,"enemies":"Cultist","floor":5,"turns":6},{"damage":45,"enemies":"Gremlin Nob","floor":6,"turns":7},{"damage":6,"enemies":"Lots of Slimes","floor":8,"turns":7},{"damage":2,"enemies":"2 Fungi Beasts","floor":12,"turns":5},{"damage":4,"enemies":"Large Slime","floor":14,"turns":6},{"damage":9,"enemies":"Hexaghost","floor":16,"turns":10},{"damage":7,"enemies":"2 Thieves","floor":18,"turns":4},{"damage":1,"enemies":"3 Byrds","floor":20,"turns":4},{"damage":13,"enemies":"Slavers","floor":24,"turns":8},{"damage":65,"enemies":"Gremlin Leader","floor":28,"turns":12},{"damage":0,"enemies":"Snake Plant","floor":29,"turns":4},{"damage":0,"enemies":"Sentry and Sphere","floor":31,"turns":7},{"damage":42,"enemies":"Champ","floor":33,"turns":25}],"event_choices":[{"event_name":"Liars Game","player_choice":"agreed","floor":2,"damage_taken":0},{"event_name":"Vampires","player_choice":"Ignored","floor":19,"damage_taken":0},{"event_name":"The Library","player_choice":"Read","floor":21,"damage_taken":0},{"event_name":"Beggar","player_choice":"Gave Gold","floor":27,"damage_taken":0},{"event_name":"Addict","player_choice":"Obtained Relic","floor":30,"damage_taken":0}],"boss_relics":[{"not_picked":["Calling Bell","Lizard Tail"],"picked":"Runic Dome"}],"potions_floor_spawned":[1,8,14,28],"seed_played":"-6428901215919850513","killed_by":"Champ","ascension_level":0,"is_trial":false}