{"gold_per_floor":[113,127,141,156,156,156,168,168,192,203,203,217,217,232,232,328,328,341,358,358,372,384,384,232,232,301,301,301,312,337,49,49,154,204,224,224,224,224,23,23,36,36,87,102,35,50,50,66,66,66],"floor_reached":50,"playtime":3127,"items_purged":["Defend_B","Defend_B","Defend_B"],"score":461,"play_id":"bdcf6b4b-9166-4fee-821f-99e7212e7cc6","local_time":"20180901161507","is_ascension_mode":false,"campfire_choices":[{"data":"Creative AI","floor":6,"key":"SMITH"},{"data":"Zap","floor":8,"key":"SMITH"},{"data":"Reinforced Body","floor":11,"key":"SMITH"},{"data":"Dualcast","floor":13,"key":"SMITH"},{"data":"Cold Snap","floor":15,"key":"SMITH"},{"data":"Doom and Gloom","floor":23,"key":"SMITH"},{"data":"Chill","floor":25,"key":"SMITH"},{"data":"Amplify","floor":32,"key":"SMITH"},{"data":"Storm","floor":40,"key":"SMITH"},{"data":"Electrodynamics","floor":42,"key":"SMITH"},{"data":"Defragment","floor":47,"key":"SMITH"},{"floor":49,"key":"REST"}],"neow_cost":"NONE","seed_source_timestamp":592768690023641,"circlet_count":0,"master_deck":["Strike_B+1","Strike_B","Strike_B","Strike_B","Zap+1","Dualcast+1","Creative AI+1","Compile Driver","Melter","Reinforced Body+1","Cold Snap+1","Biased Cognition","Doom and Gloom+1","Hologram+1","Darkness+1","Chill+1","Darkness+1","Amplify+1","Storm+1","Electrodynamics+1","Defragment+1","Barrage+1","Coolheaded+1","Dualcast+1","Go for the Eyes+1","Biased Cognition","Defragment+1","Hello World"],"relics":["Cracked Core","Strawberry","Nuclear Battery","Matryoshka","Ancient Tea Set","Art of War","Tiny House","StoneCalendar","Mummified Hand","Pen Nib"],"potions_floor_usage":[12,12,16,21,33,33,50,50,50],"damage_taken":[{"damage":6,"enemies":"Cultist","floor":1,"turns":4},{"damage":3,"enemies":"2 Louse","floor":2,"turns":3},{"damage":1,"enemies":"Jaw Worm","floor":3,"turns":3},{"damage":8,"enemies":"Red Slaver","floor":4,"turns":4},{"damage":6,"enemies":"2 Fungi Beasts","floor":7,"turns":3},{"damage":0,"enemies":"Exordium Wildlife","floor":10,"turns":4},{"damage":0,"enemies":"Large Slime","floor":12,"turns":5},{"damage":0,"enemies":"2 Fungi Beasts","floor":14,"turns":3},{"damage":26,"enemies":"The Guardian","floor":16,"turns":12},{"damage":16,"enemies":"Chosen","floor":18,"turns":5},{"damage":0,"enemies":"Spheric Guardian","floor":19,"turns":3},{"damage":22,"enemies":"Centurion and Healer","floor":21,"turns":4},{"damage":12,"enemies":"Snecko","floor":22,"turns":4},{"damage":14,"enemies":"Shelled Parasite and Fungi","floor":29,"turns":3},{"damage":24,"enemies":"Automaton","floor":33,"turns":6},{"damage":14,"enemies":"Orb Walker","floor":35,"turns":4},{"damage":11,"enemies":"Mind Bloom Boss Battle","floor":36,"turns":5},{"damage":0,"enemies":"3 Shapes","floor":41,"turns":3},{"damage":11,"enemies":"Spire Growth","floor":44,"turns":3},{"damage":0,"enemies":"Maw","floor":46,"turns":4},{"damage":6,"enemies":"Sphere and 2 Shapes","floor":48,"turns":3},{"damage":86,"enemies":"Awakened One","floor":50,"turns":8}],"seed_played":"-2516954329598655276","potions_obtained":[{"floor":4,"key":"Block Potion"},{"floor":5,"key":"SkillPotion"},{"floor":5,"key":"Fruit Juice"},{"floor":12,"key":"Swift Potion"},{"floor":16,"key":"FocusPotion"},{"floor":19,"key":"Weak Potion"},{"floor":21,"key":"SpeedPotion"},{"floor":34,"key":"Strength Potion"}],"is_trial":false,"path_per_floor":["M","M","M","M","?","R","M","R","T","M","R","M","R","M","R","B",null,"M","M","?","M","M","R","$","R","T","?","?","M","T","$","R","B",null,"M","?","?","?","$","R","M","R","T","M","$","M","R","M","R"],"character_chosen":"DEFECT","items_purchased":["Chill","Amplify","Storm","GamblersBrew","Defragment"],"campfire_rested":1,"item_purchase_floors":[24,31,31,39,45],"current_hp_per_floor":[69,66,65,57,57,57,51,51,58,58,58,63,63,63,63,37,87,71,71,71,49,37,37,37,37,37,66,66,52,52,52,52,28,92,78,67,67,67,67,67,67,67,67,56,56,56,56,50,77,0],"gold":66,"neow_bonus":"ONE_RANDOM_RARE_CARD","is_prod":false,"is_daily":false,"chose_seed":false,"campfire_upgraded":11,"win_rate":0.0,"timestamp":1535843707,"path_taken":["M","M","M","M","?","R","M","R","T","M","R","M","R","M","R","BOSS","M","M","?","M","M","R","$","R","T","?","?","M","?","$","R","BOSS","M","?","?","?","$","R","M","R","T","M","?","M","R","?","R","BOSS"],"build_version":"2018-08-30","purchased_purges":3,"victory":false,"max_hp_per_floor":[75,75,75,75,75,75,75,75,82,82,82,87,87,87,87,87,87,87,87,87,87,87,87,87,87,87,87,87,87,87,87,87,87,92,92,92,92,92,92,92,92,92,92,92,92,92,92,92,92,92],"card_choices":[{"not_picked":["Go for the Eyes","Gash"],"picked":"Compile Driver","floor":1},{"not_picked":["Scrape","Go for the Eyes","Streamline"],"picked":"SKIP","floor":2},{"not_picked":["BootSequence","Stack","Redo"],"picked":"SKIP","floor":3},{"not_picked":["Stack","Go for the Eyes"],"picked":"Melter","floor":4},{"not_picked":["BootSequence","Seek"],"picked":"Reinforced Body","floor":7},{"not_picked":["Go for the Eyes","Streamline","Stack"],"picked":"SKIP","floor":10},{"not_picked":["Stack","Sweeping Beam","Leap"],"picked":"SKIP","floor":12},{"not_picked":["Go for the Eyes","Stack"],"picked":"Cold Snap","floor":14},{"not_picked":["Reboot","Creative AI"],"picked":"Biased Cognition","floor":16},{"not_picked":["Steam+1","Aggregate","Streamline"],"picked":"SKIP","floor":18},{"not_picked":["Chill","Double Energy"],"picked":"Doom and Gloom","floor":19},{"not_picked":["Cold Snap","Barrage"],"picked":"Hologram+1","floor":21},{"not_picked":["Reinforced Body+1","Aggregate"],"picked":"Darkness+1","floor":22},{"not_picked":["Cold Snap","Conserve Battery"],"picked":"Darkness+1","floor":29},{"not_picked":["Reboot","Rainbow"],"picked":"Electrodynamics","floor":33},{"not_picked":["Gash","Blizzard"],"picked":"Defragment+1","floor":34},{"not_picked":["FTL","Steam+1"],"picked":"Barrage+1","floor":35},{"not_picked":["Fusion","Lockon"],"picked":"Coolheaded+1","floor":36},{"not_picked":["Streamline+1","Ball Lightning"],"picked":"Go for the Eyes+1","floor":41},{"not_picked":["Genetic Algorithm+1","Conserve Battery+1"],"picked":"Biased Cognition","floor":44},{"not_picked":["Conserve Battery","Double Energy","Beam Cell+1"],"picked":"SKIP","floor":46},{"not_picked":["Sweeping Beam+1","Barrage+1"],"picked":"Hello World","floor":48}],"player_experience":226638,"relics_obtained":[{"floor":9,"key":"Strawberry"},{"floor":26,"key":"Matryoshka"},{"floor":30,"key":"Ancient Tea Set"},{"floor":30,"key":"Art of War"},{"floor":36,"key":"StoneCalendar"},{"floor":43,"key":"Mummified Hand"},{"floor":43,"key":"Pen Nib"}],"event_choices":[{"event_name":"The Lab","player_choice":"Got Potions","floor":5,"damage_taken":0},{"event_name":"Back to Basics","player_choice":"Elegance","floor":20,"damage_taken":0},{"event_name":"The Library","player_choice":"Heal","floor":27,"damage_taken":0},{"event_name":"Cursed Tome","player_choice":"Ignored","floor":28,"damage_taken":0},{"event_name":"MindBloom","player_choice":"Fight","floor":36,"damage_taken":0},{"event_name":"Duplicator","player_choice":"One dupe","floor":37,"damage_taken":0},{"event_name":"Tomb of Lord Red Mask","player_choice":"Ignored","floor":38,"damage_taken":0}],"is_beta":false,"boss_relics":[{"not_picked":["Velvet Choker","Cursed Key"],"picked":"Nuclear Battery"},{"not_picked":["FrozenCore","Runic Pyramid"],"picked":"Tiny House"}],"items_purged_floors":[24,31,39],"is_endless":false,"potions_floor_spawned":[4,7,10,12,16,19,21,41,44,48],"killed_by":"Awakened One","ascension_level":0}