{"path_per_floor":["M","M","?","?","M","E","R","?","T","R","M","M","E","M","R"],"character_chosen":"THE_SILENT","items_purchased":[],"gold_per_floor":[213,226,226,176,191,216,216,216,216,216,233,253,279,294,294],"floor_reached":16,"campfire_rested":0,"playtime":2035,"current_hp_per_floor":[70,70,70,70,68,64,64,50,50,50,50,50,50,50,50],"items_purged":[],"gold":294,"score":137,"play_id":"ee4479d9-df91-48be-833f-3d496e93148e","is_prod":false,"is_daily":false,"is_ascension_mode":false,"campfire_upgraded":3,"path_taken":["M","M","?","?","M","E","R","?","T","R","M","M","E","?","R","BOSS"],"build_version":"2018-02-15-PROD1","purchased_purges":0,"victory":false,"master_deck":["Defend_G","Defend_G","Defend_G","Defend_G","Defend_G","Strike_G","Strike_G+1","Strike_G","Strike_G","Survivor","Neutralize+1","Well Laid Plans+1","Infinite Blades+1","Dodge and Roll+1","Eviscerate","Blur+1","Catalyst+1","Die Die Die"],"max_hp_per_floor":[70,70,70,70,70,70,70,70,70,70,70,70,70,70,70],"relics":["Ring of the Snake","Toxic Egg 2","Thread and Needle","Snake Skull"],"card_choices":[{"not_picked":["Outmaneuver","Prepared"],"picked":"Well Laid Plans"},{"not_picked":["Blur","All Out Attack"],"picked":"Infinite Blades"},{"not_picked":["Catalyst","Calculated Gamble"],"picked":"Dodge and Roll"},{"not_picked":["Infinite Blades","Slice"],"picked":"Eviscerate"},{"not_picked":["Dagger Spray","Dodge and Roll"],"picked":"Blur"},{"not_picked":["Bane","Choke"],"picked":"Catalyst"},{"not_picked":["Prepared","Escape Plan"],"picked":"Die Die Die"}],"player_experience":124243,"potions_floor_usage":[13,13,14,16],"damage_taken":[{"damage":0,"enemies":"2 Louse","floor":1,"turns":3},{"damage":0,"enemies":"Jaw Worm","floor":2,"turns":7},{"damage":2,"enemies":"Small Slimes","floor":5,"turns":4},{"damage":4,"enemies":"3 Sentries","floor":6,"turns":13},{"damage":0,"enemies":"2 Fungi Beasts","floor":11,"turns":5},{"damage":0,"enemies":"3 Louse","floor":12,"turns":7},{"damage":0,"enemies":"Lagavulin","floor":13,"turns":9},{"damage":0,"enemies":"Looter","floor":14,"turns":4},{"damage":53,"enemies":"Hexaghost","floor":16,"turns":18}],"event_choices":[{"event_name":"Liars Game","player_choice":"disagreed","floor":3,"damage_taken":0},{"event_name":"The Cleric","player_choice":"Card Removal","floor":4,"damage_taken":0},{"event_name":"Shining Light","player_choice":"Entered Light","floor":8,"damage_taken":0}],"boss_relics":[],"potions_floor_spawned":[1,6,11,13],"seed_played":"6297434942001425821","killed_by":"Hexaghost","ascension_level":0,"is_trial":false}