{"gold_per_floor":[111,111,130,148,148,148,73,85,85,101,101,1,1,11,11,11],"floor_reached":16,"playtime":697,"items_purged":["Strike_G","Strike_G"],"score":97,"play_id":"667595e5-86fe-43d6-bf06-e154b254a6a8","local_time":"20190217154254","is_ascension_mode":true,"campfire_choices":[{"data":"Survivor","floor":6,"key":"SMITH"},{"data":"Tools of the Trade","floor":11,"key":"SMITH"},{"floor":15,"key":"REST"}],"neow_cost":"NONE","seed_source_timestamp":16288186139699,"circlet_count":0,"master_deck":["Defend_G","Defend_G","Defend_G","Defend_G","Defend_G","Strike_G","Strike_G","Survivor+1","Neutralize","Flying Knee","Underhanded Strike","Blur+1","Tools of the Trade+1","PiercingWail","Quick Slash"],"relics":["Ring of the Snake","NeowsBlessing","Thread and Needle"],"potions_floor_usage":[16,16,16],"damage_taken":[{"damage":0,"enemies":"Jaw Worm","floor":1,"turns":1},{"damage":0,"enemies":"Cultist","floor":3,"turns":1},{"damage":0,"enemies":"2 Louse","floor":4,"turns":1},{"damage":5,"enemies":"Exordium Wildlife","floor":8,"turns":8},{"damage":0,"enemies":"Looter","floor":10,"turns":3},{"damage":0,"enemies":"Large Slime","floor":14,"turns":9},{"damage":80,"enemies":"Hexaghost","floor":16,"turns":18}],"seed_played":"-5396705114940447598","potions_obtained":[{"floor":3,"key":"SpeedPotion"},{"floor":10,"key":"Block Potion"},{"floor":14,"key":"AttackPotion"}],"is_trial":false,"path_per_floor":["M","?","M","M","?","R","$","M","T","M","R","$","?","M","R","B"],"character_chosen":"THE_SILENT","items_purchased":[],"campfire_rested":1,"item_purchase_floors":[],"current_hp_per_floor":[70,75,75,75,75,75,75,70,70,70,70,70,63,63,75,0],"gold":11,"neow_bonus":"THREE_ENEMY_KILL","is_prod":false,"is_daily":false,"chose_seed":false,"campfire_upgraded":2,"win_rate":0,"timestamp":1550439774,"path_taken":["M","?","M","M","?","R","?","M","T","?","R","$","?","M","R","BOSS"],"build_version":"2019-01-23","purchased_purges":2,"victory":false,"max_hp_per_floor":[70,75,75,75,75,75,75,75,75,75,75,75,75,75,75,75],"card_choices":[{"not_picked":["Bane","Bouncing Flask"],"picked":"Flying Knee","floor":1},{"not_picked":["Dagger Throw","Blade Dance"],"picked":"Underhanded Strike","floor":3},{"not_picked":["Flechettes","Quick Slash"],"picked":"Blur","floor":4},{"not_picked":["Underhanded Strike","Infinite Blades"],"picked":"Tools of the Trade","floor":8},{"not_picked":["Crippling Poison","Masterful Stab"],"picked":"PiercingWail","floor":10},{"not_picked":["Blade Dance","Well Laid Plans"],"picked":"Quick Slash","floor":14}],"player_experience":182853,"relics_obtained":[{"floor":9,"key":"Thread and Needle"}],"event_choices":[{"damage_healed":0,"gold_gain":0,"player_choice":"Donut","damage_taken":0,"max_hp_gain":5,"max_hp_loss":0,"event_name":"Big Fish","floor":2,"gold_loss":0},{"damage_healed":0,"gold_gain":0,"player_choice":"Grow","damage_taken":0,"max_hp_gain":0,"max_hp_loss":0,"event_name":"Living Wall","floor":5,"gold_loss":0,"cards_upgraded":["Blur"]},{"cards_removed":["Strike_G"],"damage_healed":0,"gold_gain":0,"player_choice":"Card Removal","damage_taken":7,"max_hp_gain":0,"max_hp_loss":0,"event_name":"Golden Wing","floor":13,"gold_loss":0}],"is_beta":false,"boss_relics":[],"items_purged_floors":[7,12],"is_endless":false,"potions_floor_spawned":[3,10,14],"killed_by":"Hexaghost","ascension_level":1}