{"gold_per_floor":[112,131,142,152,164,190,190,217,296,296,331,281,281,311,311,409,409,424,442,442,454,342,369,369,402,475,488,508,540,557,587,587,683,683,701,712,732,732,751,783,783,810,864,892,904,916,947,990,1002,1014],"floor_reached":51,"playtime":3023,"items_purged":["Strike_B"],"score":1186,"play_id":"40f4737e-2d67-4e58-b5c3-062b0c858a01","local_time":"20190109202806","is_ascension_mode":true,"campfire_choices":[{"floor":7,"key":"REST"},{"floor":10,"key":"REST"},{"data":"Defragment","floor":15,"key":"SMITH"},{"data":"Buffer","floor":24,"key":"SMITH"},{"data":"Defragment","floor":32,"key":"SMITH"},{"data":"Loop","floor":41,"key":"SMITH"},{"data":"Dualcast","floor":46,"key":"SMITH"},{"data":"Redo","floor":49,"key":"SMITH"}],"neow_cost":"NONE","seed_source_timestamp":53924634939974,"circlet_count":0,"master_deck":["Strike_B+1","Strike_B","Defend_B","Defend_B","Defend_B","Zap","Dualcast+1","Electrodynamics","Steam","Rebound+1","Loop+1","Barrage","Redo+1","Defragment+1","Glacier","Barrage+1","Core Surge+1","Hologram+1","Blizzard+1","Defragment+1","Buffer+1","BootSequence","Coolheaded","Cold Snap+1","Seek","Barrage+1","Chill+1","Mind Blast+1","Loop+1","Defragment+1","Self Repair+1","Coolheaded+1"],"relics":["Cracked Core","Whetstone","Oddly Smooth Stone","Molten Egg 2","Nunchaku","Bag of Preparation","Regal Pillow","Nuclear Battery","Dream Catcher","Boot","Meat on the Bone","Juzu Bracelet","Blue Candle","Sozu","Lantern","Ornamental Fan","MawBank","Toxic Egg 2"],"potions_floor_usage":[8,16,29,33,50,50],"damage_taken":[{"damage":4,"enemies":"Jaw Worm","floor":1,"turns":4},{"damage":1,"enemies":"2 Louse","floor":2,"turns":2},{"damage":8,"enemies":"Small Slimes","floor":3,"turns":2},{"damage":12,"enemies":"3 Louse","floor":4,"turns":3},{"damage":0,"enemies":"Large Slime","floor":5,"turns":3},{"damage":29,"enemies":"Lagavulin","floor":6,"turns":5},{"damage":18,"enemies":"Gremlin Nob","floor":8,"turns":3},{"damage":8,"enemies":"3 Sentries","floor":11,"turns":4},{"damage":1,"enemies":"Lagavulin","floor":14,"turns":9},{"damage":26,"enemies":"Hexaghost","floor":16,"turns":12},{"damage":0,"enemies":"Spheric Guardian","floor":18,"turns":3},{"damage":0,"enemies":"3 Byrds","floor":19,"turns":3},{"damage":10,"enemies":"Cultist and Chosen","floor":21,"turns":5},{"damage":6,"enemies":"Gremlin Leader","floor":23,"turns":4},{"damage":34,"enemies":"Book of Stabbing","floor":25,"turns":8},{"damage":0,"enemies":"3 Cultists","floor":27,"turns":5},{"damage":0,"enemies":"Centurion and Healer","floor":28,"turns":9},{"damage":10,"enemies":"Slavers","floor":29,"turns":6},{"damage":0,"enemies":"Snecko","floor":30,"turns":6},{"damage":16,"enemies":"Gremlin Leader","floor":31,"turns":7},{"damage":9,"enemies":"Collector","floor":33,"turns":10},{"damage":4,"enemies":"3 Darklings","floor":35,"turns":2},{"damage":0,"enemies":"Orb Walker","floor":36,"turns":4},{"damage":0,"enemies":"Spire Growth","floor":37,"turns":6},{"damage":0,"enemies":"Maw","floor":39,"turns":8},{"damage":13,"enemies":"Reptomancer","floor":40,"turns":7},{"damage":0,"enemies":"Giant Head","floor":42,"turns":14},{"damage":8,"enemies":"Jaw Worm Horde","floor":44,"turns":6},{"damage":9,"enemies":"3 Darklings","floor":47,"turns":6},{"damage":8,"enemies":"Reptomancer","floor":48,"turns":7},{"damage":0,"enemies":"Donu and Deca","floor":50,"turns":12}],"seed_played":"6827798111180916957","potions_obtained":[{"floor":2,"key":"Swift Potion"},{"floor":4,"key":"Dexterity Potion"},{"floor":5,"key":"Poison Potion"},{"floor":18,"key":"SpeedPotion"},{"floor":25,"key":"Strength Potion"},{"floor":27,"key":"SpeedPotion"},{"floor":30,"key":"FearPotion"},{"floor":33,"key":"Poison Potion"}],"is_trial":false,"path_per_floor":["M","M","M","M","M","E","R","E","T","R","E","?","?","E","R","B",null,"M","M","?","M","$","E","R","E","T","M","M","E","M","E","R","B",null,"M","M","M","?","M","E","R","E","T","M","?","R","M","E","R","B",null],"character_chosen":"DEFECT","items_purchased":["Defragment"],"campfire_rested":2,"item_purchase_floors":[22],"current_hp_per_floor":[64,63,55,43,43,14,36,18,18,40,32,32,32,31,31,5,58,58,58,58,48,48,42,42,8,8,20,32,34,46,42,42,45,68,64,64,64,64,64,51,51,51,51,43,43,43,56,58,58,68],"gold":1026,"neow_bonus":"ONE_RANDOM_RARE_CARD","is_prod":false,"is_daily":false,"chose_seed":false,"campfire_upgraded":6,"win_rate":0,"timestamp":1547062086,"path_taken":["M","M","M","M","M","E","R","E","T","R","E","?","?","E","R","BOSS","M","M","?","M","$","E","R","E","T","M","M","E","M","E","R","BOSS","M","M","M","?","M","E","R","E","T","M","?","R","M","E","R","BOSS"],"build_version":"2019-01-03v4","purchased_purges":1,"victory":true,"max_hp_per_floor":[75,75,75,75,75,75,75,75,75,75,75,75,75,75,75,75,75,75,75,75,75,75,75,75,75,75,75,75,75,75,75,75,75,75,75,75,75,75,75,75,75,75,75,75,75,75,75,75,75,75],"card_choices":[{"not_picked":["Hologram","Leap"],"picked":"Steam","floor":1},{"not_picked":["Reinforced Body","Compile Driver"],"picked":"Rebound","floor":2},{"not_picked":["Melter","Beam Cell"],"picked":"Loop","floor":3},{"not_picked":["Scrape","Gash"],"picked":"Barrage","floor":4},{"not_picked":["Leap","Skim"],"picked":"Redo","floor":5},{"not_picked":["Storm","Reinforced Body","Static Discharge"],"picked":"SKIP","floor":6},{"not_picked":["Fusion","Echo Form"],"picked":"Defragment","floor":8},{"not_picked":["Sweeping Beam+1","Redo"],"picked":"Glacier","floor":11},{"not_picked":["Cold Snap+1","Static Discharge"],"picked":"Barrage+1","floor":14},{"not_picked":["Reboot","All For One+1"],"picked":"Core Surge+1","floor":16},{"not_picked":["Stack","Compile Driver+1"],"picked":"Hologram+1","floor":18},{"not_picked":["Darkness+1","Turbo","Gash+1"],"picked":"SKIP","floor":19},{"not_picked":["Rebound+1","Hologram","Go for the Eyes+1"],"picked":"SKIP","floor":21},{"not_picked":["Gash+1","Barrage+1"],"picked":"Buffer","floor":23},{"not_picked":["Sweeping Beam+1","Hologram"],"picked":"BootSequence","floor":25},{"not_picked":["Redo","Beam Cell+1","Creative AI"],"picked":"SKIP","floor":27},{"not_picked":["Steam+1","Conserve Battery"],"picked":"Coolheaded","floor":28},{"not_picked":["Double Energy+1","Beam Cell+1"],"picked":"Cold Snap+1","floor":29},{"not_picked":["Turbo","Static Discharge","Steam Power"],"picked":"SKIP","floor":30},{"not_picked":["Cold Snap+1","Go for the Eyes+1","Leap"],"picked":"SKIP","floor":31},{"not_picked":["Creative AI","Reboot"],"picked":"Seek","floor":33},{"not_picked":["Turbo","Conserve Battery"],"picked":"Barrage+1","floor":35},{"not_picked":["Scrape+1","Gash+1","Aggregate+1"],"picked":"SKIP","floor":36},{"not_picked":["Defragment+1","Loop"],"picked":"Chill+1","floor":37},{"not_picked":["Good Instincts","Metamorphosis"],"picked":"Mind Blast+1","floor":38},{"not_picked":["Fusion+1","Leap+1"],"picked":"Loop+1","floor":39},{"not_picked":["Streamline+1","Glacier+1"],"picked":"Defragment+1","floor":40},{"not_picked":["Chaos","Stack+1","Fusion"],"picked":"SKIP","floor":42},{"not_picked":["Undo","Doom and Gloom+1"],"picked":"Self Repair+1","floor":44},{"not_picked":["Ball Lightning+1","Cold Snap+1","Steam Power"],"picked":"SKIP","floor":47},{"not_picked":["Rip and Tear+1","Turbo"],"picked":"Coolheaded+1","floor":48}],"player_experience":653558,"relics_obtained":[{"floor":6,"key":"Whetstone"},{"floor":8,"key":"Oddly Smooth Stone"},{"floor":9,"key":"Molten Egg 2"},{"floor":11,"key":"Nunchaku"},{"floor":14,"key":"Regal Pillow"},{"floor":23,"key":"Dream Catcher"},{"floor":25,"key":"Boot"},{"floor":26,"key":"Meat on the Bone"},{"floor":29,"key":"Juzu Bracelet"},{"floor":31,"key":"Blue Candle"},{"floor":40,"key":"Lantern"},{"floor":42,"key":"Ornamental Fan"},{"floor":43,"key":"MawBank"},{"floor":48,"key":"Toxic Egg 2"}],"event_choices":[{"cards_removed":["Strike_B"],"damage_healed":0,"gold_gain":0,"player_choice":"Card Removal","damage_taken":0,"max_hp_gain":0,"max_hp_loss":0,"event_name":"The Cleric","floor":12,"gold_loss":50},{"damage_healed":0,"gold_gain":0,"player_choice":"Searched \u00272\u0027 times","damage_taken":0,"relics_obtained":["Bag of Preparation"],"max_hp_gain":0,"max_hp_loss":0,"event_name":"Dead Adventurer","floor":13,"gold_loss":0},{"damage_healed":0,"gold_gain":0,"player_choice":"Read","damage_taken":0,"max_hp_gain":0,"max_hp_loss":0,"event_name":"The Library","floor":20,"gold_loss":0,"cards_obtained":["Blizzard"]},{"damage_healed":0,"gold_gain":0,"player_choice":"Memory 1","damage_taken":0,"max_hp_gain":0,"max_hp_loss":0,"event_name":"SensoryStone","floor":38,"gold_loss":0},{"cards_removed":["Defend_B"],"damage_healed":0,"gold_gain":0,"player_choice":"Removed Skill","damage_taken":0,"max_hp_gain":0,"max_hp_loss":0,"event_name":"Falling","floor":45,"gold_loss":0}],"is_beta":false,"boss_relics":[{"not_picked":["Calling Bell","Empty Cage"],"picked":"Nuclear Battery"},{"not_picked":["Pandora\u0027s Box","Tiny House"],"picked":"Sozu"}],"items_purged_floors":[22],"is_endless":false,"potions_floor_spawned":[2,4,5,18,25,27,30,33,39,42,44,48],"ascension_level":6}