{"gold_per_floor":[167,167,167,8,19,19,31,45,45,45,45,73,90,13,13,115,115,135,135,207,227,243,243,569,581,608,608,608,608,626,576,576,576],"floor_reached":33,"playtime":1678,"items_purged":["Regret"],"score":290,"play_id":"11fd2bcd-1c59-4843-b95d-03f6eb5463ad","local_time":"20190305164331","is_ascension_mode":false,"campfire_choices":[{"floor":6,"key":"RECALL"},{"data":"Corruption","floor":10,"key":"SMITH"},{"data":"Flash of Steel","floor":15,"key":"SMITH"},{"data":"Whirlwind","floor":23,"key":"SMITH"},{"floor":29,"key":"REST"},{"floor":32,"key":"REST"}],"neow_cost":"NONE","seed_source_timestamp":1714259078644424,"circlet_count":0,"master_deck":["Strike_R","Strike_R+1","Strike_R","Strike_R","Strike_R","Defend_R","Defend_R","Defend_R","Defend_R","Bash","Thunderclap","Rage","Corruption+1","Flash of Steel+1","Infernal Blade","Carnage","Rampage","Cleave","Rage","Warcry","Offering","Whirlwind+1","Havoc","Pommel Strike+1","Rampage+1","Barricade","Decay","Seeing Red+1"],"relics":["Tiny House","Meat on the Bone","Smiling Mask","Blood Vial","Lizard Tail","Enchiridion","Pantograph","Old Coin"],"potions_floor_usage":[1,3,16,27,30],"damage_taken":[{"damage":14,"enemies":"2 Louse","floor":1,"turns":2},{"damage":5,"enemies":"Jaw Worm","floor":5,"turns":4},{"damage":0,"enemies":"Cultist","floor":7,"turns":3},{"damage":0,"enemies":"Red Slaver","floor":8,"turns":2},{"damage":13,"enemies":"Gremlin Nob","floor":12,"turns":3},{"damage":10,"enemies":"Blue Slaver","floor":13,"turns":3},{"damage":33,"enemies":"Slime Boss","floor":16,"turns":11},{"damage":23,"enemies":"Spheric Guardian","floor":18,"turns":4},{"damage":12,"enemies":"Chosen","floor":21,"turns":4},{"damage":17,"enemies":"Centurion and Healer","floor":22,"turns":4},{"damage":44,"enemies":"Slavers","floor":24,"turns":6},{"damage":21,"enemies":"3 Cultists","floor":25,"turns":4},{"damage":14,"enemies":"Colosseum Slavers","floor":27,"turns":2},{"damage":23,"enemies":"Cultist and Chosen","floor":30,"turns":5},{"damage":189,"enemies":"Champ","floor":33,"turns":10}],"seed_played":"-1411177400048252150","potions_obtained":[{"floor":0,"key":"Fruit Juice"},{"floor":3,"key":"FairyPotion"},{"floor":3,"key":"Fruit Juice"},{"floor":3,"key":"SmokeBomb"},{"floor":5,"key":"GamblersBrew"},{"floor":8,"key":"SkillPotion"},{"floor":18,"key":"Poison Potion"},{"floor":25,"key":"Fire Potion"}],"is_trial":false,"path_per_floor":["M","?","?","$","M","R","M","M","T","R","$","E","M","$","R","B",null,"M","?","T","M","M","R","E","M","T","?","?","R","M","?","R","B"],"character_chosen":"IRONCLAD","items_purchased":["Corruption","Flash of Steel","Warcry"],"campfire_rested":2,"item_purchase_floors":[4,4,14],"current_hp_per_floor":[76,76,81,81,76,76,76,76,76,76,76,63,55,55,55,36,95,72,56,56,58,55,55,25,18,18,18,18,46,37,37,65,0],"gold":576,"neow_bonus":"BOSS_RELIC","is_prod":false,"is_daily":false,"chose_seed":false,"campfire_upgraded":3,"win_rate":0,"timestamp":1551771811,"path_taken":["M","?","?","$","M","R","?","M","T","R","?","E","M","$","R","BOSS","M","?","?","M","M","R","E","?","T","?","?","R","M","?","R","BOSS"],"build_version":"2019-01-23","purchased_purges":1,"victory":false,"max_hp_per_floor":[90,90,95,95,95,95,95,95,95,95,95,95,95,95,95,95,95,95,95,95,95,95,95,95,95,95,95,95,95,95,95,95,95],"card_choices":[{"not_picked":["Sentinel","Power Through"],"picked":"Thunderclap","floor":0},{"not_picked":["Cleave","Wild Strike"],"picked":"Rage","floor":1},{"not_picked":["Heavy Blade","Warcry"],"picked":"Infernal Blade","floor":5},{"not_picked":["Heavy Blade","Armaments"],"picked":"Carnage","floor":7},{"not_picked":["Headbutt","Sword Boomerang"],"picked":"Rampage","floor":8},{"not_picked":["Twin Strike","Clothesline"],"picked":"Cleave","floor":12},{"not_picked":["Dual Wield","Wild Strike"],"picked":"Rage","floor":13},{"not_picked":["Impervious","Exhume"],"picked":"Offering","floor":16},{"not_picked":["Cleave+1","Rupture"],"picked":"Whirlwind","floor":18},{"not_picked":["Bloodletting","Body Slam"],"picked":"Havoc","floor":21},{"not_picked":["Shrug It Off","Armaments"],"picked":"Pommel Strike+1","floor":22},{"not_picked":["Clash+1","Body Slam"],"picked":"Rampage+1","floor":24},{"not_picked":["Twin Strike","Heavy Blade"],"picked":"Barricade","floor":25},{"not_picked":["Metallicize","Perfected Strike+1"],"picked":"Seeing Red+1","floor":30}],"player_experience":82117,"relics_obtained":[{"floor":9,"key":"Smiling Mask"},{"floor":12,"key":"Blood Vial"},{"floor":19,"key":"Enchiridion"},{"floor":20,"key":"Pantograph"},{"floor":24,"key":"Old Coin"}],"event_choices":[{"damage_healed":0,"gold_gain":0,"player_choice":"Box","damage_taken":0,"relics_obtained":["Meat on the Bone"],"max_hp_gain":0,"max_hp_loss":0,"event_name":"Big Fish","floor":2,"gold_loss":0,"cards_obtained":["Regret"]},{"damage_healed":0,"gold_gain":0,"player_choice":"Got Potions","damage_taken":0,"max_hp_gain":0,"max_hp_loss":0,"event_name":"Lab","floor":3,"gold_loss":0},{"damage_healed":0,"gold_gain":0,"player_choice":"Obtained Book","damage_taken":16,"max_hp_gain":0,"max_hp_loss":0,"event_name":"Cursed Tome","floor":19,"gold_loss":0},{"damage_healed":0,"gold_gain":0,"player_choice":"Fight","damage_taken":0,"max_hp_gain":0,"max_hp_loss":0,"event_name":"Colosseum","floor":27,"gold_loss":0},{"damage_healed":0,"gold_gain":0,"player_choice":"Fled From Nobs","damage_taken":0,"max_hp_gain":0,"max_hp_loss":0,"event_name":"Colosseum","floor":27,"gold_loss":0},{"damage_healed":0,"gold_gain":0,"player_choice":"Smashed Altar","damage_taken":0,"max_hp_gain":0,"max_hp_loss":0,"event_name":"Forgotten Altar","floor":28,"gold_loss":0,"cards_obtained":["Decay"]},{"damage_healed":0,"gold_gain":0,"player_choice":"Bet on Murderer","damage_taken":0,"max_hp_gain":0,"max_hp_loss":0,"event_name":"The Joust","floor":31,"gold_loss":50}],"is_beta":false,"boss_relics":[{"not_picked":["Mark of Pain","Sozu"],"picked":"Lizard Tail"}],"items_purged_floors":[14],"is_endless":false,"potions_floor_spawned":[5,7,8,18,25],"killed_by":"Champ","ascension_level":0}