{"gold_per_floor":[116,116,132,147,167,201,201,221,248,248,248,248,198,55,55,152,152,169,84,103,103,114,114,139,153,178,178,212,230,38,38,38,38],"floor_reached":33,"playtime":1344,"items_purged":["Strike_G","Strike_G"],"score":331,"play_id":"2770afd5-252f-44b0-bc6e-f251d4ed9c74","local_time":"20190108194718","is_ascension_mode":true,"campfire_choices":[{"data":"Neutralize","floor":7,"key":"SMITH"},{"data":"Dash","floor":10,"key":"SMITH"},{"data":"Caltrops","floor":12,"key":"SMITH"},{"data":"Dodge and Roll","floor":15,"key":"SMITH"},{"floor":23,"key":"REST"},{"data":"Night Terror","floor":27,"key":"SMITH"},{"floor":32,"key":"REST"}],"neow_cost":"NONE","seed_source_timestamp":19720027827100,"circlet_count":0,"master_deck":["Defend_G","Defend_G","Defend_G","Defend_G","Defend_G","Strike_G","Strike_G","Survivor","Neutralize+1","Caltrops+1","Dodge and Roll+1","Die Die Die","Dash+1","Bane","PiercingWail","Crippling Poison","Leg Sweep","Night Terror+1","Prepared+1","Bane","Writhe","Corpse Explosion","Parasite","Deadly Poison","Well Laid Plans+1","Deadly Poison"],"relics":["Ring of the Snake","NeowsBlessing","Regal Pillow","Lantern","Mango","Cursed Key","PreservedInsect","Bag of Marbles","Centennial Puzzle","Art of War","Red Mask"],"potions_floor_usage":[6,16,16,33],"damage_taken":[{"damage":0,"enemies":"Jaw Worm","floor":1,"turns":1},{"damage":0,"enemies":"Cultist","floor":3,"turns":1},{"damage":0,"enemies":"Small Slimes","floor":4,"turns":1},{"damage":1,"enemies":"2 Fungi Beasts","floor":5,"turns":4},{"damage":20,"enemies":"Gremlin Nob","floor":6,"turns":4},{"damage":7,"enemies":"Large Slime","floor":8,"turns":10},{"damage":30,"enemies":"Hexaghost","floor":16,"turns":13},{"damage":11,"enemies":"2 Thieves","floor":18,"turns":2},{"damage":11,"enemies":"3 Byrds","floor":20,"turns":5},{"damage":10,"enemies":"Centurion and Healer","floor":22,"turns":17},{"damage":22,"enemies":"Gremlin Leader","floor":24,"turns":5},{"damage":32,"enemies":"Chosen and Byrds","floor":25,"turns":9},{"damage":0,"enemies":"Masked Bandits","floor":28,"turns":2},{"damage":13,"enemies":"Sentry and Sphere","floor":29,"turns":4},{"damage":51,"enemies":"Automaton","floor":33,"turns":6}],"seed_played":"-1564007079351887269","potions_obtained":[{"floor":1,"key":"Fire Potion"},{"floor":4,"key":"Strength Potion"},{"floor":8,"key":"Dexterity Potion"},{"floor":25,"key":"GamblersBrew"},{"floor":28,"key":"Strength Potion"},{"floor":29,"key":"Ancient Potion"}],"is_trial":false,"path_per_floor":["M","?","M","M","M","E","R","M","T","R","T","R","?","$","R","B",null,"M","?","M","?","M","R","E","M","T","R","?","M","$","?","R","B"],"character_chosen":"THE_SILENT","items_purchased":["Leg Sweep","Well Laid Plans","Deadly Poison"],"campfire_rested":2,"item_purchase_floors":[14,30,30],"current_hp_per_floor":[70,70,70,70,69,49,49,42,42,42,56,56,56,56,56,26,70,59,59,48,48,38,78,56,24,24,24,24,11,11,11,51,0],"gold":38,"neow_bonus":"THREE_ENEMY_KILL","is_prod":false,"is_daily":false,"chose_seed":false,"campfire_upgraded":5,"win_rate":0,"timestamp":1546973238,"path_taken":["M","?","?","?","M","E","R","M","T","R","?","R","?","$","R","BOSS","M","?","M","?","M","R","E","M","T","R","?","M","$","?","R","BOSS"],"build_version":"2019-01-03v4","purchased_purges":2,"victory":false,"max_hp_per_floor":[70,70,70,70,70,70,70,70,70,70,84,84,84,84,84,84,84,84,84,84,84,84,84,84,84,84,84,84,84,84,84,84,84],"card_choices":[{"not_picked":["Eviscerate","Poisoned Stab"],"picked":"Caltrops","floor":1},{"not_picked":["Dodge and Roll","Flying Knee"],"picked":"Dash","floor":3},{"not_picked":["Reflex","Blade Dance"],"picked":"Bane","floor":4},{"not_picked":["Outmaneuver","Predator"],"picked":"PiercingWail","floor":5},{"not_picked":["Calculated Gamble","Underhanded Strike","A Thousand Cuts"],"picked":"SKIP","floor":6},{"not_picked":["Prepared","Deadly Poison"],"picked":"Crippling Poison","floor":8},{"not_picked":["Unload","Phantasmal Killer"],"picked":"Night Terror","floor":16},{"not_picked":["Deadly Poison","PiercingWail+1"],"picked":"Prepared+1","floor":18},{"not_picked":["Dodge and Roll","Predator"],"picked":"Bane","floor":20},{"not_picked":["Slice+1","Choke","Setup"],"picked":"SKIP","floor":22},{"not_picked":["Finisher","Slice","Eviscerate"],"picked":"SKIP","floor":24},{"not_picked":["Underhanded Strike+1","Reflex"],"picked":"Corpse Explosion","floor":25},{"not_picked":["Outmaneuver+1","Cloak And Dagger"],"picked":"Deadly Poison","floor":28},{"not_picked":["Acrobatics+1","Outmaneuver","PiercingWail"],"picked":"SKIP","floor":29}],"player_experience":354833,"relics_obtained":[{"floor":6,"key":"Regal Pillow"},{"floor":9,"key":"Lantern"},{"floor":11,"key":"Mango"},{"floor":24,"key":"Centennial Puzzle"},{"floor":26,"key":"Art of War"},{"floor":28,"key":"Red Mask"}],"event_choices":[{"damage_healed":0,"gold_gain":0,"player_choice":"2 cards matched","damage_taken":0,"max_hp_gain":0,"max_hp_loss":0,"event_name":"Match and Keep!","floor":2,"gold_loss":0,"cards_obtained":["Dodge and Roll","Die Die Die"]},{"cards_removed":["Strike_G"],"damage_healed":0,"gold_gain":0,"player_choice":"Card Removal","damage_taken":0,"max_hp_gain":0,"max_hp_loss":0,"event_name":"The Cleric","floor":13,"gold_loss":50},{"damage_healed":0,"gold_gain":0,"player_choice":"Obtained Relic","damage_taken":0,"relics_obtained":["PreservedInsect"],"max_hp_gain":0,"max_hp_loss":0,"event_name":"Addict","floor":19,"gold_loss":85},{"damage_healed":0,"gold_gain":0,"player_choice":"Opened","damage_taken":0,"relics_obtained":["Bag of Marbles"],"max_hp_gain":0,"max_hp_loss":0,"event_name":"The Mausoleum","floor":21,"gold_loss":0,"cards_obtained":["Writhe"]},{"damage_healed":0,"gold_gain":0,"player_choice":"Fought Bandits","damage_taken":0,"max_hp_gain":0,"max_hp_loss":0,"event_name":"Masked Bandits","floor":28,"gold_loss":0},{"damage_healed":0,"gold_gain":0,"player_choice":"Forge","damage_taken":0,"max_hp_gain":0,"max_hp_loss":0,"event_name":"Accursed Blacksmith","floor":31,"gold_loss":0,"cards_upgraded":["Well Laid Plans"]}],"is_beta":false,"boss_relics":[{"not_picked":["Fusion Hammer","Tiny House"],"picked":"Cursed Key"}],"items_purged_floors":[14,30],"is_endless":false,"potions_floor_spawned":[1,4,8,25,28,29],"killed_by":"Automaton","ascension_level":5}