{"gold_per_floor":[114,79,93,103,122,122,135,145,145,165,199,199,210,225,225,327,327,340,5,21,21,41,41,52,64,64,64,74,74,74,87,87,87],"floor_reached":33,"playtime":2261,"items_purged":[],"score":259,"play_id":"1e30622b-78f7-487e-9316-f82eb1936254","local_time":"20190220172557","is_ascension_mode":false,"campfire_choices":[{"data":"Neutralize","floor":6.0,"key":"SMITH"},{"floor":12.0,"key":"REST"},{"data":"After Image","floor":15.0,"key":"SMITH"},{"floor":23.0,"key":"REST"},{"data":"Poisoned Stab","floor":27,"key":"SMITH"},{"data":"Terror","floor":29,"key":"SMITH"},{"data":"Skewer","floor":32,"key":"SMITH"}],"neow_cost":"NONE","seed_source_timestamp":0,"circlet_count":0,"master_deck":["Defend_G","Defend_G","Defend_G","Defend_G","Defend_G","Strike_G","Strike_G","Strike_G","Strike_G","Strike_G","Survivor","Neutralize+1","Cloak And Dagger","Dodge and Roll","Distraction","Skewer+1","Leg Sweep","Dagger Spray","After Image+1","Terror+1","Unload","Bouncing Flask+1","Well Laid Plans","Poisoned Stab+1","Backstab+1","Deflect+1","Backflip","Masterful Stab+1","Cloak And Dagger"],"special_seed":0,"relics":["Eternal Feather","Ancient Tea Set","Juzu Bracelet","Lizard Tail","Shuriken","Bag of Marbles"],"potions_floor_usage":[28,33],"damage_taken":[{"damage":10.0,"enemies":"Small Slimes","floor":1.0,"turns":6.0},{"damage":0.0,"enemies":"Jaw Worm","floor":3.0,"turns":4.0},{"damage":4.0,"enemies":"Cultist","floor":4.0,"turns":4.0},{"damage":0.0,"enemies":"3 Louse","floor":5.0,"turns":1.0},{"damage":0.0,"enemies":"2 Fungi Beasts","floor":7.0,"turns":4.0},{"damage":0.0,"enemies":"Looter","floor":8.0,"turns":4.0},{"damage":0.0,"enemies":"3 Louse","floor":10.0,"turns":2.0},{"damage":36.0,"enemies":"3 Sentries","floor":11.0,"turns":10.0},{"damage":0.0,"enemies":"Gremlin Gang","floor":13.0,"turns":2.0},{"damage":6.0,"enemies":"Lots of Slimes","floor":14.0,"turns":3.0},{"damage":49.0,"enemies":"Slime Boss","floor":16.0,"turns":16.0},{"damage":15.0,"enemies":"3 Byrds","floor":18.0,"turns":6.0},{"damage":0.0,"enemies":"Chosen","floor":20.0,"turns":5.0},{"damage":13.0,"enemies":"Snecko","floor":21.0,"turns":6.0},{"damage":13.0,"enemies":"3 Cultists","floor":22.0,"turns":6.0},{"damage":7.0,"enemies":"Snake Plant","floor":24.0,"turns":3.0},{"damage":16,"enemies":"Centurion and Healer","floor":25,"turns":7},{"damage":22,"enemies":"Sentry and Sphere","floor":28,"turns":7},{"damage":0,"enemies":"Chosen and Byrds","floor":31,"turns":4},{"damage":116,"enemies":"Collector","floor":33,"turns":12}],"seed_played":"-6706241626142894346","potions_obtained":[{"floor":1.0,"key":"SteroidPotion"},{"floor":4.0,"key":"Poison Potion"},{"floor":13.0,"key":"SpeedPotion"},{"floor":16.0,"key":"AttackPotion"},{"floor":20.0,"key":"Weak Potion"},{"floor":22.0,"key":"EssenceOfSteel"},{"floor":25,"key":"Dexterity Potion"}],"is_trial":false,"path_per_floor":["M","?","M","M","M","R","M","M","T","M","E","R","M","M","R","B",null,"M","$","M","M","M","R","M","M","T","R","M","R","?","M","R","B"],"character_chosen":"THE_SILENT","items_purchased":["Shuriken","Well Laid Plans","Explosive Potion"],"campfire_rested":2,"item_purchase_floors":[19,19,19],"current_hp_per_floor":[60,70,70,66,66,70,70,70,70,70,34,64,64,58,70,21,70,55,55,55,42,29,65,58,42,42,57,35,50,70,70,70,0],"gold":87,"neow_bonus":"BOSS_RELIC","is_prod":false,"is_daily":false,"chose_seed":false,"campfire_upgraded":5,"win_rate":0,"timestamp":1550705157,"path_taken":["M","?","M","M","M","R","M","M","T","M","E","R","M","M","R","BOSS","M","$","M","M","M","R","M","M","T","R","M","R","?","M","R","BOSS"],"build_version":"2019-01-23","purchased_purges":0,"victory":false,"max_hp_per_floor":[70,70,70,70,70,70,70,70,70,70,70,70,70,70,70,70,70,70,70,70,70,70,70,70,70,70,70,70,70,70,70,70,70],"card_choices":[{"not_picked":["Blade Dance","Crippling Poison"],"picked":"All Out Attack","floor":1.0},{"not_picked":["Quick Slash","Noxious Fumes"],"picked":"Cloak And Dagger","floor":3.0},{"not_picked":["Quick Slash","Deflect"],"picked":"Dodge and Roll","floor":4.0},{"not_picked":["Phantasmal Killer","Outmaneuver"],"picked":"Distraction","floor":5.0},{"not_picked":["Blade Dance","Underhanded Strike"],"picked":"Skewer","floor":7.0},{"not_picked":["Prepared","Sucker Punch"],"picked":"Leg Sweep","floor":8.0},{"not_picked":["Dash","Noxious Fumes","Underhanded Strike"],"picked":"SKIP","floor":10.0},{"not_picked":["Caltrops","Quick Slash"],"picked":"Dagger Spray","floor":11.0},{"not_picked":["Quick Slash","Dagger Throw"],"picked":"After Image","floor":13.0},{"not_picked":["Flying Knee","Backflip"],"picked":"Terror","floor":14.0},{"not_picked":["Bullet Time","Tools of the Trade"],"picked":"Unload","floor":16.0},{"not_picked":["Prepared","Sucker Punch"],"picked":"Bouncing Flask+1","floor":18.0},{"not_picked":["Prepared","Dagger Throw"],"picked":"Poisoned Stab","floor":20.0},{"not_picked":["A Thousand Cuts","Bane"],"picked":"Backstab+1","floor":21.0},{"not_picked":["Sucker Punch","Dagger Spray+1"],"picked":"Deflect+1","floor":22.0},{"not_picked":["Blade Dance+1","Flying Knee"],"picked":"Backflip","floor":24},{"not_picked":["Endless Agony","Sucker Punch+1","Prepared"],"picked":"SKIP","floor":25},{"not_picked":["Distraction","Endless Agony"],"picked":"Masterful Stab+1","floor":28},{"not_picked":["Quick Slash","Underhanded Strike"],"picked":"Cloak And Dagger","floor":31}],"player_experience":278335,"relics_obtained":[{"floor":9.0,"key":"Ancient Tea Set"},{"floor":11.0,"key":"Juzu Bracelet"},{"floor":26,"key":"Bag of Marbles"}],"event_choices":[{"damage_healed":17.0,"max_hp_gain":0.0,"max_hp_loss":0.0,"gold_gain":0.0,"event_name":"The Cleric","player_choice":"Healed","floor":2.0,"gold_loss":35.0,"damage_taken":0.0},{"cards_removed":["All Out Attack"],"damage_healed":20,"gold_gain":0,"player_choice":"Offered Uncommon","damage_taken":0,"max_hp_gain":0,"max_hp_loss":0,"event_name":"Bonfire Elementals","floor":30,"gold_loss":0}],"is_beta":false,"boss_relics":[{"not_picked":["Sozu","White Beast Statue"],"picked":"Lizard Tail"}],"items_purged_floors":[],"is_endless":false,"potions_floor_spawned":[1,4,13,16,20,22,25],"killed_by":"Collector","ascension_level":0}