{"gold_per_floor":[114,132,150,163,183,183,202,202,202,220,252,252,283,294,294,399,399,414,414,432,432,456,456,488,488,514,533,552,552,18,28,28,28],"floor_reached":33,"playtime":1470,"items_purged":["Writhe"],"score":475,"play_id":"5222ea82-9b66-4d26-a3dc-b617b6909fed","local_time":"20190202175100","is_ascension_mode":true,"campfire_choices":[{"data":"Sucker Punch","floor":6,"key":"SMITH"},{"data":"Dagger Spray","floor":8,"key":"SMITH"},{"data":"Footwork","floor":12,"key":"SMITH"},{"floor":15,"key":"REST"},{"floor":23,"key":"REST"},{"data":"Neutralize","floor":25,"key":"SMITH"},{"floor":29,"key":"REST"},{"floor":32,"key":"REST"}],"neow_cost":"NONE","seed_source_timestamp":784385828640500,"circlet_count":0,"master_deck":["AscendersBane","Defend_G","Defend_G","Defend_G","Defend_G+1","Defend_G","Strike_G","Strike_G","Strike_G","Strike_G","Strike_G","Survivor","Neutralize+1","All Out Attack","Dagger Spray+1","Escape Plan","Backflip","Sucker Punch+1","Dagger Spray","Footwork+1","Deadly Poison","Escape Plan","Cloak And Dagger","Unload","PiercingWail+1","Unload","Neutralize+1","Deadly Poison","Dodge and Roll+1","Infinite Blades","Noxious Fumes","Leg Sweep","Footwork","Backflip","Heel Hook","Noxious Fumes+1"],"relics":["Ring of the Snake","PreservedInsect","Orichalcum","Ancient Tea Set","WristBlade","Dodecahedron","Lantern","War Paint","Bronze Scales","Bottled Tornado"],"potions_floor_usage":[5,11,28,28],"damage_taken":[{"damage":0,"enemies":"Cultist","floor":1,"turns":5},{"damage":10,"enemies":"Jaw Worm","floor":2,"turns":4},{"damage":0,"enemies":"2 Louse","floor":3,"turns":2},{"damage":1,"enemies":"Blue Slaver","floor":4,"turns":6},{"damage":6,"enemies":"Gremlin Gang","floor":5,"turns":4},{"damage":0,"enemies":"Looter","floor":7,"turns":4},{"damage":0,"enemies":"3 Louse","floor":10,"turns":2},{"damage":2,"enemies":"Lagavulin","floor":11,"turns":5},{"damage":20,"enemies":"Gremlin Nob","floor":13,"turns":4},{"damage":0,"enemies":"Red Slaver","floor":14,"turns":3},{"damage":14,"enemies":"Slime Boss","floor":16,"turns":12},{"damage":7,"enemies":"Shell Parasite","floor":18,"turns":8},{"damage":23,"enemies":"Spheric Guardian","floor":20,"turns":6},{"damage":19,"enemies":"Slavers","floor":24,"turns":6},{"damage":5,"enemies":"Centurion and Healer","floor":27,"turns":7},{"damage":11,"enemies":"Snecko","floor":28,"turns":5},{"damage":9,"enemies":"Snake Plant","floor":31,"turns":5},{"damage":61,"enemies":"Collector","floor":33,"turns":7}],"seed_played":"-4603164883100623409","potions_obtained":[{"floor":1,"key":"Dexterity Potion"},{"floor":3,"key":"SpeedPotion"},{"floor":10,"key":"Poison Potion"},{"floor":11,"key":"Weak Potion"},{"floor":27,"key":"PowerPotion"}],"is_trial":false,"path_per_floor":["M","M","M","M","M","R","M","R","T","M","E","R","E","M","R","B",null,"M","?","M","?","T","R","E","R","T","M","M","R","$","M","R","B"],"character_chosen":"THE_SILENT","items_purchased":["Bottled Tornado","Leg Sweep","Footwork","Backflip","Heel Hook"],"campfire_rested":4,"item_purchase_floors":[30,30,30,30,30],"current_hp_per_floor":[63,53,53,52,46,46,46,46,46,46,44,44,24,24,45,31,60,53,53,30,30,30,51,32,32,32,27,16,37,37,28,49,0],"gold":28,"neow_bonus":"UPGRADE_CARD","is_prod":false,"is_daily":false,"chose_seed":false,"campfire_upgraded":4,"win_rate":0,"timestamp":1549126260,"path_taken":["M","M","M","?","M","R","?","R","T","?","E","R","E","M","R","BOSS","M","?","?","?","?","R","E","R","T","M","M","R","$","M","R","BOSS"],"build_version":"2019-01-23","purchased_purges":1,"victory":false,"max_hp_per_floor":[70,70,70,70,70,70,70,70,70,70,70,70,70,70,70,70,70,70,70,70,70,70,70,70,70,70,70,70,70,70,70,70,70],"card_choices":[{"not_picked":["Distraction","Finisher"],"picked":"All Out Attack","floor":1},{"not_picked":["Dodge and Roll","Blur"],"picked":"Dagger Spray","floor":2},{"not_picked":["Dagger Throw","Blade Dance"],"picked":"Escape Plan","floor":3},{"not_picked":["Outmaneuver","Endless Agony"],"picked":"Backflip","floor":4},{"not_picked":["Dodge and Roll","Setup"],"picked":"Sucker Punch","floor":5},{"not_picked":["Caltrops","Underhanded Strike"],"picked":"Dagger Spray","floor":7},{"not_picked":["Accuracy","Bullet Time"],"picked":"Footwork","floor":10},{"not_picked":["Infinite Blades","Poisoned Stab"],"picked":"Deadly Poison","floor":11},{"not_picked":["Reflex","Poisoned Stab"],"picked":"Escape Plan","floor":13},{"not_picked":["Choke","Calculated Gamble"],"picked":"Cloak And Dagger","floor":14},{"not_picked":["Venomology","Tools of the Trade"],"picked":"Unload","floor":16},{"not_picked":["Bane","Poisoned Stab+1"],"picked":"PiercingWail+1","floor":18},{"not_picked":["Masterful Stab","Backflip"],"picked":"Deadly Poison","floor":20},{"not_picked":["All Out Attack","PiercingWail"],"picked":"Dodge and Roll","floor":24},{"not_picked":["Deflect","Distraction"],"picked":"Infinite Blades","floor":27},{"not_picked":["Cloak And Dagger","Flying Knee"],"picked":"Noxious Fumes","floor":28},{"not_picked":["Catalyst","Outmaneuver"],"picked":"Noxious Fumes+1","floor":31}],"player_experience":440427,"relics_obtained":[{"floor":9,"key":"PreservedInsect"},{"floor":11,"key":"Orichalcum"},{"floor":13,"key":"Ancient Tea Set"},{"floor":22,"key":"Lantern"},{"floor":24,"key":"War Paint"},{"floor":26,"key":"Bronze Scales"}],"event_choices":[{"damage_healed":0,"gold_gain":0,"player_choice":"2 cards matched","damage_taken":0,"max_hp_gain":0,"max_hp_loss":0,"event_name":"Match and Keep!","floor":19,"gold_loss":0,"cards_obtained":["Unload","Neutralize"]},{"damage_healed":0,"gold_gain":0,"player_choice":"Opened","damage_taken":0,"relics_obtained":["Dodecahedron"],"max_hp_gain":0,"max_hp_loss":0,"event_name":"The Mausoleum","floor":21,"gold_loss":0,"cards_obtained":["Writhe"]}],"is_beta":false,"boss_relics":[{"not_picked":["Fusion Hammer","Ring of the Serpent"],"picked":"WristBlade"}],"items_purged_floors":[30],"is_endless":false,"potions_floor_spawned":[1,3,10,11,27],"killed_by":"Collector","ascension_level":12}