{"gold_per_floor":[119,133,145,161,161,161,191,191,214,226,237,237,267,285,285,385,385,404,415,515,527,543,543,558,558,582,66,66],"floor_reached":28,"playtime":1505,"items_purged":[],"score":281,"play_id":"0dcbdd68-cde6-46a0-866a-1964e05d8995","local_time":"20181109180145","is_ascension_mode":true,"campfire_choices":[{"data":"Zap","floor":6,"key":"SMITH"},{"floor":8,"key":"REST"},{"data":"Dualcast","floor":15,"key":"SMITH"},{"data":"Hologram","floor":23,"key":"SMITH"},{"data":"Reinforced Body","floor":25,"key":"SMITH"}],"neow_cost":"TEN_PERCENT_HP_LOSS","seed_source_timestamp":2543936947133200,"circlet_count":0,"master_deck":["Strike_B","Strike_B","Strike_B","Strike_B","Defend_B","Defend_B","Defend_B","Defend_B","Zap+1","Dualcast+1","Ball Lightning","Barrage","Conserve Battery","Sweeping Beam","Leap","Rebound","Hologram+1","Self Repair","Redo+1","Leap","Fusion+1","Go for the Eyes+1","Reinforced Body+1","Loop"],"relics":["Cracked Core","Ice Cream","Blood Vial","Anchor","Centennial Puzzle","Nuclear Battery","Turnip","Symbiotic Virus","MawBank","ClockworkSouvenir","Mummified Hand"],"potions_floor_usage":[13,20,20,20,20,20,20,24],"damage_taken":[{"damage":7,"enemies":"Jaw Worm","floor":1,"turns":3},{"damage":0,"enemies":"Small Slimes","floor":2,"turns":2},{"damage":1,"enemies":"Cultist","floor":3,"turns":3},{"damage":8,"enemies":"Blue Slaver","floor":4,"turns":2},{"damage":23,"enemies":"3 Sentries","floor":7,"turns":6},{"damage":1,"enemies":"Looter","floor":10,"turns":2},{"damage":0,"enemies":"2 Fungi Beasts","floor":11,"turns":2},{"damage":3,"enemies":"Lagavulin","floor":13,"turns":4},{"damage":16,"enemies":"Exordium Thugs","floor":14,"turns":4},{"damage":31,"enemies":"The Guardian","floor":16,"turns":11},{"damage":0,"enemies":"3 Byrds","floor":18,"turns":4},{"damage":7,"enemies":"Chosen","floor":19,"turns":4},{"damage":17,"enemies":"Colosseum Slavers","floor":20,"turns":5},{"damage":41,"enemies":"Colosseum Nobs","floor":20,"turns":5},{"damage":21,"enemies":"Centurion and Healer","floor":21,"turns":6},{"damage":14,"enemies":"Shelled Parasite and Fungi","floor":22,"turns":5},{"damage":0,"enemies":"Snake Plant","floor":24,"turns":4},{"damage":37,"enemies":"Slavers","floor":28,"turns":5}],"seed_played":"6286850894261374187","potions_obtained":[{"floor":2,"key":"EntropicBrew"},{"floor":3,"key":"Fire Potion"},{"floor":7,"key":"AttackPotion"},{"floor":13,"key":"FearPotion"},{"floor":19,"key":"Regen Potion"},{"floor":21,"key":"Weak Potion"}],"is_trial":false,"path_per_floor":["M","M","M","M","?","R","E","R","T","M","M","?","E","M","R","B",null,"M","M","?","M","M","R","M","R","T","$","E"],"character_chosen":"DEFECT","items_purchased":["ClockworkSouvenir","Loop","Mummified Hand"],"campfire_rested":1,"item_purchase_floors":[27,27,27],"current_hp_per_floor":[61,61,60,52,52,52,29,49,49,50,52,68,65,51,51,29,68,68,68,38,26,21,21,30,30,30,30,0],"gold":66,"neow_bonus":"ONE_RARE_RELIC","is_prod":false,"is_daily":false,"chose_seed":false,"campfire_upgraded":4,"win_rate":0,"timestamp":1541782905,"path_taken":["M","M","M","M","?","R","E","R","T","M","M","?","E","M","R","BOSS","M","M","?","M","M","R","M","R","T","$","E"],"build_version":"2018-11-08","purchased_purges":0,"victory":false,"max_hp_per_floor":[68,68,68,68,68,68,68,68,68,68,68,68,68,68,68,68,68,68,68,68,68,68,68,68,68,68,68,68],"card_choices":[{"not_picked":["Compile Driver","Lockon"],"picked":"Ball Lightning","floor":1},{"not_picked":["Redo","Chaos"],"picked":"Barrage","floor":2},{"not_picked":["Sunder","Steam Power"],"picked":"Storm","floor":3},{"not_picked":["Redo","Rainbow"],"picked":"Conserve Battery","floor":4},{"not_picked":["Stack","Fusion"],"picked":"Sweeping Beam","floor":7},{"not_picked":["Stack","Cold Snap"],"picked":"Leap","floor":10},{"not_picked":["Steam","Gash"],"picked":"Rebound","floor":11},{"not_picked":["Melter","Rebound"],"picked":"Hologram","floor":13},{"not_picked":["Rebound","Go for the Eyes"],"picked":"Self Repair","floor":14},{"not_picked":["Leap+1","Steam Power+1"],"picked":"Redo+1","floor":18},{"not_picked":["Storm","Gash"],"picked":"Leap","floor":19},{"not_picked":["Heatsinks+1","Coolheaded"],"picked":"Fusion+1","floor":20},{"not_picked":["Ball Lightning","Stack"],"picked":"Go for the Eyes+1","floor":21},{"not_picked":["Gash","Fusion","Barrage"],"picked":"SKIP","floor":22},{"not_picked":["Lockon+1","Turbo"],"picked":"Reinforced Body","floor":24}],"player_experience":192178,"relics_obtained":[{"floor":7,"key":"Blood Vial"},{"floor":9,"key":"Anchor"},{"floor":13,"key":"Centennial Puzzle"},{"floor":20,"key":"Turnip"},{"floor":20,"key":"Symbiotic Virus"},{"floor":26,"key":"MawBank"}],"event_choices":[{"damage_healed":0,"gold_gain":0,"player_choice":"Ignored","damage_taken":0,"max_hp_gain":0,"max_hp_loss":0,"event_name":"Liars Game","floor":5,"gold_loss":0},{"cards_removed":["Storm"],"damage_healed":16,"gold_gain":0,"player_choice":"Offered Uncommon","damage_taken":0,"max_hp_gain":0,"max_hp_loss":0,"event_name":"Bonfire Elementals","floor":12,"gold_loss":0},{"damage_healed":0,"gold_gain":0,"player_choice":"Fight","damage_taken":0,"max_hp_gain":0,"max_hp_loss":0,"event_name":"Colosseum","floor":20,"gold_loss":0},{"damage_healed":0,"gold_gain":0,"player_choice":"Fought Nobs","damage_taken":0,"max_hp_gain":0,"max_hp_loss":0,"event_name":"Colosseum","floor":20,"gold_loss":0}],"is_beta":false,"boss_relics":[{"not_picked":["Empty Cage","Pandora\u0027s Box"],"picked":"Nuclear Battery"}],"items_purged_floors":[],"is_endless":false,"potions_floor_spawned":[2,3,7,10,13,19,20,21],"killed_by":"Slavers","ascension_level":4}