{"path_per_floor":["M","$","?","?","T","R","M","?","T","R","M","M","R","M","R","B",null,"M","?","$","?","T","E","R","M","T","R","M","E","M","M","R","B",null,"M","$","M","?","M","R","E","$","T","M","R","M","R","M","R","B"],"character_chosen":"IRONCLAD","items_purchased":["Apotheosis","Rampage","Paper Frog","Metallicize","Secret Weapon"],"gold_per_floor":[362,24,24,24,24,24,44,6,306,306,326,337,337,353,353,450,450,436,351,26,26,73,107,107,121,121,121,131,158,177,192,192,289,289,301,21,36,90,109,109,141,16,97,113,113,128,128,147,147,147],"floor_reached":51,"campfire_rested":1,"playtime":4691,"current_hp_per_floor":[72,72,65,53,53,53,56,56,56,56,52,51,51,54,54,28,72,68,68,68,52,52,36,57,56,56,56,52,24,39,63,63,74,76,80,80,83,87,87,87,83,83,83,86,86,91,91,95,95,99],"items_purged":["Strike_R","Strike_R","Strike_R"],"gold":147,"play_id":"c9168e06-62ab-4145-b786-2395ca34a944","is_prod":false,"is_daily":false,"is_ascension_mode":false,"campfire_upgraded":10,"path_taken":["M","$","?","?","?","R","M","?","T","R","?","M","R","M","R","BOSS","M","?","$","?","?","E","R","M","T","R","M","E","M","M","R","BOSS","M","$","M","?","M","R","E","?","T","M","R","M","R","M","R","BOSS"],"build_version":"2018-01-25-PROD3","purchased_purges":3,"victory":true,"master_deck":["Strike_R","Strike_R","Defend_R","Defend_R","Defend_R","Bash+1","Armaments","Apotheosis+1","Rampage+1","Cleave","Thunderclap","Intimidate+1","Barricade+1","Impervious+1","Metallicize+1","Shrug It Off","Iron Wave+1","True Grit+1","Feed","Metallicize+1","Offering+1","Body Slam","Secret Weapon","Power Through+1","Power Through","Burning Pact","Flame Barrier+1","Immolate+1"],"max_hp_per_floor":[72,72,72,72,72,72,72,72,72,72,72,72,72,72,72,72,72,72,72,72,72,72,72,72,72,72,72,72,72,72,76,76,76,76,80,80,83,87,87,87,87,87,87,87,87,91,91,95,95,99],"relics":["Burning Blood","Pen Nib","Ginger","Old Coin","Mark of Pain","Orichalcum","Paper Frog","Enchiridion","Ancient Tea Set","Kunai","Magic Flower","Bird Faced Urn","Runic Dome","Red Skull","Anchor","Ornamental Fan"],"card_choices":[{"not_picked":["Perfected Strike","Flame Barrier"],"picked":"Armaments"},{"not_picked":["Flex","Flame Barrier"],"picked":"Cleave"},{"not_picked":["Body Slam","Second Wind"],"picked":"Thunderclap"},{"not_picked":["Heavy Blade","Rupture"],"picked":"Intimidate"},{"not_picked":["Iron Wave","Thunderclap"],"picked":"Barricade"},{"not_picked":["Limit Break","Demon Form"],"picked":"Impervious"},{"not_picked":["Perfected Strike","Rampage"],"picked":"Shrug It Off"},{"not_picked":["Second Wind","Clothesline"],"picked":"Iron Wave"},{"not_picked":["Reckless Charge","Disarm"],"picked":"True Grit"},{"not_picked":["Rampage","Whirlwind"],"picked":"Feed"},{"not_picked":["Perfected Strike","Pummel"],"picked":"Metallicize"},{"not_picked":["Double Tap","Feed"],"picked":"Offering"},{"not_picked":["Thunderclap","Headbutt"],"picked":"Body Slam"},{"not_picked":["Pummel","Headbutt"],"picked":"Power Through"},{"not_picked":["Headbutt","Wild Strike"],"picked":"Power Through"},{"not_picked":["Anger","Whirlwind"],"picked":"Burning Pact"},{"not_picked":["Rampage","Battle Trance"],"picked":"Flame Barrier"},{"not_picked":["Combust","Twin Strike"],"picked":"Immolate"}],"player_experience":109612,"potions_floor_usage":[23,23,28,33,50,50],"damage_taken":[{"damage":6,"enemies":"Cultist","floor":1,"turns":3},{"damage":3,"enemies":"Jaw Worm","floor":7,"turns":3},{"damage":10,"enemies":"Small Slimes","floor":11,"turns":3},{"damage":7,"enemies":"Looter","floor":12,"turns":3},{"damage":3,"enemies":"Exordium Wildlife","floor":14,"turns":3},{"damage":32,"enemies":"Hexaghost","floor":16,"turns":8},{"damage":10,"enemies":"2 Thieves","floor":18,"turns":4},{"damage":22,"enemies":"Book of Stabbing","floor":23,"turns":7},{"damage":7,"enemies":"Chosen","floor":25,"turns":7},{"damage":13,"enemies":"Snake Plant","floor":28,"turns":5},{"damage":37,"enemies":"Gremlin Leader","floor":29,"turns":7},{"damage":0,"enemies":"Snecko","floor":30,"turns":4},{"damage":0,"enemies":"Centurion and Healer","floor":31,"turns":8},{"damage":10,"enemies":"Collector","floor":33,"turns":11},{"damage":4,"enemies":"Orb Walker","floor":35,"turns":8},{"damage":20,"enemies":"3 Shapes","floor":37,"turns":5},{"damage":16,"enemies":"Mysterious Sphere","floor":38,"turns":7},{"damage":13,"enemies":"Maw","floor":39,"turns":8},{"damage":19,"enemies":"Nemesis","floor":41,"turns":16},{"damage":13,"enemies":"3 Darklings","floor":44,"turns":6},{"damage":4,"enemies":"4 Shapes","floor":46,"turns":5},{"damage":4,"enemies":"Sphere and 2 Shapes","floor":48,"turns":5},{"damage":4,"enemies":"Time Eater","floor":50,"turns":5}],"event_choices":[{"event_name":"Golden Wing","player_choice":"Card Removal","floor":3,"damage_taken":0},{"event_name":"Scrap Ooze","player_choice":"success","floor":4,"damage_taken":12},{"event_name":"World of Goop","player_choice":"Left","floor":8,"damage_taken":0},{"event_name":"Addict","player_choice":"Obtained Relic","floor":19,"damage_taken":0},{"event_name":"Cursed Tome","player_choice":"Obtained Book","floor":21,"damage_taken":0},{"event_name":"Mysterious Sphere","player_choice":"Fight","floor":38,"damage_taken":0}],"boss_relics":[{"not_picked":["Pandora\u0027s Box","Philosopher\u0027s Stone"],"picked":"Mark of Pain"},{"not_picked":["Lizard Tail","Black Star"],"picked":"Runic Dome"}],"potions_floor_spawned":[11,16,23,25,29,31,35,38,44,46,48],"seed_played":"6766329581467870197","ascension_level":0,"is_trial":false}