{"gold_per_floor":[112,131,5,5,19,19,46,46,46,71,87,87,87,107,107,203,203,214,15,28,28],"floor_reached":21,"playtime":972,"items_purged":["Strike_R","Strike_R"],"score":236,"play_id":"9440dcac-0319-40aa-84ef-c5a44674f76a","local_time":"20190224190457","is_ascension_mode":true,"campfire_choices":[{"data":"Armaments","floor":6,"key":"SMITH"},{"floor":8,"key":"REST"},{"data":"Uppercut","floor":13,"key":"SMITH"},{"data":"Shrug It Off","floor":15,"key":"SMITH"}],"neow_cost":"NONE","seed_source_timestamp":38947683928452,"circlet_count":0,"master_deck":["Strike_R+1","Strike_R","Strike_R+1","Defend_R","Defend_R","Defend_R","Defend_R","Bash+1","Shrug It Off+1","Body Slam","Iron Wave","Armaments+1","Uppercut+1","Dropkick","Cleave","Impervious","Ghostly Armor","Disarm","Entrench","Body Slam","Sever Soul+1"],"relics":["Burning Blood","NeowsBlessing","Matryoshka","Smiling Mask","Whetstone","Ice Cream","Orrery","Strawberry"],"potions_floor_usage":[7,7,10],"damage_taken":[{"damage":0,"enemies":"2 Louse","floor":1,"turns":1},{"damage":0,"enemies":"Small Slimes","floor":2,"turns":1},{"damage":0,"enemies":"Cultist","floor":5,"turns":1},{"damage":26,"enemies":"3 Sentries","floor":7,"turns":8},{"damage":8,"enemies":"Gremlin Nob","floor":10,"turns":4},{"damage":5,"enemies":"2 Fungi Beasts","floor":11,"turns":3},{"damage":10,"enemies":"Large Slime","floor":14,"turns":5},{"damage":24,"enemies":"Slime Boss","floor":16,"turns":13},{"damage":12,"enemies":"Shell Parasite","floor":18,"turns":11},{"damage":22,"enemies":"2 Thieves","floor":20,"turns":5},{"damage":72,"enemies":"Sentry and Sphere","floor":21,"turns":9}],"seed_played":"468419564126817533","potions_obtained":[{"floor":2,"key":"Dexterity Potion"},{"floor":5,"key":"Explosive Potion"},{"floor":7,"key":"Block Potion"},{"floor":18,"key":"Weak Potion"},{"floor":20,"key":"Dexterity Potion"}],"is_trial":false,"path_per_floor":["M","M","$","?","M","R","E","R","T","E","M","?","R","M","R","B",null,"M","$","M","M"],"character_chosen":"IRONCLAD","items_purchased":["Iron Wave","Strawberry"],"campfire_rested":1,"item_purchase_floors":[3,19],"current_hp_per_floor":[80,80,80,80,80,80,60,80,80,78,79,84,84,80,80,62,79,73,80,64,0],"gold":28,"neow_bonus":"THREE_ENEMY_KILL","is_prod":false,"is_daily":false,"chose_seed":false,"campfire_upgraded":3,"win_rate":0,"timestamp":1551056697,"path_taken":["M","M","$","?","M","R","E","R","T","E","M","?","R","M","R","BOSS","M","$","M","M"],"build_version":"2019-01-23","purchased_purges":2,"victory":false,"max_hp_per_floor":[80,80,80,80,80,80,80,80,80,80,80,85,85,85,85,85,85,85,92,92,92],"card_choices":[{"not_picked":["Perfected Strike","Searing Blow","Shrug It Off"],"picked":"SKIP","floor":1},{"not_picked":["Perfected Strike","Searing Blow"],"picked":"Shrug It Off","floor":1},{"not_picked":["Blood for Blood","Inflame"],"picked":"Body Slam","floor":2},{"not_picked":["Shrug It Off","Twin Strike"],"picked":"Armaments","floor":5},{"not_picked":["Armaments","Spot Weakness"],"picked":"Uppercut","floor":7},{"not_picked":["Body Slam","Flex"],"picked":"Dropkick","floor":10},{"not_picked":["Sever Soul","Metallicize","Perfected Strike"],"picked":"SKIP","floor":11},{"not_picked":["Iron Wave","Disarm"],"picked":"Cleave","floor":14},{"not_picked":["Reaper","Fiend Fire"],"picked":"Impervious","floor":16},{"not_picked":["Hemokinesis","Pommel Strike"],"picked":"Ghostly Armor","floor":17},{"not_picked":["Rage","Thunderclap"],"picked":"Disarm","floor":17},{"not_picked":["Bloodletting","Intimidate"],"picked":"Entrench","floor":17},{"not_picked":["Power Through","Perfected Strike"],"picked":"Body Slam","floor":17},{"not_picked":["Thunderclap","True Grit","Wild Strike"],"picked":"SKIP","floor":18},{"not_picked":["Juggernaut","Battle Trance"],"picked":"Sever Soul+1","floor":20}],"player_experience":362146,"relics_obtained":[{"floor":7,"key":"Matryoshka"},{"floor":9,"key":"Smiling Mask"},{"floor":9,"key":"Whetstone"},{"floor":10,"key":"Ice Cream"}],"event_choices":[{"damage_healed":0,"gold_gain":0,"player_choice":"Grow","damage_taken":0,"max_hp_gain":0,"max_hp_loss":0,"event_name":"Living Wall","floor":4,"gold_loss":0,"cards_upgraded":["Bash"]},{"damage_healed":0,"gold_gain":0,"player_choice":"Donut","damage_taken":0,"max_hp_gain":5,"max_hp_loss":0,"event_name":"Big Fish","floor":12,"gold_loss":0}],"is_beta":false,"boss_relics":[{"not_picked":["Cursed Key","Coffee Dripper"],"picked":"Orrery"}],"items_purged_floors":[3,19],"is_endless":false,"potions_floor_spawned":[2,5,7,18,20],"killed_by":"Sentry and Sphere","ascension_level":5}