{"path_per_floor":["M","?","M","M","M","R","E","R","T","E","R","E"],"character_chosen":"DEFECT","items_purchased":[],"gold_per_floor":[109,109,132,150,173,173,211,211,238,278,278,316,286],"floor_reached":13,"campfire_rested":0,"playtime":432,"item_purchase_floors":[],"current_hp_per_floor":[74,54,47,46,38,38,24,24,24,17,17,3,0],"items_purged":[],"gold":286,"score":103,"play_id":"89843918-dd86-4dde-b0c2-e5caeae61de7","local_time":"20180605194746","is_prod":false,"is_daily":false,"chose_seed":false,"is_ascension_mode":false,"campfire_upgraded":3,"win_rate":0.0,"timestamp":1528220866,"campfire_choices":[{"data":"Streamline","floor":6,"key":"SMITH"},{"data":"Streamline","floor":8,"key":"SMITH"},{"data":"Dualcast","floor":11,"key":"SMITH"}],"path_taken":["M","?","M","M","M","R","E","R","T","E","R","E","M"],"build_version":"2018-05-31","seed_source_timestamp":327806711216098,"purchased_purges":0,"victory":false,"master_deck":["Strike_B+1","Strike_B+1","Strike_B","Strike_B","Defend_B","Defend_B","Defend_B","Defend_B","Zap","Dualcast+1","Defragment","Streamline+1","Streamline+1","Meteor Strike"],"max_hp_per_floor":[82,82,82,82,82,82,82,82,82,82,82,84,84],"relics":["Cracked Core","Golden Idol","Anchor","Singing Bowl","Whetstone","Art of War"],"card_choices":[{"not_picked":["Streamline","Ball Lightning"],"picked":"Defragment","floor":1},{"not_picked":["Compile Driver","Cold Snap","Sweeping Beam"],"picked":"SKIP","floor":3},{"not_picked":["Fusion","Redo"],"picked":"Streamline","floor":4},{"not_picked":["Barrage","Coolheaded"],"picked":"Streamline","floor":5},{"not_picked":["Steam","Sweeping Beam","Hello World"],"picked":"SKIP","floor":7},{"not_picked":["Streamline","Cold Snap"],"picked":"Meteor Strike","floor":10},{"not_picked":["Coolheaded","Leap","Barrage"],"picked":"Singing Bowl","floor":12}],"player_experience":322171,"potions_floor_usage":[10,13],"damage_taken":[{"damage":8,"enemies":"Small Slimes","floor":1,"turns":4},{"damage":7,"enemies":"Jaw Worm","floor":3,"turns":5},{"damage":1,"enemies":"2 Louse","floor":4,"turns":2},{"damage":8,"enemies":"2 Fungi Beasts","floor":5,"turns":3},{"damage":14,"enemies":"3 Sentries","floor":7,"turns":6},{"damage":7,"enemies":"Gremlin Nob","floor":10,"turns":3},{"damage":16,"enemies":"3 Sentries","floor":12,"turns":6},{"damage":9,"enemies":"Exordium Thugs","floor":13,"turns":2}],"relics_obtained":[{"floor":7,"key":"Anchor"},{"floor":9,"key":"Singing Bowl"},{"floor":10,"key":"Whetstone"},{"floor":12,"key":"Art of War"}],"event_choices":[{"event_name":"Golden Idol","player_choice":"Take Damage","floor":2,"damage_taken":0}],"boss_relics":[],"items_purged_floors":[],"potions_floor_spawned":[3,4,10],"seed_played":"-5235989478055514315","killed_by":"Exordium Thugs","ascension_level":0,"potions_obtained":[{"floor":3,"key":"Fire Potion"},{"floor":4,"key":"SpeedPotion"},{"floor":10,"key":"Explosive Potion"}],"is_trial":false}