{"path_per_floor":["M","?","M","?","M","R","M","M","T","R","M","M","M","M","R","B",null,"M","M","$","M","$","R","E","?","T","?","?","?","M","M","R"],"character_chosen":"THE_SILENT","items_purchased":["Apotheosis","Block Potion"],"gold_per_floor":[109,109,125,225,235,235,254,265,319,319,334,353,365,376,376,473,473,493,508,247,262,111,111,145,145,170,170,85,85,102,121,121],"floor_reached":33,"campfire_rested":3,"playtime":3608,"current_hp_per_floor":[70,63,63,63,63,63,59,56,56,56,49,49,41,34,55,28,70,63,49,49,30,30,51,43,43,43,43,43,43,39,17,38],"items_purged":["Strike_G","Strike_G"],"gold":121,"play_id":"728115ff-69f5-4cb9-86b4-9fb71ab17601","is_prod":false,"is_daily":false,"is_ascension_mode":false,"campfire_upgraded":2,"path_taken":["M","?","M","?","M","R","M","M","T","R","M","M","?","M","R","BOSS","M","M","$","M","$","R","E","?","T","?","?","?","M","M","R","BOSS"],"build_version":"2018-01-25-PROD3","purchased_purges":2,"victory":false,"master_deck":["Defend_G","Defend_G","Defend_G","Defend_G","Defend_G","Strike_G","Strike_G","Strike_G+1","Survivor+1","Neutralize+1","Masterful Stab","Prepared","Choke","Endless Agony","Dagger Spray","Outmaneuver","Backflip","Terror","Deflect","A Thousand Cuts","Dodge and Roll+1","Blur","Apotheosis+1","Acrobatics+1","Prepared+1","Escape Plan+1","Tactician"],"max_hp_per_floor":[70,70,70,70,70,70,70,70,70,70,70,70,70,70,70,70,70,70,70,70,70,70,70,70,70,70,70,70,70,70,70,70],"relics":["Ring of the Snake","Happy Flower","Tiny Chest","Black Star","Girya","Peace Pipe","Toxic Egg","Omamori"],"card_choices":[{"not_picked":["Eviscerate","Deflect"],"picked":"Masterful Stab"},{"not_picked":["Escape Plan","Deflect"],"picked":"Prepared"},{"not_picked":["Bane","Malaise"],"picked":"Choke"},{"not_picked":["Dodge and Roll","Quick Slash"],"picked":"Endless Agony"},{"not_picked":["Glass Knife","PiercingWail"],"picked":"Dagger Spray"},{"not_picked":["Sucker Punch","Acrobatics"],"picked":"Outmaneuver"},{"not_picked":["Caltrops","PiercingWail"],"picked":"Backflip"},{"not_picked":["Concentrate","Crippling Poison"],"picked":"Terror"},{"not_picked":["Riddle With Holes","Terror"],"picked":"Deflect"},{"not_picked":["Corpse Explosion","Storm of Steel"],"picked":"A Thousand Cuts"},{"not_picked":["Prepared","Poisoned Stab"],"picked":"Dodge and Roll"},{"not_picked":["Poisoned Stab","Acrobatics"],"picked":"Blur"},{"not_picked":["After Image","Caltrops"],"picked":"Acrobatics"},{"not_picked":["PiercingWail","Dagger Throw"],"picked":"Prepared"},{"not_picked":["Backstab","Underhanded Strike"],"picked":"Escape Plan"},{"not_picked":["Accuracy","Outmaneuver"],"picked":"Tactician"}],"player_experience":117806,"potions_floor_usage":[12,19,19,21,24,30],"damage_taken":[{"damage":0,"enemies":"Small Slimes","floor":1,"turns":5},{"damage":0,"enemies":"Jaw Worm","floor":3,"turns":3},{"damage":0,"enemies":"2 Louse","floor":5,"turns":4},{"damage":4,"enemies":"2 Fungi Beasts","floor":7,"turns":4},{"damage":3,"enemies":"Red Slaver","floor":8,"turns":3},{"damage":7,"enemies":"Exordium Thugs","floor":11,"turns":4},{"damage":0,"enemies":"2 Fungi Beasts","floor":12,"turns":2},{"damage":8,"enemies":"Large Slime","floor":13,"turns":6},{"damage":7,"enemies":"Exordium Thugs","floor":14,"turns":6},{"damage":27,"enemies":"Hexaghost","floor":16,"turns":10},{"damage":7,"enemies":"Shell Parasite","floor":18,"turns":6},{"damage":14,"enemies":"Spheric Guardian","floor":19,"turns":6},{"damage":19,"enemies":"Slaver and Parasite","floor":21,"turns":10},{"damage":8,"enemies":"Book of Stabbing","floor":24,"turns":7},{"damage":4,"enemies":"Centurion and Healer","floor":30,"turns":7},{"damage":22,"enemies":"Sentry and Sphere","floor":31,"turns":8},{"damage":68,"enemies":"Collector","floor":33,"turns":5}],"event_choices":[{"event_name":"Scrap Ooze","player_choice":"success","floor":2,"damage_taken":7},{"event_name":"Golden Shrine","player_choice":"Pray","floor":4,"damage_taken":0},{"event_name":"Cursed Tome","player_choice":"Ignored","floor":25,"damage_taken":0},{"event_name":"Drug Dealer","player_choice":"Ignored","floor":27,"damage_taken":0},{"event_name":"Addict","player_choice":"Obtained Relic","floor":28,"damage_taken":0},{"event_name":"Forgotten Altar","player_choice":"Smashed Altar","floor":29,"damage_taken":0}],"boss_relics":[{"not_picked":["The Specimen","Tiny House"],"picked":"Black Star"}],"potions_floor_spawned":[1,3,7,11,12,18,21],"seed_played":"4167063372751451354","killed_by":"Collector","ascension_level":0,"is_trial":false}