{"path_per_floor":["M","M","M","M","M","E","M","E","T","?","M","?","R","M","R"],"character_chosen":"IRONCLAD","items_purchased":[],"gold_per_floor":[110,129,139,155,173,208,227,255,280,280,292,292,292,311,311,311],"floor_reached":16,"campfire_rested":0,"playtime":954,"current_hp_per_floor":[80,80,80,51,61,54,58,57,57,57,52,52,52,47,47,0],"items_purged":[],"gold":311,"score":116,"play_id":"3c070ee1-f383-4671-8aa6-6bf76fe8ac10","local_time":"20180521153246","is_prod":false,"is_daily":false,"chose_seed":false,"is_ascension_mode":false,"campfire_upgraded":2,"timestamp":1526909566,"campfire_choices":[{"data":"Feel No Pain","floor":13,"key":"SMITH"},{"data":"Reckless Charge","floor":15,"key":"SMITH"}],"path_taken":["M","M","M","M","M","E","M","E","T","?","M","?","R","?","R","BOSS"],"build_version":"2018-05-17","seed_source_timestamp":63192937821222,"purchased_purges":0,"victory":false,"master_deck":["Strike_R","Strike_R","Strike_R","Strike_R","Strike_R","Defend_R","Defend_R","Defend_R","Defend_R","Bash","Feel No Pain+1","Pummel","Havoc","Flame Barrier","Reckless Charge+1","Exhume","Regret","Whirlwind","Injury","Inflame"],"max_hp_per_floor":[80,80,80,80,85,85,85,92,92,92,92,92,92,92,92,92],"relics":["Burning Blood","Bottled Flame","Strawberry","Blood Vial","Vajra","Golden Idol"],"card_choices":[{"not_picked":["Clash","Clothesline"],"picked":"Feel No Pain","floor":1},{"not_picked":["Feel No Pain","Combust"],"picked":"Pummel","floor":2},{"not_picked":["Clothesline","Twin Strike"],"picked":"Havoc","floor":3},{"not_picked":["Havoc","Bloodletting"],"picked":"Flame Barrier","floor":4},{"not_picked":["Inflame","Whirlwind"],"picked":"Reckless Charge","floor":5},{"not_picked":["Power Through","Thunderclap"],"picked":"Exhume","floor":6},{"not_picked":["Iron Wave","Wild Strike","Heavy Blade"],"picked":"SKIP","floor":7},{"not_picked":["Clash","Sword Boomerang","Twin Strike"],"picked":"SKIP","floor":8},{"not_picked":["Armaments","Havoc"],"picked":"Whirlwind","floor":11},{"not_picked":["Body Slam","Immolate"],"picked":"Inflame","floor":14}],"player_experience":261465,"potions_floor_usage":[5,8,14],"damage_taken":[{"damage":1,"enemies":"2 Louse","floor":1,"turns":3},{"damage":2,"enemies":"Small Slimes","floor":2,"turns":5},{"damage":5,"enemies":"Jaw Worm","floor":3,"turns":5},{"damage":35,"enemies":"Exordium Thugs","floor":4,"turns":8},{"damage":1,"enemies":"3 Louse","floor":5,"turns":7},{"damage":13,"enemies":"3 Sentries","floor":6,"turns":11},{"damage":2,"enemies":"Blue Slaver","floor":7,"turns":5},{"damage":14,"enemies":"Gremlin Nob","floor":8,"turns":4},{"damage":13,"enemies":"Looter","floor":11,"turns":3},{"damage":22,"enemies":"Exordium Thugs","floor":14,"turns":5},{"damage":63,"enemies":"Slime Boss","floor":16,"turns":9}],"relics_obtained":[{"floor":6,"key":"Bottled Flame"},{"floor":8,"key":"Strawberry"},{"floor":9,"key":"Blood Vial"}],"event_choices":[{"event_name":"Big Fish","player_choice":"Box","floor":10,"damage_taken":0},{"event_name":"Golden Idol","player_choice":"Take Wound","floor":12,"damage_taken":0}],"boss_relics":[],"potions_floor_spawned":[3,5,7],"seed_played":"-395331050370134480","killed_by":"Slime Boss","ascension_level":0,"potions_obtained":[{"floor":3,"key":"Fruit Juice"},{"floor":5,"key":"Strength Potion"},{"floor":7,"key":"BloodPotion"}],"is_trial":false}