{"path_per_floor":["M","M","M","M","?","E","M","M","T","E","M","R","?","M","R","B",null,"M","M","M","M","M"],"character_chosen":"DEFECT","items_purchased":[],"gold_per_floor":[112,128,147,157,157,184,197,208,208,242,256,256,277,296,296,394,424,439,422,442,462,475,475],"floor_reached":23,"campfire_rested":1,"playtime":977,"item_purchase_floors":[],"current_hp_per_floor":[75,69,69,68,68,51,37,30,30,37,37,37,11,12,39,10,99,92,67,48,32,12,0],"items_purged":[],"gold":475,"score":261,"play_id":"2913c40d-ea3b-4f7e-91a4-fec261b66c32","local_time":"20180621153836","is_prod":false,"is_daily":false,"chose_seed":false,"is_ascension_mode":false,"campfire_upgraded":1,"win_rate":0,"timestamp":1529588316,"campfire_choices":[{"data":"Dualcast","floor":12,"key":"SMITH"},{"floor":15,"key":"REST"}],"path_taken":["M","M","M","M","?","E","M","M","T","E","M","R","?","M","R","BOSS","M","M","M","M","M","E"],"build_version":"2018-06-14v2","seed_source_timestamp":6899820537991,"purchased_purges":0,"victory":false,"master_deck":["Strike_B+1","Strike_B","Strike_B","Strike_B","Defend_B","Defend_B","Defend_B","Defend_B","Zap+1","Dualcast+1","Double Energy","Machine Learning","Core Surge","Streamline+1","Force Field"],"max_hp_per_floor":[75,75,75,75,75,77,79,81,81,90,90,90,90,92,92,92,99,101,101,103,105,105,105],"relics":["Cracked Core","Ancient Tea Set","Singing Bowl","Happy Flower","Strawberry","Odd Mushroom","Tiny House"],"card_choices":[{"not_picked":["Steam","Barrage","Hologram"],"picked":"SKIP","floor":1},{"not_picked":["Gash","Undo","Fusion"],"picked":"SKIP","floor":2},{"not_picked":["Redo","Compile Driver","Chill"],"picked":"SKIP","floor":3},{"not_picked":["Beam Cell","Stack","Fusion"],"picked":"SKIP","floor":4},{"not_picked":["Hologram","All For One","Conserve Battery"],"picked":"Singing Bowl","floor":6},{"not_picked":["Turbo","Gash","Conserve Battery"],"picked":"Singing Bowl","floor":7},{"not_picked":["Glacier","Hologram","Conserve Battery"],"picked":"Singing Bowl","floor":8},{"not_picked":["Sweeping Beam","Turbo","Rebound"],"picked":"Singing Bowl","floor":10},{"not_picked":["Steam Power","Ball Lightning"],"picked":"Double Energy","floor":11},{"not_picked":["Hologram","Turbo"],"picked":"Machine Learning","floor":13},{"not_picked":["Steam Power","Leap","Undo"],"picked":"Singing Bowl","floor":14},{"not_picked":["Amplify","Rainbow"],"picked":"Core Surge","floor":16},{"not_picked":["Steam","Turbo","Redo"],"picked":"Singing Bowl","floor":17},{"not_picked":["Skim","Seek","Steam Power"],"picked":"Singing Bowl","floor":18},{"not_picked":["Stack","Compile Driver"],"picked":"Streamline+1","floor":19},{"not_picked":["Gash+1","Ball Lightning","Turbo"],"picked":"Singing Bowl","floor":20},{"not_picked":["Barrage","Gash","Rebound"],"picked":"Singing Bowl","floor":21},{"not_picked":["Gash","Stack"],"picked":"Force Field","floor":22}],"player_experience":368097,"potions_floor_usage":[6,10,10,16,16,20,20,23],"damage_taken":[{"damage":0,"enemies":"Cultist","floor":1,"turns":3},{"damage":6,"enemies":"2 Louse","floor":2,"turns":2},{"damage":0,"enemies":"Small Slimes","floor":3,"turns":3},{"damage":1,"enemies":"2 Fungi Beasts","floor":4,"turns":4},{"damage":19,"enemies":"Gremlin Nob","floor":6,"turns":4},{"damage":16,"enemies":"3 Louse","floor":7,"turns":3},{"damage":9,"enemies":"Exordium Wildlife","floor":8,"turns":4},{"damage":16,"enemies":"Lagavulin","floor":10,"turns":7},{"damage":0,"enemies":"Looter","floor":11,"turns":3},{"damage":26,"floor":13,"turns":4},{"damage":1,"enemies":"3 Louse","floor":14,"turns":4},{"damage":29,"enemies":"Slime Boss","floor":16,"turns":9},{"damage":9,"enemies":"Chosen","floor":18,"turns":6},{"damage":25,"enemies":"2 Thieves","floor":19,"turns":4},{"damage":21,"enemies":"Snake Plant","floor":20,"turns":4},{"damage":18,"enemies":"Snecko","floor":21,"turns":5},{"damage":20,"enemies":"Sentry and Sphere","floor":22,"turns":6},{"damage":28,"enemies":"Book of Stabbing","floor":23,"turns":3}],"relics_obtained":[{"floor":6,"key":"Singing Bowl"},{"floor":9,"key":"Happy Flower"},{"floor":10,"key":"Strawberry"},{"floor":13,"key":"Odd Mushroom"}],"event_choices":[{"event_name":"Living Wall","player_choice":"Grow","floor":5,"damage_taken":0},{"event_name":"Mushrooms","player_choice":"Fought Mushrooms","floor":13,"damage_taken":0}],"boss_relics":[{"not_picked":["Busted Crown","Sozu"],"picked":"Tiny House"}],"items_purged_floors":[],"is_endless":false,"potions_floor_spawned":[2,3,6,8,13,14,16,18,22],"seed_played":"7195836526212836909","killed_by":"Book of Stabbing","ascension_level":0,"potions_obtained":[{"floor":2,"key":"EssenceOfSteel"},{"floor":3,"key":"Poison Potion"},{"floor":6,"key":"Poison Potion"},{"floor":8,"key":"Regen Potion"},{"floor":13,"key":"SmokeBomb"},{"floor":14,"key":"Strength Potion"},{"floor":16,"key":"SteroidPotion"},{"floor":17,"key":"LiquidBronze"},{"floor":18,"key":"EssenceOfSteel"},{"floor":22,"key":"Ancient Potion"}],"is_trial":false}