{"gold_per_floor":[113,113,123,139,2,34,34,60,115,115,134,134,148,178,178,253,253,273,323,323,24,44,44,44,55,55,83,95,126,163,66,66,141,141,160,160,173,73,90,190,222,222,274,286,17,17,0,12,12,12],"floor_reached":51,"playtime":3114,"items_purged":["Strike_G","Strike_G","Strike_G"],"score":1258,"play_id":"4fee1015-a4c6-4b6d-9e6d-dc9dc74b834c","local_time":"20190217181327","is_ascension_mode":true,"campfire_choices":[{"data":"Footwork","floor":7,"key":"SMITH"},{"data":"Terror","floor":10,"key":"SMITH"},{"floor":15,"key":"REST"},{"floor":23,"key":"REST"},{"data":"Catalyst","floor":28,"key":"SMITH"},{"floor":32,"key":"REST"},{"data":"Footwork","floor":42,"key":"SMITH"},{"floor":46,"key":"REST"},{"data":"Noxious Fumes","floor":49,"key":"SMITH"}],"neow_cost":"NONE","seed_source_timestamp":206568523972500,"circlet_count":0,"master_deck":["AscendersBane","Defend_G","Defend_G","Defend_G","Defend_G","Defend_G","Strike_G+1","Survivor","Neutralize+1","Flying Knee","Terror+1","Deflect","Dagger Spray","Footwork+1","PiercingWail","Bane","Bouncing Flask","Deflect","Well Laid Plans","PiercingWail","All Out Attack","Malaise","Dodge and Roll","Catalyst+1","PiercingWail","Well Laid Plans+1","Bane","Footwork+1","Blur","Bouncing Flask","Corpse Explosion","Backflip","Caltrops+1","Footwork","Dodge and Roll","Noxious Fumes+1","Deadly Poison","Bouncing Flask"],"relics":["Ring of the Serpent","Pen Nib","Pear","Omamori","Art of War","Ginger","Whetstone","Dream Catcher","MawBank","Pantograph","Lizard Tail","Calipers","Gambling Chip","Boot","Oddly Smooth Stone","Red Mask"],"potions_floor_usage":[6,8,30,33,39,41,50],"damage_taken":[{"damage":6,"enemies":"Small Slimes","floor":1,"turns":5},{"damage":1,"enemies":"Cultist","floor":3,"turns":3},{"damage":0,"enemies":"Jaw Worm","floor":4,"turns":2},{"damage":11,"enemies":"Gremlin Nob","floor":6,"turns":4},{"damage":8,"enemies":"Lagavulin","floor":8,"turns":7},{"damage":0,"enemies":"Exordium Thugs","floor":11,"turns":2},{"damage":0,"enemies":"Blue Slaver","floor":13,"turns":4},{"damage":19,"enemies":"3 Sentries","floor":14,"turns":7},{"damage":32,"enemies":"Slime Boss","floor":16,"turns":16},{"damage":3,"enemies":"3 Byrds","floor":18,"turns":6},{"damage":0,"enemies":"Chosen","floor":22,"turns":4},{"damage":15,"enemies":"Sentry and Sphere","floor":25,"turns":9},{"damage":0,"enemies":"Snake Plant","floor":27,"turns":6},{"damage":21,"enemies":"Shelled Parasite and Fungi","floor":29,"turns":6},{"damage":13,"enemies":"Book of Stabbing","floor":30,"turns":7},{"damage":74,"enemies":"Collector","floor":33,"turns":9},{"damage":5,"enemies":"3 Shapes","floor":35,"turns":8},{"damage":10,"enemies":"Orb Walker","floor":37,"turns":5},{"damage":33,"enemies":"Sphere and 2 Shapes","floor":39,"turns":8},{"damage":0,"enemies":"Mind Bloom Boss Battle","floor":40,"turns":7},{"damage":12,"enemies":"Nemesis","floor":41,"turns":13},{"damage":28,"enemies":"Jaw Worm Horde","floor":44,"turns":4},{"damage":0,"enemies":"Writhing Mass","floor":48,"turns":8},{"damage":53,"enemies":"Time Eater","floor":50,"turns":15}],"seed_played":"8515499771227223449","potions_obtained":[{"floor":3,"key":"GhostInAJar"},{"floor":4,"key":"EssenceOfSteel"},{"floor":8,"key":"FairyPotion"},{"floor":13,"key":"FearPotion"},{"floor":29,"key":"Strength Potion"},{"floor":30,"key":"Weak Potion"},{"floor":33,"key":"Explosive Potion"},{"floor":35,"key":"Weak Potion"},{"floor":39,"key":"Block Potion"},{"floor":44,"key":"SpeedPotion"}],"is_trial":false,"path_per_floor":["M","?","M","M","$","E","R","E","T","R","M","?","M","E","R","B",null,"M","?","?","$","M","R","?","M","T","M","R","M","E","$","R","B",null,"M","?","M","$","M","?","E","R","T","M","$","R","?","M","R","B",null],"character_chosen":"THE_SILENT","items_purchased":["Footwork","PiercingWail","Bane","Catalyst","Whetstone","Footwork","Blur","Oddly Smooth Stone"],"campfire_rested":4,"item_purchase_floors":[5,5,5,21,21,31,31,45],"current_hp_per_floor":[53,53,52,52,52,51,51,43,43,43,43,43,43,24,46,14,61,58,58,36,36,36,60,60,45,45,45,45,24,11,11,35,8,63,58,58,48,48,15,40,28,28,28,40,40,64,64,64,64,28],"gold":12,"neow_bonus":"RANDOM_COMMON_RELIC","is_prod":false,"is_daily":false,"chose_seed":false,"campfire_upgraded":5,"win_rate":0,"timestamp":1550423607,"path_taken":["M","?","M","?","$","E","R","E","T","R","M","?","M","E","R","BOSS","M","?","?","$","M","R","?","M","T","M","R","M","E","?","R","BOSS","M","?","M","$","M","?","E","R","T","M","$","R","?","M","R","BOSS"],"build_version":"2019-01-23","purchased_purges":3,"victory":true,"max_hp_per_floor":[66,66,66,66,66,76,76,76,76,76,76,76,76,76,76,76,76,76,76,81,81,81,81,81,81,81,81,81,81,81,81,81,81,81,81,81,81,81,81,81,81,81,81,81,81,81,81,81,81,81],"card_choices":[{"not_picked":["Dagger Throw","Cloak And Dagger"],"picked":"Flying Knee","floor":1},{"not_picked":["Finisher","Acrobatics"],"picked":"Deflect","floor":3},{"not_picked":["Backflip","Quick Slash"],"picked":"Dagger Spray","floor":4},{"not_picked":["Riddle With Holes","Prepared"],"picked":"Bouncing Flask","floor":6},{"not_picked":["Dagger Throw","Flechettes"],"picked":"Deflect","floor":8},{"not_picked":["Heel Hook","Masterful Stab","Slice"],"picked":"SKIP","floor":11},{"not_picked":["Well Laid Plans","Slice"],"picked":"PiercingWail","floor":13},{"not_picked":["Outmaneuver","Terror"],"picked":"All Out Attack","floor":14},{"not_picked":["Phantasmal Killer","Envenom"],"picked":"Malaise","floor":16},{"not_picked":["Backflip","Skewer"],"picked":"Dodge and Roll","floor":18},{"not_picked":["Slice","Prepared"],"picked":"PiercingWail","floor":22},{"not_picked":["Choke","Acrobatics"],"picked":"Well Laid Plans+1","floor":25},{"not_picked":["Quick Slash","Dagger Throw","Poisoned Stab+1"],"picked":"SKIP","floor":27},{"not_picked":["Dodge and Roll","Night Terror"],"picked":"Bane","floor":29},{"not_picked":["Tactician","Riddle With Holes","Predator"],"picked":"SKIP","floor":30},{"not_picked":["Bane","Blade Dance"],"picked":"Bouncing Flask","floor":32},{"not_picked":["A Thousand Cuts","Adrenaline"],"picked":"Corpse Explosion","floor":33},{"not_picked":["Tactician","Deflect"],"picked":"Backflip","floor":35},{"not_picked":["Heel Hook","Flying Knee","Quick Slash"],"picked":"SKIP","floor":37},{"not_picked":["Quick Slash+1","Blade Dance+1"],"picked":"Caltrops+1","floor":39},{"not_picked":["Caltrops","Heel Hook"],"picked":"Footwork","floor":40},{"not_picked":["Acrobatics","Dash"],"picked":"Dodge and Roll","floor":41},{"not_picked":["Dagger Spray","Outmaneuver"],"picked":"Noxious Fumes","floor":44},{"not_picked":["Glass Knife","Dagger Spray"],"picked":"Deadly Poison","floor":46},{"not_picked":["Acrobatics","Deflect"],"picked":"Bouncing Flask","floor":48}],"player_experience":508925,"relics_obtained":[{"floor":6,"key":"Pear"},{"floor":8,"key":"Omamori"},{"floor":9,"key":"Art of War"},{"floor":14,"key":"Ginger"},{"floor":26,"key":"MawBank"},{"floor":30,"key":"Pantograph"},{"floor":40,"key":"Calipers"},{"floor":41,"key":"Gambling Chip"},{"floor":43,"key":"Boot"}],"event_choices":[{"damage_healed":0,"gold_gain":0,"player_choice":"1 cards matched","damage_taken":0,"max_hp_gain":0,"max_hp_loss":0,"event_name":"Match and Keep!","floor":2,"gold_loss":0,"cards_obtained":["Terror"]},{"damage_healed":0,"gold_gain":0,"cards_transformed":["Strike_G"],"player_choice":"Transformed","damage_taken":0,"max_hp_gain":0,"max_hp_loss":0,"event_name":"Transmorgrifier","floor":12,"gold_loss":0,"cards_obtained":["Well Laid Plans"]},{"damage_healed":0,"gold_gain":50,"player_choice":"Stole From Cult","damage_taken":0,"max_hp_gain":0,"max_hp_loss":0,"event_name":"Nest","floor":19,"gold_loss":0},{"damage_healed":0,"gold_gain":0,"player_choice":"Shed Blood","damage_taken":27,"max_hp_gain":5,"max_hp_loss":0,"event_name":"Forgotten Altar","floor":20,"gold_loss":0},{"damage_healed":0,"gold_gain":0,"player_choice":"Stole Relic","damage_taken":0,"relics_obtained":["Dream Catcher"],"max_hp_gain":0,"max_hp_loss":0,"event_name":"Addict","floor":24,"gold_loss":0,"cards_obtained":["Shame"]},{"damage_healed":0,"gold_gain":0,"player_choice":"Memory 1","damage_taken":0,"max_hp_gain":0,"max_hp_loss":0,"event_name":"SensoryStone","floor":36,"gold_loss":0},{"damage_healed":0,"gold_gain":0,"player_choice":"Fight","damage_taken":0,"max_hp_gain":0,"max_hp_loss":0,"event_name":"MindBloom","floor":40,"gold_loss":0},{"damage_healed":0,"gold_gain":0,"player_choice":"Paid","damage_taken":0,"relics_obtained":["Red Mask"],"max_hp_gain":0,"max_hp_loss":0,"event_name":"Tomb of Lord Red Mask","floor":47,"gold_loss":17}],"is_beta":false,"boss_relics":[{"not_picked":["WristBlade","HoveringKite"],"picked":"Ring of the Serpent"},{"not_picked":["White Beast Statue","Philosopher\u0027s Stone"],"picked":"Lizard Tail"}],"items_purged_floors":[21,38,45],"is_endless":false,"potions_floor_spawned":[3,4,8,13,29,30,33,35,39,44],"ascension_level":15}