{"gold_per_floor":[114,114,114,189,189,224,243,270,297,312,327,327,337,352,352,447,447,466,480,480,480,497,497,497,497,497,497,497,497,273,293,293,293],"floor_reached":33,"playtime":3995,"items_purged":["Strike_R+1"],"score":330,"play_id":"73323c56-b79a-452d-91f3-02d0cf3014f7","local_time":"20190227225638","is_ascension_mode":false,"campfire_choices":[{"data":"Uppercut","floor":12.0,"key":"SMITH"},{"floor":15.0,"key":"REST"},{"data":"Armaments","floor":23.0,"key":"SMITH"},{"data":"Heavy Blade","floor":25.0,"key":"SMITH"},{"data":"Flame Barrier","floor":27.0,"key":"SMITH"},{"data":"Dual Wield","floor":29.0,"key":"SMITH"},{"floor":32,"key":"REST"}],"neow_cost":"NONE","seed_source_timestamp":973707958468795,"circlet_count":0,"master_deck":["Strike_R+1","Strike_R+1","Strike_R+1","Defend_R+1","Defend_R+1","Defend_R+1","Defend_R+1","Bash","Flame Barrier+1","Headbutt","Uppercut+1","Demon Form+1","Shrug It Off","Reaper","Twin Strike","Heavy Blade+1","Shrug It Off","Armaments+1","Dual Wield+1","Headbutt","Shrug It Off","Exhume","Metallicize+1"],"special_seed":0,"relics":["Burning Blood","NeowsBlessing","Vajra","Sundial","Frozen Egg 2","Omamori","Orrery","Singing Bowl","Anchor"],"potions_floor_usage":[31,31,33],"damage_taken":[{"damage":0.0,"enemies":"Small Slimes","floor":1.0,"turns":1.0},{"damage":0.0,"enemies":"3 Sentries","floor":6.0,"turns":2.0},{"damage":0.0,"enemies":"2 Louse","floor":7.0,"turns":2.0},{"damage":50.0,"enemies":"Lagavulin","floor":8.0,"turns":9.0},{"damage":1.0,"enemies":"Jaw Worm","floor":10.0,"turns":4.0},{"damage":8.0,"enemies":"3 Louse","floor":11.0,"turns":4.0},{"damage":11.0,"enemies":"2 Fungi Beasts","floor":13.0,"turns":4.0},{"damage":7.0,"enemies":"Large Slime","floor":14.0,"turns":8.0},{"damage":0.0,"enemies":"Slime Boss","floor":16.0,"turns":9.0},{"damage":21.0,"enemies":"Shell Parasite","floor":18.0,"turns":6.0},{"damage":25.0,"enemies":"Chosen","floor":19.0,"turns":7.0},{"damage":14.0,"enemies":"Snecko","floor":22.0,"turns":5.0},{"damage":13,"enemies":"Cultist and Chosen","floor":31,"turns":8},{"damage":129,"enemies":"Automaton","floor":33,"turns":14}],"seed_played":"8085945890502036056","potions_obtained":[{"floor":1.0,"key":"Explosive Potion"},{"floor":8.0,"key":"PowerPotion"},{"floor":10.0,"key":"SteroidPotion"},{"floor":13.0,"key":"Energy Potion"},{"floor":14.0,"key":"Strength Potion"},{"floor":18.0,"key":"Explosive Potion"},{"floor":22.0,"key":"SteroidPotion"},{"floor":31,"key":"Dexterity Potion"}],"is_trial":false,"path_per_floor":["M","?","?","?","?","E","M","E","T","M","M","R","M","M","R","B",null,"M","M","?","?","M","R","?","R","T","R","?","R","$","M","R","B"],"character_chosen":"IRONCLAD","items_purchased":["Anchor"],"campfire_rested":2,"item_purchase_floors":[30],"current_hp_per_floor":[80,68,61,50,76,80,80,36,36,41,39,39,34,33,57,63,80,65,64,64,64,56,56,56,56,56,56,56,56,56,61,80,0],"gold":293,"neow_bonus":"THREE_ENEMY_KILL","is_prod":false,"is_daily":false,"chose_seed":false,"campfire_upgraded":5,"win_rate":0,"timestamp":1551275798,"path_taken":["M","?","?","?","?","E","M","E","T","M","M","R","M","M","R","BOSS","M","M","?","?","M","R","?","R","T","R","?","R","$","M","R","BOSS"],"build_version":"2019-01-23","purchased_purges":1,"victory":false,"max_hp_per_floor":[80,80,80,80,80,80,80,80,80,80,80,80,80,80,80,80,80,80,80,80,80,80,80,80,80,80,80,80,80,80,80,80,80],"card_choices":[{"not_picked":["Burning Pact","Havoc"],"picked":"Flame Barrier","floor":1.0},{"not_picked":["Second Wind","Warcry","Hemokinesis"],"picked":"SKIP","floor":6.0},{"not_picked":["Body Slam","Inflame"],"picked":"Entrench","floor":7.0},{"not_picked":["Rupture","Heavy Blade"],"picked":"Headbutt","floor":8.0},{"not_picked":["Anger","Bloodletting"],"picked":"Uppercut","floor":10.0},{"not_picked":["Iron Wave","Perfected Strike"],"picked":"Demon Form+1","floor":11.0},{"not_picked":["Second Wind","Rampage","Thunderclap"],"picked":"SKIP","floor":13.0},{"not_picked":["Thunderclap","Cleave"],"picked":"Shrug It Off","floor":14.0},{"not_picked":["Limit Break","Bludgeon"],"picked":"Reaper","floor":16.0},{"not_picked":["Cleave","Wild Strike"],"picked":"Twin Strike","floor":17.0},{"not_picked":["Second Wind","Clash"],"picked":"Heavy Blade","floor":17.0},{"not_picked":["Evolve+1","Rupture+1"],"picked":"Shrug It Off","floor":17.0},{"not_picked":["Pommel Strike","Sword Boomerang"],"picked":"Armaments","floor":18.0},{"not_picked":["Wild Strike","Entrench"],"picked":"Dual Wield","floor":19.0},{"not_picked":["Combust+1","Headbutt"],"picked":"Shrug It Off","floor":22.0},{"not_picked":["Dark Embrace+1","Uppercut"],"picked":"Metallicize+1","floor":31}],"player_experience":461262,"relics_obtained":[{"floor":6.0,"key":"Sundial"},{"floor":8.0,"key":"Frozen Egg 2"},{"floor":9.0,"key":"Omamori"},{"floor":26.0,"key":"Singing Bowl"}],"event_choices":[{"damage_healed":0.0,"max_hp_gain":0.0,"max_hp_loss":0.0,"gold_gain":0.0,"event_name":"Scrap Ooze","player_choice":"Success","floor":2.0,"gold_loss":0.0,"damage_taken":12.0,"relics_obtained":["Vajra"]},{"cards_removed":["Strike_R"],"damage_healed":0.0,"max_hp_gain":0.0,"max_hp_loss":0.0,"gold_gain":0.0,"event_name":"Golden Wing","player_choice":"Card Removal","floor":3.0,"gold_loss":0.0,"damage_taken":7.0},{"damage_healed":0.0,"max_hp_gain":0.0,"max_hp_loss":0.0,"gold_gain":75.0,"event_name":"World of Goop","player_choice":"Gather Gold","floor":4.0,"gold_loss":0.0,"damage_taken":11.0},{"damage_healed":26.0,"max_hp_gain":0.0,"max_hp_loss":0.0,"gold_gain":0.0,"event_name":"Big Fish","player_choice":"Banana","floor":5.0,"gold_loss":0.0,"damage_taken":0.0},{"damage_healed":0.0,"max_hp_gain":0.0,"max_hp_loss":0.0,"gold_gain":0.0,"event_name":"The Library","player_choice":"Read","floor":20.0,"gold_loss":0.0,"damage_taken":0.0,"cards_obtained":["Headbutt"]},{"damage_healed":0.0,"max_hp_gain":0.0,"max_hp_loss":0.0,"gold_gain":0.0,"event_name":"Back to Basics","player_choice":"Simplicity","floor":21.0,"gold_loss":0.0,"damage_taken":0.0,"cards_upgraded":["Strike_R","Strike_R","Strike_R","Strike_R","Defend_R","Defend_R","Defend_R","Defend_R"]},{"damage_healed":0.0,"max_hp_gain":0.0,"max_hp_loss":0.0,"gold_gain":0.0,"event_name":"Forgotten Altar","player_choice":"Smashed Altar","floor":24.0,"gold_loss":0.0,"damage_taken":0.0,"cards_obtained":["Decay"]},{"damage_healed":0.0,"max_hp_gain":0.0,"max_hp_loss":0.0,"gold_gain":0.0,"cards_transformed":["Entrench"],"event_name":"Transmorgrifier","player_choice":"Transformed","floor":28.0,"gold_loss":0.0,"damage_taken":0.0,"cards_obtained":["Exhume"]}],"is_beta":false,"boss_relics":[{"not_picked":["Coffee Dripper","Tiny House"],"picked":"Orrery"}],"items_purged_floors":[30],"is_endless":false,"potions_floor_spawned":[1,8,10,13,14,18,22,31],"killed_by":"Automaton","ascension_level":0}