{"gold_per_floor":[109,109,124,124,135,135,149,168,194,205,234,234,246,26,26,127,127,141,81,91,0,0,0,19,36,36,48,48,48,48,48,48,48],"floor_reached":33,"playtime":1523,"items_purged":["Strike_R"],"score":239,"play_id":"ce31a88f-2a68-4b9b-ba47-86f5f6e15b4b","local_time":"20190215201345","is_ascension_mode":false,"campfire_choices":[{"data":"Whirlwind","floor":6,"key":"SMITH"},{"data":"Shockwave","floor":12,"key":"SMITH"},{"floor":15,"key":"REST"},{"data":"Bash","floor":23,"key":"SMITH"},{"floor":29,"key":"REST"},{"data":"Armaments","floor":32,"key":"SMITH"}],"neow_cost":"NONE","seed_source_timestamp":28367390755534,"circlet_count":0,"master_deck":["Defend_R","Defend_R","Defend_R","Bash+1","Whirlwind+1","Armaments+1","Pommel Strike","Shrug It Off","Shockwave+1","Headbutt","Double Tap","Flame Barrier+1","Headbutt+1","Impervious"],"relics":["Eternal Feather","Regal Pillow","Bronze Scales","Odd Mushroom","Pen Nib","Empty Cage","Dodecahedron"],"potions_floor_usage":[8,16,18,24,25,27,33],"damage_taken":[{"damage":5,"enemies":"Small Slimes","floor":1,"turns":4},{"damage":1,"enemies":"Jaw Worm","floor":3,"turns":5},{"damage":1,"enemies":"Cultist","floor":5,"turns":4},{"damage":0,"enemies":"Large Slime","floor":7,"turns":4},{"damage":7,"enemies":"Red Slaver","floor":8,"turns":4},{"damage":0,"enemies":"3 Louse","floor":10,"turns":2},{"damage":18,"enemies":"The Mushroom Lair","floor":11,"turns":3},{"damage":2,"enemies":"Exordium Wildlife","floor":13,"turns":4},{"damage":55,"enemies":"The Guardian","floor":16,"turns":11},{"damage":10,"enemies":"2 Thieves","floor":18,"turns":4},{"damage":0,"enemies":"Chosen","floor":20,"turns":6},{"damage":12,"enemies":"3 Cultists","floor":24,"turns":3},{"damage":14,"enemies":"Shelled Parasite and Fungi","floor":25,"turns":5},{"damage":19,"enemies":"Centurion and Healer","floor":27,"turns":9},{"damage":86,"enemies":"Automaton","floor":33,"turns":10}],"seed_played":"-8370782301263245405","potions_obtained":[{"floor":1,"key":"Weak Potion"},{"floor":5,"key":"SteroidPotion"},{"floor":10,"key":"Ancient Potion"},{"floor":13,"key":"Regen Potion"},{"floor":16,"key":"PowerPotion"},{"floor":20,"key":"Explosive Potion"},{"floor":24,"key":"SkillPotion"},{"floor":25,"key":"FearPotion"}],"is_trial":false,"path_per_floor":["M","?","M","?","M","R","M","M","T","M","?","R","M","$","R","B",null,"M","?","M","?","?","R","M","M","T","M","?","R","$","?","R","B"],"character_chosen":"IRONCLAD","items_purchased":["Pen Nib"],"campfire_rested":2,"item_purchase_floors":[14],"current_hp_per_floor":[75,72,71,64,63,69,69,62,62,62,44,50,48,48,80,25,80,70,70,70,70,55,61,49,35,35,31,31,77,77,77,83,0],"gold":48,"neow_bonus":"BOSS_RELIC","is_prod":false,"is_daily":false,"chose_seed":false,"campfire_upgraded":4,"win_rate":0,"timestamp":1550283225,"path_taken":["M","?","M","?","M","R","M","M","T","M","?","R","M","$","R","BOSS","M","?","?","?","?","R","M","M","T","M","?","R","$","?","R","BOSS"],"build_version":"2019-01-23","purchased_purges":1,"victory":false,"max_hp_per_floor":[80,80,80,80,80,80,80,80,80,80,80,80,80,80,80,80,80,80,80,80,80,85,85,85,85,85,85,85,85,85,85,85,85],"card_choices":[{"not_picked":["Evolve","Anger"],"picked":"Whirlwind","floor":1},{"not_picked":["Sever Soul","Burning Pact"],"picked":"Armaments","floor":3},{"not_picked":["Sword Boomerang","Clash"],"picked":"Pommel Strike","floor":5},{"not_picked":["Combust","Rage","Thunderclap"],"picked":"SKIP","floor":7},{"not_picked":["Spot Weakness","Second Wind"],"picked":"Shrug It Off","floor":8},{"not_picked":["Carnage","Clash"],"picked":"Shockwave","floor":10},{"not_picked":["Second Wind","Wild Strike"],"picked":"Headbutt","floor":13},{"not_picked":["Bludgeon","Exhume"],"picked":"Double Tap","floor":16},{"not_picked":["Shrug It Off+1","Infernal Blade+1"],"picked":"Flame Barrier+1","floor":18},{"not_picked":["Heavy Blade","Spot Weakness","Body Slam"],"picked":"SKIP","floor":20},{"not_picked":["Uppercut","Rage"],"picked":"Headbutt+1","floor":24},{"not_picked":["Perfected Strike","Twin Strike","Clothesline"],"picked":"SKIP","floor":25},{"not_picked":["Flex","Perfected Strike","Searing Blow+1"],"picked":"SKIP","floor":27}],"player_experience":154068,"relics_obtained":[{"floor":9,"key":"Bronze Scales"},{"floor":11,"key":"Odd Mushroom"},{"floor":26,"key":"Dodecahedron"}],"event_choices":[{"damage_healed":0,"gold_gain":0,"player_choice":"Success","damage_taken":3,"relics_obtained":["Regal Pillow"],"max_hp_gain":0,"max_hp_loss":0,"event_name":"Scrap Ooze","floor":2,"gold_loss":0},{"cards_removed":["Strike_R"],"damage_healed":0,"gold_gain":0,"player_choice":"Card Removal","damage_taken":7,"max_hp_gain":0,"max_hp_loss":0,"event_name":"Golden Wing","floor":4,"gold_loss":0},{"damage_healed":0,"gold_gain":0,"player_choice":"Fought Mushrooms","damage_taken":0,"max_hp_gain":0,"max_hp_loss":0,"event_name":"Mushrooms","floor":11,"gold_loss":0},{"cards_removed":["Strike_R"],"damage_healed":0,"gold_gain":0,"player_choice":"Single Remove","damage_taken":0,"max_hp_gain":0,"max_hp_loss":0,"event_name":"Designer","floor":19,"gold_loss":60},{"damage_healed":0,"gold_gain":0,"player_choice":"Paid Fearfully","damage_taken":0,"max_hp_gain":0,"max_hp_loss":0,"event_name":"Masked Bandits","floor":21,"gold_loss":91},{"damage_healed":0,"gold_gain":0,"player_choice":"Shed Blood","damage_taken":20,"max_hp_gain":5,"max_hp_loss":0,"event_name":"Forgotten Altar","floor":22,"gold_loss":0},{"damage_healed":0,"gold_gain":0,"player_choice":"Ignored","damage_taken":0,"max_hp_gain":0,"max_hp_loss":0,"event_name":"Beggar","floor":28,"gold_loss":0},{"damage_healed":0,"gold_gain":0,"cards_transformed":["Defend_R"],"player_choice":"Transformed","damage_taken":0,"max_hp_gain":0,"max_hp_loss":0,"event_name":"Transmorgrifier","floor":31,"gold_loss":0,"cards_obtained":["Impervious"]}],"is_beta":false,"boss_relics":[{"not_picked":["Tiny House","Black Star"],"picked":"Empty Cage"}],"items_purged_floors":[14],"is_endless":false,"potions_floor_spawned":[1,5,10,13,16,20,24,25],"killed_by":"Automaton","ascension_level":0}