{"gold_per_floor":[111,111,111,124,140,140,164,55,55,55,55,90,90,90,90,220,220,239,254,47,60,83,83,83,103,128,128,128,128,153,184,184,304,304,323,86,100,100,123,123,123,123,123,158,283,283,299,339,339,339],"floor_reached":51,"playtime":2791,"items_purged":["Injury","Well Laid Plans"],"score":830,"play_id":"268ad0a5-0fbd-4296-84cc-532906ef0a26","local_time":"20190106155003","is_ascension_mode":true,"campfire_choices":[{"data":"Neutralize","floor":6,"key":"SMITH"},{"data":"Noxious Fumes","floor":10,"key":"SMITH"},{"floor":13,"key":"REST"},{"data":"Cloak And Dagger","floor":15,"key":"SMITH"},{"data":"Catalyst","floor":23,"key":"SMITH"},{"data":"Footwork","floor":24,"key":"SMITH"},{"data":"Bouncing Flask","floor":27,"key":"SMITH"},{"floor":28,"key":"REST"},{"floor":32,"key":"REST"},{"data":"Footwork","floor":40,"key":"SMITH"},{"floor":42,"key":"REST"},{"floor":49,"key":"REST"}],"neow_cost":"NONE","seed_source_timestamp":539935050291200,"circlet_count":0,"master_deck":["Defend_G","Defend_G","Defend_G","Defend_G","Defend_G","Strike_G+1","Strike_G+1","Strike_G+1","Survivor","Neutralize+1","Backflip+1","Deflect","Noxious Fumes+1","Backstab","Corpse Explosion","Well Laid Plans+1","Dash+1","Phantasmal Killer+1","PiercingWail+1","Footwork+1","Catalyst+1","Bouncing Flask+1","Deflect+1","Bullet Time","Burst","Crippling Poison+1","Footwork+1","Terror","Dash+1","Crippling Poison","Blind","Deflect+1","Calculated Gamble+1"],"relics":["Ring of the Serpent","Orichalcum","Golden Idol","WingedGreaves","StoneCalendar","CultistMask","Astrolabe","Whetstone","Dream Catcher","Lantern","Oddly Smooth Stone","Blue Candle","Smiling Mask","Unceasing Top","Anchor"],"potions_floor_usage":[12,16,21,25,33,39,41,41,48,50],"damage_taken":[{"damage":2,"enemies":"Jaw Worm","floor":1,"turns":5},{"damage":0,"enemies":"Small Slimes","floor":4,"turns":3},{"damage":0,"enemies":"2 Louse","floor":5,"turns":3},{"damage":7,"enemies":"Large Slime","floor":7,"turns":12},{"damage":20,"enemies":"Lagavulin","floor":12,"turns":7},{"damage":2,"enemies":"The Guardian","floor":16,"turns":9},{"damage":7,"enemies":"Chosen","floor":18,"turns":6},{"damage":0,"enemies":"3 Byrds","floor":19,"turns":2},{"damage":14,"enemies":"Snecko","floor":21,"turns":6},{"damage":13,"enemies":"Chosen and Byrds","floor":22,"turns":7},{"damage":0,"enemies":"Centurion and Healer","floor":25,"turns":5},{"damage":22,"enemies":"Shelled Parasite and Fungi","floor":30,"turns":7},{"damage":3,"enemies":"Slavers","floor":31,"turns":4},{"damage":18,"enemies":"Collector","floor":33,"turns":7},{"damage":5,"enemies":"Orb Walker","floor":35,"turns":3},{"damage":3,"enemies":"3 Shapes","floor":37,"turns":3},{"damage":15,"enemies":"3 Darklings","floor":39,"turns":3},{"damage":23,"enemies":"Writhing Mass","floor":41,"turns":4},{"damage":1,"enemies":"Giant Head","floor":44,"turns":8},{"damage":0,"enemies":"Mind Bloom Boss Battle","floor":45,"turns":3},{"damage":11,"enemies":"4 Shapes","floor":47,"turns":5},{"damage":19,"enemies":"Nemesis","floor":48,"turns":9},{"damage":31,"enemies":"Awakened One","floor":50,"turns":16}],"seed_played":"-7126815970089018958","potions_obtained":[{"floor":1,"key":"FearPotion"},{"floor":4,"key":"SmokeBomb"},{"floor":5,"key":"Strength Potion"},{"floor":16,"key":"Swift Potion"},{"floor":21,"key":"Poison Potion"},{"floor":22,"key":"SteroidPotion"},{"floor":25,"key":"LiquidBronze"},{"floor":31,"key":"Energy Potion"},{"floor":39,"key":"GamblersBrew"},{"floor":44,"key":"AttackPotion"},{"floor":47,"key":"FearPotion"}],"is_trial":false,"path_per_floor":["M","?","?","M","M","R","M","$","T","R","?","E","R","?","R","B",null,"M","M","$","M","M","R","R","M","T","R","R","T","M","E","R","B",null,"M","$","M","$","M","R","M","R","T","E","?","?","M","E","R","B",null],"character_chosen":"THE_SILENT","items_purchased":["Noxious Fumes","Footwork","Catalyst","Footwork","Oddly Smooth Stone"],"campfire_rested":5,"item_purchase_floors":[8,20,20,36,36],"current_hp_per_floor":[68,68,68,68,68,68,61,61,61,61,47,27,48,48,48,46,70,63,63,63,49,36,36,36,36,36,36,57,57,35,32,53,35,70,65,65,62,62,47,47,24,45,45,44,44,44,33,14,35,4],"gold":339,"neow_bonus":"RANDOM_COMMON_RELIC","is_prod":false,"is_daily":false,"chose_seed":false,"campfire_upgraded":7,"win_rate":0,"timestamp":1546786203,"path_taken":["M","?","?","M","M","R","M","$","T","R","?","E","R","?","R","BOSS","M","M","$","M","M","R","R","M","T","R","R","?","M","E","R","BOSS","M","$","M","$","M","R","M","R","T","E","?","?","M","E","R","BOSS"],"build_version":"2019-01-03v4","purchased_purges":2,"victory":true,"max_hp_per_floor":[70,70,70,70,70,70,70,70,70,70,70,70,70,70,70,70,70,70,70,70,70,70,70,70,70,70,70,70,70,70,70,70,70,70,70,70,70,70,70,70,70,70,70,70,70,70,70,70,70,70],"card_choices":[{"not_picked":["Endless Agony","Blade Dance"],"picked":"Backflip","floor":1},{"not_picked":["Dodge and Roll","Accuracy"],"picked":"Cloak And Dagger","floor":4},{"not_picked":["Poisoned Stab","Riddle With Holes"],"picked":"Deflect","floor":5},{"not_picked":["Flying Knee","Calculated Gamble"],"picked":"Well Laid Plans","floor":7},{"not_picked":["Endless Agony","Acrobatics"],"picked":"Backstab","floor":12},{"not_picked":["Doppelganger","Storm of Steel"],"picked":"Corpse Explosion","floor":16},{"not_picked":["Flying Knee","Dagger Throw","Riddle With Holes"],"picked":"SKIP","floor":18},{"not_picked":["Dagger Throw","Acrobatics"],"picked":"PiercingWail+1","floor":19},{"not_picked":["Acrobatics","Noxious Fumes"],"picked":"Bouncing Flask","floor":21},{"not_picked":["Expertise","Choke+1"],"picked":"Deflect+1","floor":22},{"not_picked":["Poisoned Stab","Outmaneuver+1"],"picked":"Bullet Time","floor":25},{"not_picked":["Underhanded Strike","Blade Dance","Acrobatics+1"],"picked":"SKIP","floor":30},{"not_picked":["Acrobatics","Quick Slash","Dagger Throw"],"picked":"SKIP","floor":31},{"not_picked":["Bullet Time","Glass Knife"],"picked":"Burst","floor":33},{"not_picked":["Prepared+1","Dagger Throw"],"picked":"Crippling Poison+1","floor":35},{"not_picked":["Accuracy","Slice+1","Dagger Spray+1"],"picked":"SKIP","floor":37},{"not_picked":["Poisoned Stab+1","Underhanded Strike","A Thousand Cuts"],"picked":"SKIP","floor":39},{"not_picked":["Backflip","Cloak And Dagger+1"],"picked":"Terror","floor":42},{"not_picked":["Backflip","Dodge and Roll"],"picked":"Dash+1","floor":44},{"not_picked":["Quick Slash+1","Outmaneuver+1"],"picked":"Crippling Poison","floor":45},{"not_picked":["Discovery","Flash of Steel"],"picked":"Blind","floor":46},{"not_picked":["Quick Slash+1","Dagger Spray"],"picked":"Deflect+1","floor":47},{"not_picked":["Sucker Punch","Prepared"],"picked":"Calculated Gamble+1","floor":48}],"player_experience":344400,"relics_obtained":[{"floor":9,"key":"WingedGreaves"},{"floor":12,"key":"StoneCalendar"},{"floor":26,"key":"Whetstone"},{"floor":29,"key":"Dream Catcher"},{"floor":31,"key":"Lantern"},{"floor":43,"key":"Blue Candle"},{"floor":44,"key":"Smiling Mask"},{"floor":45,"key":"Unceasing Top"},{"floor":48,"key":"Anchor"}],"event_choices":[{"damage_healed":0,"gold_gain":0,"player_choice":"Take Wound","damage_taken":0,"relics_obtained":["Golden Idol"],"max_hp_gain":0,"max_hp_loss":0,"event_name":"Golden Idol","floor":2,"gold_loss":0,"cards_obtained":["Injury"]},{"damage_healed":0,"gold_gain":0,"player_choice":"Ignored","damage_taken":0,"max_hp_gain":0,"max_hp_loss":0,"event_name":"Liars Game","floor":3,"gold_loss":0},{"damage_healed":0,"gold_gain":0,"player_choice":"Entered Light","damage_taken":14,"max_hp_gain":0,"max_hp_loss":0,"event_name":"Shining Light","floor":11,"gold_loss":0,"cards_upgraded":["Backflip","Strike_G"]},{"damage_healed":0,"gold_gain":0,"player_choice":"Trade","damage_taken":0,"relics_obtained":["CultistMask"],"max_hp_gain":0,"max_hp_loss":0,"event_name":"FaceTrader","floor":14,"gold_loss":0},{"damage_healed":0,"gold_gain":0,"player_choice":"Fight","damage_taken":0,"max_hp_gain":0,"max_hp_loss":0,"event_name":"MindBloom","floor":45,"gold_loss":0},{"damage_healed":0,"gold_gain":0,"player_choice":"Memory 1","damage_taken":0,"max_hp_gain":0,"max_hp_loss":0,"event_name":"SensoryStone","floor":46,"gold_loss":0}],"is_beta":false,"boss_relics":[{"not_picked":["Runic Dome","Orrery"],"picked":"Astrolabe"},{"not_picked":["WristBlade","Eternal Feather"],"picked":"Ring of the Serpent"}],"items_purged_floors":[8,20],"is_endless":false,"potions_floor_spawned":[1,4,5,16,21,22,25,31,39,41,44,47],"ascension_level":3}