{"gold_per_floor":[117,131,151,162,162,188,207,237,237,266,282,282,282,296,296,395,395,410,410,430,460,460,460,491,34,34,69,84,97,129,140,140,244,244,262,273,291,291,305,337,337,362,362,362,394,417,435,467,467,467],"floor_reached":51,"playtime":2446,"items_purged":[],"score":1034,"play_id":"2c706c99-aa7b-4510-8f93-06e6a14f9636","local_time":"20180628135724","is_ascension_mode":true,"campfire_choices":[{"data":"Spot Weakness","floor":12,"key":"SMITH"},{"floor":15,"key":"REST"},{"data":"Blood for Blood","floor":23,"key":"SMITH"},{"data":"Double Tap","floor":32,"key":"SMITH"},{"data":"Bludgeon","floor":41,"key":"SMITH"},{"data":"Juggernaut","floor":44,"key":"SMITH"},{"data":"Ghostly Armor","floor":49,"key":"SMITH"}],"neow_cost":"NONE","seed_source_timestamp":1323245179466,"circlet_count":0,"master_deck":["Strike_R","Strike_R","Strike_R","Strike_R+1","Strike_R","Defend_R","Defend_R","Defend_R","Defend_R","Bash+1","Pummel","Ghostly Armor+1","Thunderclap+1","Bludgeon+1","Good Instincts","Offering","Spot Weakness+1","Iron Wave","Blood for Blood+1","Reckless Charge","Reaper","Battle Trance+1","Limit Break","Berserk","Thunderclap+1","Impervious","Flame Barrier","Double Tap+1","Reaper","Blood for Blood+1","Juggernaut+1","Fire Breathing","Clumsy","Decay","Dropkick","Spot Weakness+1"],"relics":["Burning Blood","Ancient Tea Set","Shuriken","Darkstone Periapt","Whetstone","Dodecahedron","Cursed Key","Orichalcum","Red Mask","Gremlin Horn","Bronze Scales","Pen Nib","Vajra","Bottled Flame","Happy Flower","Mummified Hand","Runic Cube","Mercury Hourglass","Anchor","Bottled Tornado","Letter Opener","Regal Pillow","Art of War"],"potions_floor_usage":[10,16,16,16,24,27,30,30,42],"damage_taken":[{"damage":10,"enemies":"Small Slimes","floor":1,"turns":3},{"damage":0,"enemies":"Cultist","floor":2,"turns":3},{"damage":4,"enemies":"Jaw Worm","floor":3,"turns":9},{"damage":10,"enemies":"2 Fungi Beasts","floor":4,"turns":4},{"damage":9,"enemies":"3 Sentries","floor":6,"turns":6},{"damage":10,"enemies":"3 Louse","floor":7,"turns":3},{"damage":18,"enemies":"Gremlin Nob","floor":8,"turns":4},{"damage":31,"enemies":"Lagavulin","floor":10,"turns":6},{"damage":4,"enemies":"Looter","floor":11,"turns":2},{"damage":20,"enemies":"Exordium Thugs","floor":14,"turns":4},{"damage":20,"enemies":"The Guardian","floor":16,"turns":9},{"damage":16,"enemies":"Spheric Guardian","floor":18,"turns":4},{"damage":2,"enemies":"3 Byrds","floor":20,"turns":4},{"damage":4,"floor":21,"turns":2},{"damage":61,"enemies":"Gremlin Leader","floor":24,"turns":6},{"damage":9,"enemies":"Slavers","floor":27,"turns":3},{"damage":8,"enemies":"Snake Plant","floor":28,"turns":2},{"damage":10,"enemies":"Cultist and Chosen","floor":29,"turns":5},{"damage":4,"enemies":"Gremlin Leader","floor":30,"turns":2},{"damage":22,"enemies":"Snecko","floor":31,"turns":4},{"damage":30,"enemies":"Collector","floor":33,"turns":5},{"damage":4,"enemies":"Orb Walker","floor":35,"turns":2},{"damage":8,"enemies":"3 Shapes","floor":36,"turns":4},{"damage":47,"enemies":"Maw","floor":37,"turns":6},{"damage":9,"enemies":"Sphere and 2 Shapes","floor":39,"turns":5},{"damage":10,"enemies":"Giant Head","floor":40,"turns":4},{"damage":4,"enemies":"2 Orb Walkers","floor":42,"turns":3},{"damage":6,"enemies":"Nemesis","floor":45,"turns":3},{"damage":0,"enemies":"4 Shapes","floor":47,"turns":2},{"damage":17,"enemies":"Giant Head","floor":48,"turns":5},{"damage":88,"enemies":"Time Eater","floor":50,"turns":8}],"seed_played":"-8024651733998024573","potions_obtained":[{"floor":2,"key":"LiquidBronze"},{"floor":3,"key":"SpeedPotion"},{"floor":7,"key":"SpeedPotion"},{"floor":11,"key":"Weak Potion"},{"floor":16,"key":"PowerPotion"},{"floor":20,"key":"GamblersBrew"},{"floor":28,"key":"Regen Potion"},{"floor":29,"key":"FearPotion"},{"floor":30,"key":"Block Potion"},{"floor":31,"key":"GamblersBrew"},{"floor":39,"key":"Weak Potion"},{"floor":40,"key":"FearPotion"},{"floor":47,"key":"FairyPotion"}],"is_trial":false,"path_per_floor":["M","M","M","M","?","E","M","E","T","E","M","R","?","M","R","B",null,"M","?","M","?","?","R","E","$","T","E","M","M","E","M","R","B",null,"M","M","M","?","M","E","R","E","T","R","E","T","M","E","R","B"],"character_chosen":"IRONCLAD","items_purchased":["Bronze Scales","Pen Nib","Vajra"],"campfire_rested":1,"item_purchase_floors":[25,25,25],"current_hp_per_floor":[76,80,80,76,76,73,69,57,57,32,34,34,22,8,32,18,80,70,70,74,76,61,61,18,18,24,37,40,46,70,61,61,57,91,91,89,48,48,54,91,91,91,97,97,97,103,103,92,92,75],"gold":467,"neow_bonus":"UPGRADE_CARD","is_prod":false,"is_daily":false,"chose_seed":false,"campfire_upgraded":6,"win_rate":0,"timestamp":1530187044,"path_taken":["M","M","M","M","?","E","M","E","T","E","M","R","?","M","R","BOSS","M","?","M","?","?","R","E","$","T","E","?","M","E","M","R","BOSS","M","M","M","?","?","E","R","E","T","R","E","?","M","E","R","BOSS"],"build_version":"2018-06-21v2","purchased_purges":0,"victory":true,"max_hp_per_floor":[80,80,80,80,80,80,80,80,80,80,80,80,80,80,80,80,80,80,80,80,80,85,85,85,85,91,91,91,91,91,91,91,91,91,91,91,91,91,91,91,91,91,97,97,97,103,103,103,103,103],"card_choices":[{"not_picked":["Anger","Iron Wave"],"picked":"Pummel","floor":1},{"not_picked":["Infernal Blade","Clash"],"picked":"Ghostly Armor","floor":2},{"not_picked":["Iron Wave","Bloodletting"],"picked":"Thunderclap","floor":3},{"not_picked":["Intimidate","Sword Boomerang"],"picked":"Bludgeon","floor":4},{"not_picked":["Wild Strike","Thunderclap"],"picked":"Offering","floor":6},{"not_picked":["Shrug It Off","Burning Pact"],"picked":"Spot Weakness","floor":7},{"not_picked":["True Grit","Body Slam","Combust"],"picked":"SKIP","floor":8},{"not_picked":["Heavy Blade","Thunderclap"],"picked":"Iron Wave","floor":10},{"not_picked":["Combust","Sword Boomerang"],"picked":"Blood for Blood","floor":11},{"not_picked":["Rage","Perfected Strike"],"picked":"Reckless Charge","floor":14},{"not_picked":["Double Tap","Dark Embrace"],"picked":"Reaper","floor":16},{"not_picked":["Searing Blow","Wild Strike","Pommel Strike"],"picked":"SKIP","floor":18},{"not_picked":["Cleave","Armaments"],"picked":"Battle Trance+1","floor":20},{"not_picked":["Twin Strike+1","Wild Strike"],"picked":"Limit Break","floor":21},{"not_picked":["Shrug It Off+1","Perfected Strike"],"picked":"Berserk","floor":24},{"not_picked":["Clothesline","Twin Strike+1","Second Wind"],"picked":"SKIP","floor":27},{"not_picked":["True Grit","Heavy Blade"],"picked":"Thunderclap+1","floor":28},{"not_picked":["Iron Wave","Shrug It Off"],"picked":"Impervious","floor":29},{"not_picked":["Pommel Strike","Cleave"],"picked":"Flame Barrier","floor":30},{"not_picked":["Pummel","Pommel Strike"],"picked":"Double Tap","floor":31},{"not_picked":["Double Tap","Dark Embrace"],"picked":"Reaper","floor":33},{"not_picked":["Sentinel","Body Slam"],"picked":"Blood for Blood+1","floor":35},{"not_picked":["Pommel Strike","Rage","Feel No Pain+1"],"picked":"SKIP","floor":36},{"not_picked":["True Grit+1","Whirlwind","Shrug It Off+1"],"picked":"SKIP","floor":37},{"not_picked":["Havoc","Rage","Perfected Strike+1"],"picked":"SKIP","floor":39},{"not_picked":["Clash","Sword Boomerang+1"],"picked":"Juggernaut","floor":40},{"not_picked":["Anger+1","Rage"],"picked":"Fire Breathing","floor":42},{"not_picked":["Armaments+1","Evolve+1","Flex+1"],"picked":"SKIP","floor":45},{"not_picked":["True Grit+1","Bludgeon"],"picked":"Dropkick","floor":47},{"not_picked":["Combust","Shrug It Off"],"picked":"Spot Weakness+1","floor":48}],"player_experience":445432,"relics_obtained":[{"floor":6,"key":"Ancient Tea Set"},{"floor":8,"key":"Shuriken"},{"floor":9,"key":"Darkstone Periapt"},{"floor":10,"key":"Whetstone"},{"floor":21,"key":"Red Mask"},{"floor":24,"key":"Gremlin Horn"},{"floor":26,"key":"Bottled Flame"},{"floor":27,"key":"Happy Flower"},{"floor":30,"key":"Mummified Hand"},{"floor":40,"key":"Mercury Hourglass"},{"floor":42,"key":"Anchor"},{"floor":43,"key":"Bottled Tornado"},{"floor":45,"key":"Letter Opener"},{"floor":46,"key":"Regal Pillow"},{"floor":48,"key":"Art of War"}],"event_choices":[{"event_name":"Match and Keep!","player_choice":"1 cards matched","floor":5,"damage_taken":0},{"event_name":"Scrap Ooze","player_choice":"success","floor":13,"damage_taken":12},{"event_name":"Accursed Blacksmith","player_choice":"Rummage","floor":19,"damage_taken":0},{"event_name":"Masked Bandits","player_choice":"Fought over 430 gold","floor":21,"damage_taken":0},{"event_name":"Forgotten Altar","player_choice":"Shed Blood","floor":22,"damage_taken":0},{"event_name":"Purifier","player_choice":"One Purge","floor":38,"damage_taken":0}],"boss_relics":[{"not_picked":["Snecko Eye","Coffee Dripper"],"picked":"Cursed Key"},{"not_picked":["Runic Pyramid","Pandora\u0027s Box"],"picked":"Runic Cube"}],"items_purged_floors":[],"is_endless":false,"potions_floor_spawned":[2,3,7,11,16,20,28,29,30,31,39,40,47],"ascension_level":2}