{"gold_per_floor":[117,131,96,96,271,271,297,297,297,309,309,334,26,39,39,135,135,105,120,170,170],"floor_reached":21,"playtime":798,"items_purged":["Doubt"],"score":281,"play_id":"4c17da29-9fa2-48e0-a44c-5e3e5b05fb62","local_time":"20190120205924","is_ascension_mode":true,"campfire_choices":[{"data":"Dualcast","floor":6.0,"key":"SMITH"},{"data":"Ball Lightning","floor":8.0,"key":"SMITH"},{"data":"Scrape","floor":11.0,"key":"SMITH"},{"floor":15,"key":"REST"}],"neow_cost":"NONE","seed_source_timestamp":765237728602652,"circlet_count":0,"master_deck":["AscendersBane","Strike_B","Strike_B","Strike_B","Strike_B","Defend_B","Defend_B","Defend_B","Defend_B","Zap+1","Dualcast+1","Scrape+1","Ball Lightning+1","BootSequence","Leap","Leap","Buffer","Chill","Cold Snap","Self Repair","Amplify","Fusion","Chaos+1"],"special_seed":0,"relics":["Cracked Core","Cables","Pantograph","Darkstone Periapt","Juzu Bracelet","Eternal Feather"],"potions_floor_usage":[16,19],"damage_taken":[{"damage":3.0,"enemies":"2 Louse","floor":1.0,"turns":2.0},{"damage":12.0,"enemies":"Jaw Worm","floor":2.0,"turns":2.0},{"damage":19.0,"enemies":"3 Sentries","floor":7.0,"turns":6.0},{"damage":0.0,"enemies":"Cultist","floor":10.0,"turns":2.0},{"damage":35.0,"enemies":"Gremlin Nob","floor":12.0,"turns":4.0},{"damage":0,"enemies":"Exordium Wildlife","floor":14,"turns":3},{"damage":15,"enemies":"Slime Boss","floor":16,"turns":12},{"damage":16,"enemies":"2 Thieves","floor":18,"turns":5},{"damage":9,"enemies":"Spheric Guardian","floor":19,"turns":6},{"damage":65,"enemies":"Cultist and Chosen","floor":21,"turns":10}],"seed_played":"2966008269283665768","potions_obtained":[{"floor":1.0,"key":"Dexterity Potion"},{"floor":14,"key":"Swift Potion"},{"floor":18,"key":"EssenceOfSteel"}],"is_trial":false,"path_per_floor":["M","M","?","?","?","R","E","R","T","M","R","E","$","M","R","B",null,"M","M","?","M"],"character_chosen":"DEFECT","items_purchased":["Buffer","Chill","Cold Snap"],"campfire_rested":1,"item_purchase_floors":[13,13,13],"current_hp_per_floor":[65,53,71,64,64,64,45,45,45,45,45,10,10,10,32,49,69,60,58,58,0],"gold":170,"neow_bonus":"UPGRADE_CARD","is_prod":false,"is_daily":false,"chose_seed":false,"campfire_upgraded":3,"win_rate":0,"timestamp":1548035964,"path_taken":["M","M","?","?","?","R","E","R","T","M","R","E","$","M","R","BOSS","M","M","?","M"],"build_version":"2019-01-19","purchased_purges":1,"victory":false,"max_hp_per_floor":[75,75,75,75,75,75,75,75,75,75,75,75,75,75,75,75,75,75,75,75,75],"card_choices":[{"not_picked":["Stack","Compile Driver"],"picked":"Scrape","floor":1.0},{"not_picked":["Blizzard","FTL"],"picked":"Ball Lightning","floor":2.0},{"not_picked":["Compile Driver","Static Discharge"],"picked":"BootSequence","floor":7.0},{"not_picked":["Hologram","Rebound"],"picked":"Leap","floor":10.0},{"not_picked":["Lockon","Streamline"],"picked":"Leap","floor":12.0},{"not_picked":["Compile Driver","Sweeping Beam"],"picked":"Self Repair","floor":14},{"not_picked":["All For One","Reboot"],"picked":"Amplify","floor":16},{"not_picked":["Force Field+1","Hologram"],"picked":"Fusion","floor":18},{"not_picked":["Streamline","Sweeping Beam"],"picked":"Chaos+1","floor":19}],"player_experience":515383,"relics_obtained":[{"floor":7.0,"key":"Pantograph"},{"floor":9.0,"key":"Darkstone Periapt"},{"floor":12.0,"key":"Juzu Bracelet"}],"event_choices":[{"damage_healed":18.0,"max_hp_gain":0.0,"max_hp_loss":0.0,"gold_gain":0.0,"event_name":"The Cleric","player_choice":"Healed","floor":3.0,"gold_loss":35.0,"damage_taken":0.0},{"damage_healed":0.0,"max_hp_gain":0.0,"max_hp_loss":0.0,"gold_gain":0.0,"event_name":"Scrap Ooze","player_choice":"Success","floor":4.0,"gold_loss":0.0,"damage_taken":7.0,"relics_obtained":["Cables"]},{"damage_healed":0.0,"max_hp_gain":0.0,"max_hp_loss":0.0,"gold_gain":175.0,"event_name":"Liars Game","player_choice":"AGREE","floor":5.0,"gold_loss":0.0,"damage_taken":0.0,"cards_obtained":["Doubt"]},{"damage_healed":0,"gold_gain":100,"player_choice":"Bet on Murderer","damage_taken":0,"max_hp_gain":0,"max_hp_loss":0,"event_name":"The Joust","floor":20,"gold_loss":50}],"is_beta":true,"boss_relics":[{"not_picked":["White Beast Statue","Coffee Dripper"],"picked":"Eternal Feather"}],"items_purged_floors":[13],"is_endless":false,"potions_floor_spawned":[1,14,18],"killed_by":"Cultist and Chosen","ascension_level":10}