{"gold_per_floor":[110,110,110,60,70,70,101,101,101,101,112,128,146,321,321,422,422,440,440,440,451,451],"floor_reached":22,"playtime":571,"items_purged":[],"score":261,"play_id":"f3e9539e-31ee-490c-a362-a99b64765d23","local_time":"20180821185950","is_ascension_mode":true,"campfire_choices":[{"data":"Zap","floor":6,"key":"SMITH"},{"data":"Dualcast","floor":8,"key":"SMITH"},{"data":"Go for the Eyes","floor":10,"key":"SMITH"},{"floor":15,"key":"REST"}],"neow_cost":"NONE","seed_source_timestamp":520678846821746,"circlet_count":0,"master_deck":["Strike_B+1","Strike_B+1","Strike_B+1","Defend_B+1","Defend_B+1","Zap+1","Dualcast+1","Beam Cell","Go for the Eyes+1","Double Energy","Go for the Eyes","White Noise","Doubt","Machine Learning","Doom and Gloom","Necronomicurse","Doom and Gloom"],"relics":["Cracked Core","NeowsBlessing","Mango","The Courier","Eternal Feather","Necronomicon"],"potions_floor_usage":[16,16],"damage_taken":[{"damage":0,"enemies":"2 Louse","floor":1,"turns":1},{"damage":0,"enemies":"Cultist","floor":5,"turns":1},{"damage":0,"enemies":"3 Sentries","floor":7,"turns":1},{"damage":4,"enemies":"Jaw Worm","floor":11,"turns":2},{"damage":9,"enemies":"Blue Slaver","floor":12,"turns":3},{"damage":17,"enemies":"Exordium Wildlife","floor":13,"turns":3},{"damage":72,"enemies":"The Guardian","floor":16,"turns":15},{"damage":49,"enemies":"2 Thieves","floor":18,"turns":5},{"damage":12,"enemies":"Shell Parasite","floor":21,"turns":4},{"damage":6,"enemies":"Chosen and Byrds","floor":22,"turns":1}],"seed_played":"1575799499781195603","potions_obtained":[{"floor":11,"key":"Strength Potion"},{"floor":12,"key":"Poison Potion"},{"floor":16,"key":"FairyPotion"}],"is_trial":false,"path_per_floor":["M","?","?","?","M","R","E","R","T","R","M","M","M","?","R","B",null,"M","?","?","M"],"character_chosen":"DEFECT","items_purchased":[],"campfire_rested":1,"item_purchase_floors":[],"current_hp_per_floor":[75,75,75,75,75,75,89,89,89,89,85,76,59,59,85,13,70,21,21,5,5,0],"gold":451,"neow_bonus":"THREE_ENEMY_KILL","is_prod":false,"is_daily":false,"chose_seed":false,"campfire_upgraded":3,"win_rate":0,"timestamp":1534892390,"path_taken":["M","?","?","?","M","R","E","R","T","R","M","M","?","?","R","BOSS","M","?","?","M","M"],"build_version":"2018-08-20","purchased_purges":0,"victory":false,"max_hp_per_floor":[75,75,75,75,75,75,89,89,89,89,89,89,89,89,89,89,89,89,89,89,89,89],"card_choices":[{"not_picked":["Redo","Stack"],"picked":"Beam Cell","floor":1},{"not_picked":["Beam Cell","Conserve Battery"],"picked":"Go for the Eyes","floor":5},{"not_picked":["Skim","Compile Driver"],"picked":"Double Energy","floor":7},{"not_picked":["Cold Snap","Rebound"],"picked":"Go for the Eyes","floor":11},{"not_picked":["Multi-Cast","Gash"],"picked":"White Noise","floor":12},{"not_picked":["Force Field","Loop","Reprogram"],"picked":"SKIP","floor":13},{"not_picked":["Buffer","Biased Cognition"],"picked":"Machine Learning","floor":16},{"not_picked":["Rebound","Sweeping Beam"],"picked":"Doom and Gloom","floor":18},{"not_picked":["Static Discharge+1","Gash"],"picked":"Doom and Gloom","floor":21}],"player_experience":288242,"relics_obtained":[{"floor":7,"key":"Mango"},{"floor":9,"key":"The Courier"},{"floor":20,"key":"Necronomicon"}],"event_choices":[{"event_name":"Purifier","player_choice":"One Purge","floor":2,"damage_taken":0},{"event_name":"Living Wall","player_choice":"Forget","floor":3,"damage_taken":0},{"event_name":"The Cleric","player_choice":"Card Removal","floor":4,"damage_taken":0},{"event_name":"Liars Game","player_choice":"agreed","floor":14,"damage_taken":0},{"event_name":"Back to Basics","player_choice":"Simplicity","floor":19,"damage_taken":0},{"event_name":"Cursed Tome","player_choice":"Obtained Book","floor":20,"damage_taken":0}],"is_beta":true,"boss_relics":[{"not_picked":["Fusion Hammer","Calling Bell"],"picked":"Eternal Feather"}],"items_purged_floors":[],"is_endless":false,"potions_floor_spawned":[11,12,16],"killed_by":"Chosen and Byrds","ascension_level":5}