{"gold_per_floor":[112,129,141,141,66,66,101,34,34,34,45,55,55,88,88,192,192,202,202,102,17,32,59,59,91,91,91,149,149,24,24,24,24],"floor_reached":33,"playtime":1346,"items_purged":["Strike_R","Strike_R","Strike_R"],"score":411,"play_id":"8988bf3c-79cb-4adb-a58f-9394c01eec7a","local_time":"20180806035043","is_ascension_mode":true,"campfire_choices":[{"data":"Body Slam","floor":6,"key":"SMITH"},{"data":"Rampage","floor":10,"key":"SMITH"},{"data":"Double Tap","floor":13,"key":"SMITH"},{"data":"Ghostly Armor","floor":15,"key":"SMITH"},{"floor":24,"key":"REST"},{"floor":27,"key":"REST"},{"floor":32,"key":"REST"}],"neow_cost":"NONE","seed_source_timestamp":371939415380948,"circlet_count":0,"master_deck":["Defend_R","Defend_R","Defend_R","Defend_R","Bash","Searing Blow","Pommel Strike","Ghostly Armor+1","Body Slam+1","Double Tap+1","Rampage+1","Battle Trance+1","Cleave","Reaper","True Grit","Disarm+1","Shrug It Off+1"],"relics":["Burning Blood","Pear","Strawberry","Shovel","Black Star","Turnip","Pen Nib","War Paint","Art of War","Vajra","Darkstone Periapt","Bag of Marbles","Tiny Chest"],"potions_floor_usage":[22,23,23,23,23,25,25,33],"damage_taken":[{"damage":1,"enemies":"Cultist","floor":1,"turns":4},{"damage":7,"enemies":"Jaw Worm","floor":2,"turns":3},{"damage":2,"enemies":"2 Louse","floor":3,"turns":3},{"damage":30,"enemies":"Gremlin Nob","floor":7,"turns":4},{"damage":1,"enemies":"Looter","floor":11,"turns":3},{"damage":3,"enemies":"3 Louse","floor":12,"turns":4},{"damage":18,"enemies":"3 Sentries","floor":14,"turns":5},{"damage":51,"enemies":"The Guardian","floor":16,"turns":9},{"damage":22,"enemies":"Spheric Guardian","floor":18,"turns":4},{"damage":21,"enemies":"2 Thieves","floor":22,"turns":5},{"damage":49,"enemies":"Book of Stabbing","floor":23,"turns":6},{"damage":60,"enemies":"Slavers","floor":25,"turns":9},{"damage":57,"enemies":"Gremlin Leader","floor":28,"turns":8},{"damage":78,"enemies":"Champ","floor":33,"turns":7}],"seed_played":"1697563347148005268","potions_obtained":[{"floor":2,"key":"LiquidBronze"},{"floor":3,"key":"BloodPotion"},{"floor":12,"key":"Ancient Potion"},{"floor":14,"key":"Strength Potion"},{"floor":22,"key":"EntropicBrew"},{"floor":28,"key":"LiquidBronze"}],"is_trial":false,"path_per_floor":["M","M","M","?","$","R","E","$","T","R","M","M","R","E","R","B",null,"M","?","$","?","M","E","R","E","T","R","E","?","$","?","R"],"character_chosen":"IRONCLAD","items_purchased":["Rampage"],"campfire_rested":3,"item_purchase_floors":[8],"current_hp_per_floor":[80,79,80,80,80,80,66,66,73,73,78,81,81,69,69,24,79,71,71,71,71,56,31,60,18,18,47,11,43,43,24,54,0],"gold":24,"neow_bonus":"TRANSFORM_CARD","is_prod":false,"is_daily":false,"chose_seed":false,"campfire_upgraded":4,"win_rate":0,"timestamp":1533520243,"path_taken":["M","?","M","?","$","R","E","$","T","R","M","M","R","E","R","BOSS","M","?","$","?","M","E","R","E","T","R","E","?","?","?","R","BOSS"],"build_version":"2018-08-02","purchased_purges":3,"victory":false,"max_hp_per_floor":[80,80,80,80,80,80,90,90,97,97,97,97,97,97,97,97,97,97,97,97,97,97,97,97,97,97,97,97,97,97,102,102,102],"card_choices":[{"not_picked":["Anger","Hemokinesis"],"picked":"Pommel Strike","floor":1},{"not_picked":["Heavy Blade","Clash"],"picked":"Ghostly Armor","floor":2},{"not_picked":["Iron Wave","Clash"],"picked":"Body Slam","floor":3},{"not_picked":["Thunderclap","Dropkick","Feel No Pain"],"picked":"SKIP","floor":7},{"not_picked":["Clothesline","Flex"],"picked":"Battle Trance","floor":11},{"not_picked":["Body Slam","Flex"],"picked":"Cleave","floor":12},{"not_picked":["Corruption","Bloodletting","Flame Barrier"],"picked":"SKIP","floor":14},{"not_picked":["Dark Embrace","Brutality"],"picked":"Reaper","floor":16},{"not_picked":["Fire Breathing","Havoc"],"picked":"True Grit","floor":18},{"not_picked":["Warcry","Heavy Blade"],"picked":"Disarm","floor":22},{"not_picked":["Clash","Clothesline","Sword Boomerang"],"picked":"SKIP","floor":23},{"not_picked":["Uppercut","Perfected Strike","Warcry"],"picked":"SKIP","floor":25},{"not_picked":["Warcry","Offering"],"picked":"Shrug It Off+1","floor":28}],"player_experience":504921,"relics_obtained":[{"floor":7,"key":"Pear"},{"floor":9,"key":"Strawberry"},{"floor":14,"key":"Shovel"},{"floor":23,"key":"Pen Nib"},{"floor":23,"key":"War Paint"},{"floor":25,"key":"Art of War"},{"floor":25,"key":"Vajra"},{"floor":26,"key":"Darkstone Periapt"},{"floor":28,"key":"Bag of Marbles"},{"floor":28,"key":"Tiny Chest"}],"event_choices":[{"event_name":"Transmorgrifier","player_choice":"Transform","floor":4,"damage_taken":0},{"event_name":"Ghosts","player_choice":"Ignored","floor":19,"damage_taken":0},{"event_name":"Addict","player_choice":"Obtained Relic","floor":21,"damage_taken":0},{"event_name":"The Library","player_choice":"Heal","floor":29,"damage_taken":0},{"event_name":"Forgotten Altar","player_choice":"Shed Blood","floor":31,"damage_taken":0}],"is_beta":false,"boss_relics":[{"not_picked":["Snecko Eye","Ectoplasm"],"picked":"Black Star"}],"items_purged_floors":[5,20,30],"is_endless":false,"potions_floor_spawned":[2,3,12,14,22,28],"killed_by":"Champ","ascension_level":5}