{"gold_per_floor":[115,125,136,136,136,165,165,32,32,50,70,70,70,70,70,167,167,180,204,218,22,22,22,57,67,92,92,105,105,55,88,88,188,188,199,218,618,667,687,687,43,58,81,81,95,95,125,175,175,175],"floor_reached":51,"playtime":2503,"items_purged":[],"score":813,"play_id":"44c6cda4-2889-4d11-95b7-b0f6f40b3ae1","local_time":"20190222131012","is_ascension_mode":false,"campfire_choices":[{"data":"Sweeping Beam","floor":7,"key":"SMITH"},{"floor":13,"key":"REST"},{"data":"Zap","floor":15,"key":"SMITH"},{"data":"Bite","floor":23,"key":"SMITH"},{"data":"Bite","floor":29,"key":"SMITH"},{"data":"Stack","floor":32,"key":"SMITH"},{"data":"Scrape","floor":40,"key":"SMITH"},{"data":"Go for the Eyes","floor":44,"key":"SMITH"},{"floor":46,"key":"REST"},{"floor":49,"key":"REST"}],"neow_cost":"NONE","seed_source_timestamp":5083337375509,"circlet_count":0,"master_deck":["Defend_B","Defend_B","Defend_B","Defend_B","Zap+1","Dualcast","Sweeping Beam+1","Ball Lightning","Glacier","Stack+1","Gash","Tempest","Loop+1","Scrape","Thunder Strike","Gash+1","Consume+1","Gash+1","Bite+1","Bite+1","Bite","Bite","Bite","Leap+1","Scrape+1","Reinforced Body","Conserve Battery","Seek","All For One","Static Discharge+1","Go for the Eyes+1","Machine Learning","Go for the Eyes+1","Barrage+1","Gash+1","All For One","Stack+1"],"relics":["Cracked Core","Pen Nib","Shuriken","Centennial Puzzle","Letter Opener","Lizard Tail","DollysMirror","Ancient Tea Set","Mummified Hand","Philosopher\u0027s Stone","Old Coin","Bird Faced Urn","Runic Capacitor","Symbiotic Virus","Strawberry","Orichalcum","Dream Catcher","Omamori"],"potions_floor_usage":[6,16,20,24,24,31,38,38,39,47],"damage_taken":[{"damage":0,"enemies":"Small Slimes","floor":1,"turns":3},{"damage":6,"enemies":"Jaw Worm","floor":2,"turns":4},{"damage":0,"enemies":"Cultist","floor":3,"turns":3},{"damage":35,"enemies":"3 Sentries","floor":6,"turns":6},{"damage":0,"enemies":"3 Louse","floor":10,"turns":3},{"damage":0,"enemies":"2 Fungi Beasts","floor":11,"turns":2},{"damage":16,"enemies":"Slime Boss","floor":16,"turns":5},{"damage":17,"enemies":"3 Byrds","floor":18,"turns":4},{"damage":0,"enemies":"Chosen","floor":20,"turns":4},{"damage":13,"enemies":"Gremlin Leader","floor":24,"turns":4},{"damage":0,"enemies":"Snecko","floor":25,"turns":5},{"damage":15,"enemies":"3 Cultists","floor":28,"turns":5},{"damage":11,"enemies":"Book of Stabbing","floor":31,"turns":4},{"damage":40,"enemies":"Champ","floor":33,"turns":11},{"damage":1,"enemies":"Orb Walker","floor":35,"turns":4},{"damage":5,"enemies":"3 Shapes","floor":36,"turns":3},{"damage":5,"enemies":"Mind Bloom Boss Battle","floor":37,"turns":8},{"damage":1,"enemies":"2 Orb Walkers","floor":38,"turns":3},{"damage":0,"enemies":"Transient","floor":39,"turns":5},{"damage":6,"enemies":"Maw","floor":42,"turns":6},{"damage":34,"enemies":"Sphere and 2 Shapes","floor":45,"turns":3},{"damage":17,"enemies":"Giant Head","floor":47,"turns":7},{"damage":54,"enemies":"Time Eater","floor":50,"turns":9}],"seed_played":"7998654789410673419","potions_obtained":[{"floor":2,"key":"Poison Potion"},{"floor":6,"key":"Weak Potion"},{"floor":10,"key":"Block Potion"},{"floor":11,"key":"Fire Potion"},{"floor":20,"key":"Energy Potion"},{"floor":25,"key":"SkillPotion"},{"floor":33,"key":"Fire Potion"},{"floor":35,"key":"AttackPotion"},{"floor":36,"key":"Dexterity Potion"},{"floor":37,"key":"AttackPotion"},{"floor":45,"key":"Weak Potion"}],"is_trial":false,"path_per_floor":["M","M","M","?","T","E","R","$","T","M","M","?","R","?","R","B",null,"M","T","M","$","?","R","E","M","T","?","M","R","$","E","R","B",null,"M","M","?","?","M","R","$","M","T","R","M","R","E","T","R","B",null],"character_chosen":"DEFECT","items_purchased":["Gash","Tempest","DollysMirror","Conserve Battery","Runic Capacitor","Symbiotic Virus","Strawberry","Go for the Eyes"],"campfire_rested":3,"item_purchase_floors":[8,8,21,30,41,41,41,41],"current_hp_per_floor":[75,69,69,74,74,39,39,39,39,39,39,32,56,56,56,40,80,63,63,65,65,65,65,61,70,70,70,68,68,68,61,61,46,80,80,78,80,80,80,80,87,87,87,87,56,82,74,74,87,46],"gold":175,"neow_bonus":"RANDOM_COMMON_RELIC","is_prod":false,"is_daily":false,"chose_seed":false,"campfire_upgraded":7,"win_rate":0,"timestamp":1550862612,"path_taken":["M","M","M","?","?","E","R","$","T","?","M","?","R","?","R","BOSS","M","?","M","$","?","R","E","M","T","?","M","R","$","E","R","BOSS","M","M","?","?","M","R","?","M","T","R","M","R","E","?","R","BOSS"],"build_version":"2019-01-23","purchased_purges":0,"victory":true,"max_hp_per_floor":[75,75,75,80,80,80,80,80,80,80,80,80,80,80,80,80,80,80,80,80,80,80,80,80,80,80,80,80,80,80,80,80,80,80,80,80,80,80,80,80,87,87,87,87,87,87,87,87,87,87],"card_choices":[{"not_picked":["Conserve Battery","Beam Cell"],"picked":"Sweeping Beam","floor":1},{"not_picked":["Leap","Streamline"],"picked":"Ball Lightning","floor":2},{"not_picked":["Blizzard","Doom and Gloom"],"picked":"Glacier","floor":3},{"not_picked":["Turbo","Sweeping Beam"],"picked":"Stack","floor":6},{"not_picked":["Steam","Creative AI"],"picked":"Loop","floor":10},{"not_picked":["Reinforced Body","Cold Snap"],"picked":"Scrape","floor":11},{"not_picked":["Rainbow","Core Surge"],"picked":"Thunder Strike","floor":16},{"not_picked":["Double Energy","Ball Lightning"],"picked":"Gash+1","floor":18},{"not_picked":["Reprogram","Steam Power"],"picked":"Consume+1","floor":20},{"not_picked":["Cold Snap","Beam Cell"],"picked":"Leap+1","floor":24},{"not_picked":["Cold Snap+1","Beam Cell"],"picked":"Scrape","floor":25},{"not_picked":["Streamline","Beam Cell","Coolheaded"],"picked":"SKIP","floor":28},{"not_picked":["Blizzard","White Noise"],"picked":"Seek","floor":31},{"not_picked":["Machine Learning","Fission"],"picked":"All For One","floor":33},{"not_picked":["Genetic Algorithm","Beam Cell","White Noise"],"picked":"SKIP","floor":35},{"not_picked":["Darkness+1","Aggregate+1"],"picked":"Static Discharge+1","floor":36},{"not_picked":["Cold Snap","Tempest+1"],"picked":"Go for the Eyes+1","floor":37},{"not_picked":["Conserve Battery+1","Steam"],"picked":"Machine Learning","floor":39},{"not_picked":["Turbo+1","Leap"],"picked":"Barrage+1","floor":42},{"not_picked":["Hologram+1","Streamline+1"],"picked":"Gash+1","floor":45},{"not_picked":["Beam Cell+1","Capacitor"],"picked":"All For One","floor":47},{"not_picked":["Go for the Eyes+1","Streamline+1"],"picked":"Stack+1","floor":49}],"player_experience":298255,"relics_obtained":[{"floor":5,"key":"Shuriken"},{"floor":6,"key":"Centennial Puzzle"},{"floor":9,"key":"Letter Opener"},{"floor":19,"key":"Blood Vial"},{"floor":26,"key":"Ancient Tea Set"},{"floor":31,"key":"Mummified Hand"},{"floor":37,"key":"Old Coin"},{"floor":38,"key":"Bird Faced Urn"},{"floor":43,"key":"Orichalcum"},{"floor":47,"key":"Dream Catcher"},{"floor":48,"key":"Omamori"}],"event_choices":[{"damage_healed":0,"gold_gain":0,"player_choice":"Donut","damage_taken":0,"max_hp_gain":5,"max_hp_loss":0,"event_name":"Big Fish","floor":4,"gold_loss":0},{"cards_removed":["Strike_B"],"damage_healed":0,"gold_gain":0,"player_choice":"Card Removal","damage_taken":7,"max_hp_gain":0,"max_hp_loss":0,"event_name":"Golden Wing","floor":12,"gold_loss":0},{"damage_healed":0,"gold_gain":0,"player_choice":"Upgraded","damage_taken":0,"max_hp_gain":0,"max_hp_loss":0,"event_name":"Upgrade Shrine","floor":14,"gold_loss":0,"cards_upgraded":["Loop"]},{"damage_healed":0,"gold_gain":0,"player_choice":"Became a vampire (Vial)","damage_taken":0,"max_hp_gain":0,"max_hp_loss":0,"event_name":"Vampires","floor":22,"relics_lost":["Blood Vial"],"gold_loss":0,"cards_obtained":["Bite","Bite","Bite","Bite","Bite"]},{"damage_healed":0,"gold_gain":0,"player_choice":"Read","damage_taken":0,"max_hp_gain":0,"max_hp_loss":0,"event_name":"The Library","floor":27,"gold_loss":0,"cards_obtained":["Reinforced Body"]},{"damage_healed":0,"gold_gain":0,"player_choice":"Fight","damage_taken":0,"max_hp_gain":0,"max_hp_loss":0,"event_name":"MindBloom","floor":37,"gold_loss":0},{"damage_healed":0,"gold_gain":0,"player_choice":"Fight","damage_taken":0,"max_hp_gain":0,"max_hp_loss":0,"event_name":"Mysterious Sphere","floor":38,"gold_loss":0}],"is_beta":false,"boss_relics":[{"not_picked":["Black Star","Busted Crown"],"picked":"Lizard Tail"},{"not_picked":["Eternal Feather","Pandora\u0027s Box"],"picked":"Philosopher\u0027s Stone"}],"items_purged_floors":[],"is_endless":false,"potions_floor_spawned":[2,6,10,11,20,25,33,35,36,37,45],"ascension_level":0}