{"gold_per_floor":[114,114,133,133,133,133,148,148,148,160,160,187,200,211,211,312,362],"floor_reached":17,"playtime":621,"items_purged":[],"score":213,"play_id":"6ce879b0-d88f-4130-a0b3-62f940f9b96e","local_time":"20190106194759","is_ascension_mode":true,"campfire_choices":[{"data":"Bullet Time","floor":6,"key":"SMITH"},{"data":"Bouncing Flask","floor":8,"key":"SMITH"},{"data":"Noxious Fumes","floor":11,"key":"SMITH"},{"floor":15,"key":"REST"}],"neow_cost":"NONE","seed_source_timestamp":556389587561400,"circlet_count":0,"master_deck":["Defend_G","Defend_G","Defend_G","Defend_G","Defend_G","Strike_G","Strike_G","Strike_G","Strike_G","Survivor","Neutralize+1","Grand Finale+1","Cloak And Dagger","Bane","Regret","Bullet Time+1","Bouncing Flask+1","Noxious Fumes+1","Backflip","After Image","Bane"],"relics":["Ring of the Snake","Pear","Blood Vial","PreservedInsect","Tiny House"],"potions_floor_usage":[12,16],"damage_taken":[{"damage":10,"enemies":"Jaw Worm","floor":1,"turns":8},{"damage":0,"enemies":"Small Slimes","floor":3,"turns":4},{"damage":2,"enemies":"Cultist","floor":7,"turns":4},{"damage":20,"enemies":"Exordium Thugs","floor":10,"turns":4},{"damage":25,"enemies":"3 Sentries","floor":12,"turns":7},{"damage":12,"enemies":"3 Louse","floor":13,"turns":3},{"damage":9,"enemies":"Blue Slaver","floor":14,"turns":4},{"damage":30,"enemies":"Slime Boss","floor":16,"turns":10}],"seed_played":"-8485595133618153583","potions_obtained":[{"floor":1,"key":"AttackPotion"},{"floor":3,"key":"Poison Potion"},{"floor":7,"key":"Swift Potion"},{"floor":14,"key":"Explosive Potion"},{"floor":16,"key":"Ancient Potion"}],"is_trial":false,"path_per_floor":["M","?","M","?","?","R","M","R","T","M","R","E","M","M","R","B",null],"character_chosen":"THE_SILENT","items_purchased":[],"campfire_rested":1,"item_purchase_floors":[],"current_hp_per_floor":[60,60,60,70,70,70,68,68,68,50,50,27,17,10,34,6,11],"gold":362,"neow_bonus":"ONE_RANDOM_RARE_CARD","is_prod":false,"is_daily":false,"chose_seed":false,"campfire_upgraded":3,"win_rate":0,"timestamp":1546800479,"path_taken":["M","?","M","?","?","R","M","R","T","M","R","E","?","M","R","BOSS"],"build_version":"2019-01-03v4","purchased_purges":0,"victory":false,"max_hp_per_floor":[70,70,70,80,80,80,80,80,80,80,80,80,80,80,80,80,85],"card_choices":[{"not_picked":["Slice","Concentrate"],"picked":"Cloak And Dagger","floor":1},{"not_picked":["Deflect","Sucker Punch"],"picked":"Bane","floor":3},{"not_picked":["Slice","Deflect"],"picked":"Bouncing Flask","floor":7},{"not_picked":["Poisoned Stab","Glass Knife"],"picked":"Noxious Fumes","floor":10},{"not_picked":["Poisoned Stab","Setup"],"picked":"Backflip","floor":12},{"not_picked":["Cloak And Dagger","Deflect","Blade Dance"],"picked":"SKIP","floor":13},{"not_picked":["Backflip","Blade Dance"],"picked":"After Image","floor":14},{"not_picked":["Prepared","Outmaneuver"],"picked":"Bane","floor":17}],"player_experience":350187,"relics_obtained":[{"floor":9,"key":"Blood Vial"},{"floor":12,"key":"PreservedInsect"}],"event_choices":[{"damage_healed":0,"gold_gain":0,"player_choice":"Grow","damage_taken":0,"max_hp_gain":0,"max_hp_loss":0,"event_name":"Living Wall","floor":2,"gold_loss":0,"cards_upgraded":["Neutralize"]},{"damage_healed":0,"gold_gain":0,"player_choice":"Box","damage_taken":0,"relics_obtained":["Pear"],"max_hp_gain":0,"max_hp_loss":0,"event_name":"Big Fish","floor":4,"gold_loss":0,"cards_obtained":["Regret"]},{"damage_healed":0,"gold_gain":0,"cards_transformed":["Strike_G"],"player_choice":"Transformed","damage_taken":0,"max_hp_gain":0,"max_hp_loss":0,"event_name":"Transmorgrifier","floor":5,"gold_loss":0,"cards_obtained":["Bullet Time"]}],"is_beta":false,"boss_relics":[{"not_picked":["Orrery","Runic Pyramid"],"picked":"Tiny House"}],"items_purged_floors":[],"is_endless":false,"potions_floor_spawned":[1,3,7,14,16],"ascension_level":4}