{"gold_per_floor":[112,132,151,161,172,202,219,244,269,269,14,14,14,27,27,131,131,146,162,173,123,136,136],"floor_reached":23,"playtime":1085,"items_purged":[],"score":300,"play_id":"5415fd49-7419-449e-9bfe-51cdef196ef1","local_time":"20190115105149","is_ascension_mode":true,"campfire_choices":[{"floor":12,"key":"REST"},{"floor":15,"key":"REST"}],"neow_cost":"NONE","seed_source_timestamp":539746240509228,"circlet_count":0,"master_deck":["Strike_B","Strike_B","Strike_B","Strike_B+1","Defend_B","Defend_B","Defend_B","Defend_B","Zap","Dualcast","Barrage+1","Glacier","Defragment","Coolheaded","Defragment","BootSequence","Loop","White Noise","Seek","Conserve Battery","FTL+1","Storm","Glacier"],"relics":["Cracked Core","Whetstone","Smiling Mask","Ancient Tea Set","Du-Vu Doll","Question Card","Cursed Key"],"potions_floor_usage":[5,8,23],"damage_taken":[{"damage":0,"enemies":"Small Slimes","floor":1,"turns":4},{"damage":0,"enemies":"2 Louse","floor":2,"turns":3},{"damage":0,"enemies":"Cultist","floor":3,"turns":3},{"damage":5,"enemies":"Looter","floor":4,"turns":4},{"damage":24,"enemies":"Exordium Thugs","floor":5,"turns":6},{"damage":26,"enemies":"Lagavulin","floor":6,"turns":9},{"damage":4,"enemies":"Red Slaver","floor":7,"turns":5},{"damage":4,"enemies":"3 Sentries","floor":8,"turns":7},{"damage":5,"enemies":"3 Louse","floor":14,"turns":5},{"damage":32,"enemies":"The Guardian","floor":16,"turns":12},{"damage":7,"enemies":"Spheric Guardian","floor":18,"turns":6},{"damage":9,"enemies":"3 Byrds","floor":19,"turns":7},{"damage":25,"enemies":"Snake Plant","floor":20,"turns":5},{"damage":3,"enemies":"Centurion and Healer","floor":22,"turns":5},{"damage":31,"enemies":"Gremlin Leader","floor":23,"turns":6}],"seed_played":"8093331594854824583","potions_obtained":[{"floor":3,"key":"Energy Potion"},{"floor":4,"key":"Strength Potion"},{"floor":6,"key":"LiquidBronze"},{"floor":8,"key":"Energy Potion"},{"floor":20,"key":"Poison Potion"}],"is_trial":false,"path_per_floor":["M","M","M","M","M","E","M","E","T","?","$","R","$","M","R","B",null,"M","M","M","?","M","E"],"character_chosen":"DEFECT","items_purchased":["Question Card"],"campfire_rested":2,"item_purchase_floors":[11],"current_hp_per_floor":[75,75,75,70,46,20,16,12,12,5,5,29,29,24,48,16,66,59,50,25,25,22,0],"gold":136,"neow_bonus":"TEN_PERCENT_HP_BONUS","is_prod":false,"is_daily":false,"chose_seed":false,"campfire_upgraded":0,"win_rate":0,"timestamp":1547545909,"path_taken":["M","M","M","M","M","E","M","E","T","?","$","R","$","M","R","BOSS","M","M","M","?","M","E"],"build_version":"2019-01-10","purchased_purges":0,"victory":false,"max_hp_per_floor":[82,82,82,82,82,82,82,82,82,82,82,82,82,82,82,82,82,82,82,82,82,82,82],"card_choices":[{"not_picked":["Beam Cell","Heatsinks"],"picked":"Barrage","floor":1},{"not_picked":["Recycle","Genetic Algorithm"],"picked":"Glacier","floor":2},{"not_picked":["Doom and Gloom","Glacier"],"picked":"Defragment","floor":3},{"not_picked":["Double Energy","Streamline"],"picked":"Coolheaded","floor":4},{"not_picked":["Stack","Gash","Chaos"],"picked":"SKIP","floor":5},{"not_picked":["Creative AI","Aggregate"],"picked":"Defragment","floor":6},{"not_picked":["Coolheaded","Leap"],"picked":"BootSequence","floor":7},{"not_picked":["Steam Power","Redo"],"picked":"Loop","floor":8},{"not_picked":["BootSequence","Ball Lightning","Go for the Eyes"],"picked":"White Noise","floor":14},{"not_picked":["Hyperbeam","Meteor Strike","Thunder Strike"],"picked":"Seek","floor":16},{"not_picked":["Darkness+1","Fusion","Sweeping Beam+1"],"picked":"Conserve Battery","floor":18},{"not_picked":["Hologram","Ball Lightning","Streamline+1"],"picked":"FTL+1","floor":19},{"not_picked":["Reinforced Body+1","Skim","Leap"],"picked":"Storm","floor":20},{"not_picked":["Beam Cell","Ball Lightning","Compile Driver"],"picked":"Glacier","floor":22}],"player_experience":681361,"relics_obtained":[{"floor":6,"key":"Whetstone"},{"floor":8,"key":"Smiling Mask"},{"floor":9,"key":"Ancient Tea Set"}],"event_choices":[{"damage_healed":0,"gold_gain":0,"player_choice":"Success","damage_taken":7,"relics_obtained":["Du-Vu Doll"],"max_hp_gain":0,"max_hp_loss":0,"event_name":"Scrap Ooze","floor":10,"gold_loss":0},{"damage_healed":0,"gold_gain":0,"player_choice":"Bet on Murderer","damage_taken":0,"max_hp_gain":0,"max_hp_loss":0,"event_name":"The Joust","floor":21,"gold_loss":50}],"is_beta":false,"boss_relics":[{"not_picked":["White Beast Statue","Tiny House"],"picked":"Cursed Key"}],"items_purged_floors":[],"is_endless":false,"potions_floor_spawned":[3,4,6,8,20],"killed_by":"Gremlin Leader","ascension_level":9}