{"gold_per_floor":[117,67,67,84,100,100,129,129,155,155],"floor_reached":10,"playtime":1300,"items_purged":[],"score":69,"play_id":"84968ff1-3ad1-4ab0-8cfb-aa15219c0170","local_time":"20190306092451","is_ascension_mode":true,"campfire_choices":[{"floor":6,"key":"REST"},{"floor":8,"key":"REST"}],"neow_cost":"CURSE","seed_source_timestamp":1870012132880399,"circlet_count":0,"master_deck":["Defend_G","Defend_G","Defend_G","Defend_G","Defend_G","Strike_G","Strike_G","Strike_G","Strike_G","Strike_G","Survivor","Neutralize","Caltrops","Deflect","Cloak And Dagger","Leg Sweep"],"relics":["Ring of the Snake","Peace Pipe","Oddly Smooth Stone","Smiling Mask"],"potions_floor_usage":[7,10],"damage_taken":[{"damage":6,"enemies":"Cultist","floor":1,"turns":4},{"damage":0,"enemies":"Small Slimes","floor":4,"turns":4},{"damage":1,"enemies":"Jaw Worm","floor":5,"turns":4},{"damage":41,"enemies":"Gremlin Nob","floor":7,"turns":6},{"damage":44,"enemies":"Lagavulin","floor":10,"turns":20}],"seed_played":"1235529826203766680","potions_obtained":[{"floor":4,"key":"SteroidPotion"},{"floor":7,"key":"Poison Potion"}],"is_trial":false,"path_per_floor":["M","?","?","M","M","R","E","R","T","E"],"character_chosen":"THE_SILENT","items_purchased":[],"campfire_rested":2,"item_purchase_floors":[],"current_hp_per_floor":[64,64,39,39,38,59,18,39,39,0],"gold":155,"neow_bonus":"ONE_RARE_RELIC","is_prod":false,"is_daily":false,"chose_seed":false,"campfire_upgraded":0,"win_rate":0,"timestamp":1551882291,"path_taken":["M","?","?","M","M","R","E","R","T","E"],"build_version":"2019-01-23","purchased_purges":0,"victory":false,"max_hp_per_floor":[70,70,70,70,70,70,70,70,70,70],"card_choices":[{"not_picked":["Slice","Acrobatics"],"picked":"Caltrops","floor":1},{"not_picked":["PiercingWail","Masterful Stab"],"picked":"Deflect","floor":4},{"not_picked":["Dagger Spray","Outmaneuver"],"picked":"Cloak And Dagger","floor":5},{"not_picked":["Reflex","Accuracy"],"picked":"Leg Sweep","floor":7}],"player_experience":72185,"relics_obtained":[{"floor":7,"key":"Smiling Mask"}],"event_choices":[{"cards_removed":["Pain"],"damage_healed":0,"gold_gain":0,"player_choice":"Card Removal","damage_taken":0,"max_hp_gain":0,"max_hp_loss":0,"event_name":"The Cleric","floor":2,"gold_loss":50},{"damage_healed":0,"gold_gain":0,"player_choice":"Success","damage_taken":25,"relics_obtained":["Oddly Smooth Stone"],"max_hp_gain":0,"max_hp_loss":0,"event_name":"Scrap Ooze","floor":3,"gold_loss":0}],"is_beta":false,"boss_relics":[],"items_purged_floors":[],"is_endless":false,"potions_floor_spawned":[4,7],"killed_by":"Lagavulin","ascension_level":1}