{"gold_per_floor":[109,121,121,121,136,201,201,221,221,221,253,253,284,284,284,284],"floor_reached":16,"playtime":572,"items_purged":[],"score":177,"play_id":"eb079b97-317a-4d25-9e4f-abe85dfdc1e9","local_time":"20190126165424","is_ascension_mode":true,"campfire_choices":[{"floor":7,"key":"REST"},{"floor":12,"key":"REST"},{"data":"Footwork","floor":15,"key":"SMITH"}],"neow_cost":"NONE","seed_source_timestamp":176855627016400,"circlet_count":0,"master_deck":["AscendersBane","Defend_G","Defend_G","Defend_G","Defend_G","Defend_G","Strike_G","Strike_G","Strike_G","Strike_G","Strike_G","Survivor","Neutralize+1","Predator","Deflect","Footwork+1","Escape Plan","Bullet Time","Footwork","Predator"],"relics":["Ring of the Snake","Letter Opener","Paper Crane","Tiny Chest","Pen Nib","Bag of Marbles","Pear","FaceOfCleric"],"potions_floor_usage":[11,11],"damage_taken":[{"damage":5,"enemies":"Cultist","floor":1,"turns":5},{"damage":1,"enemies":"2 Louse","floor":2,"turns":3},{"damage":0,"enemies":"Small Slimes","floor":5,"turns":4},{"damage":31,"enemies":"Gremlin Nob","floor":6,"turns":6},{"damage":4,"enemies":"2 Fungi Beasts","floor":8,"turns":4},{"damage":14,"enemies":"Lagavulin","floor":11,"turns":7},{"damage":16,"enemies":"Gremlin Nob","floor":13,"turns":5},{"damage":26,"enemies":"Hexaghost","floor":16,"turns":14}],"seed_played":"-132415048182467579","potions_obtained":[{"floor":6,"key":"FearPotion"},{"floor":8,"key":"AttackPotion"}],"is_trial":false,"path_per_floor":["M","M","T","?","M","E","R","M","T","?","E","R","E","?","R","B"],"character_chosen":"THE_SILENT","items_purchased":[],"campfire_rested":2,"item_purchase_floors":[],"current_hp_per_floor":[58,57,57,39,39,8,29,25,25,25,11,32,26,26,26,0],"gold":284,"neow_bonus":"UPGRADE_CARD","is_prod":false,"is_daily":false,"chose_seed":false,"campfire_upgraded":1,"win_rate":0,"timestamp":1548518064,"path_taken":["M","M","?","?","M","E","R","M","T","?","E","R","E","?","R","BOSS"],"build_version":"2019-01-23","purchased_purges":0,"victory":false,"max_hp_per_floor":[70,70,70,70,70,70,70,70,70,70,70,70,80,80,80,80],"card_choices":[{"not_picked":["Dagger Spray","Sucker Punch"],"picked":"Predator","floor":1},{"not_picked":["Dagger Throw","Slice"],"picked":"Deflect","floor":2},{"not_picked":["Outmaneuver","Finisher"],"picked":"Footwork","floor":5},{"not_picked":["Deflect","Calculated Gamble"],"picked":"Escape Plan","floor":6},{"not_picked":["Flechettes","Acrobatics"],"picked":"Bullet Time","floor":8},{"not_picked":["Expertise","Choke"],"picked":"Footwork","floor":11},{"not_picked":["Deadly Poison","Masterful Stab"],"picked":"Predator","floor":13}],"player_experience":386377,"relics_obtained":[{"floor":3,"key":"Letter Opener"},{"floor":6,"key":"Tiny Chest"},{"floor":9,"key":"Pen Nib"},{"floor":11,"key":"Bag of Marbles"},{"floor":13,"key":"Pear"}],"event_choices":[{"damage_healed":0,"gold_gain":0,"player_choice":"Success","damage_taken":18,"relics_obtained":["Paper Crane"],"max_hp_gain":0,"max_hp_loss":0,"event_name":"Scrap Ooze","floor":4,"gold_loss":0},{"damage_healed":0,"gold_gain":0,"player_choice":"Ignored","damage_taken":0,"max_hp_gain":0,"max_hp_loss":0,"event_name":"Liars Game","floor":10,"gold_loss":0},{"damage_healed":0,"gold_gain":0,"player_choice":"Trade","damage_taken":0,"relics_obtained":["FaceOfCleric"],"max_hp_gain":0,"max_hp_loss":0,"event_name":"FaceTrader","floor":14,"gold_loss":0}],"is_beta":false,"boss_relics":[],"items_purged_floors":[],"is_endless":false,"potions_floor_spawned":[6,8],"killed_by":"Hexaghost","ascension_level":10}