{"gold_per_floor":[116,116,130,149,160,191,220,266,278,301,340,368,399,421,433,548,560,582,563,591,618,630,642,654],"floor_reached":24,"playtime":1988,"items_purged":[],"score":305,"play_id":"e75cb860-a4d5-4305-bf9e-80129962174b","local_time":"20181103000132","is_ascension_mode":true,"campfire_choices":[{"floor":15,"key":"REST"},{"data":"True Grit","floor":23,"key":"SMITH"}],"neow_cost":"NONE","seed_source_timestamp":2071378085824733,"circlet_count":0,"master_deck":["Strike_R","Strike_R","Strike_R","Defend_R","Defend_R","Defend_R","Defend_R","Bash","Shrug It Off","Feel No Pain","Pommel Strike+1","Pummel","Battle Trance","Fiend Fire","Iron Wave+1","Evolve","Cleave","Whirlwind","Juggernaut","Iron Wave","True Grit+1","True Grit","Shrug It Off","Headbutt","Uppercut"],"relics":["Burning Blood","MawBank","FossilizedHelix","Pen Nib","Whetstone","Orrery"],"potions_floor_usage":[8,11,11,16,16,16,21,21,24],"damage_taken":[{"damage":0,"enemies":"Small Slimes","floor":1,"turns":3},{"damage":1,"enemies":"Cultist","floor":3,"turns":5},{"damage":3,"enemies":"Jaw Worm","floor":4,"turns":4},{"damage":23,"enemies":"Lots of Slimes","floor":5,"turns":6},{"damage":6,"enemies":"3 Sentries","floor":6,"turns":13},{"damage":4,"enemies":"Exordium Wildlife","floor":7,"turns":6},{"damage":16,"enemies":"Gremlin Nob","floor":8,"turns":3},{"damage":1,"enemies":"3 Louse","floor":10,"turns":4},{"damage":40,"enemies":"Lagavulin","floor":11,"turns":7},{"damage":8,"enemies":"Large Slime","floor":12,"turns":6},{"damage":0,"enemies":"Blue Slaver","floor":13,"turns":4},{"damage":0,"enemies":"2 Fungi Beasts","floor":14,"turns":3},{"damage":71,"enemies":"Hexaghost","floor":16,"turns":11},{"damage":14,"enemies":"Shell Parasite","floor":18,"turns":12},{"damage":20,"enemies":"2 Thieves","floor":19,"turns":5},{"damage":30,"enemies":"Chosen and Byrds","floor":20,"turns":7},{"damage":8,"enemies":"Snake Plant","floor":21,"turns":5},{"damage":53,"enemies":"Centurion and Healer","floor":24,"turns":13}],"seed_played":"5432540376320672838","potions_obtained":[{"floor":4,"key":"FearPotion"},{"floor":5,"key":"Ancient Potion"},{"floor":8,"key":"Fruit Juice"},{"floor":10,"key":"Regen Potion"},{"floor":12,"key":"BloodPotion"},{"floor":14,"key":"Fire Potion"},{"floor":16,"key":"FearPotion"},{"floor":19,"key":"Dexterity Potion"},{"floor":20,"key":"AttackPotion"}],"is_trial":false,"path_per_floor":["M","?","M","M","M","E","M","E","T","M","E","M","M","M","R","B",null,"M","M","M","M","?","R","M"],"character_chosen":"IRONCLAD","items_purchased":[],"campfire_rested":1,"item_purchase_floors":[],"current_hp_per_floor":[78,78,80,80,63,63,65,55,55,60,31,29,35,41,66,24,70,62,48,24,22,50,50,0],"gold":654,"neow_bonus":"REMOVE_CARD","is_prod":false,"is_daily":false,"chose_seed":false,"campfire_upgraded":1,"win_rate":0,"timestamp":1541199692,"path_taken":["M","?","M","M","M","E","M","E","T","M","E","?","M","M","R","BOSS","M","M","M","M","?","R","M"],"build_version":"2018-11-01","purchased_purges":0,"victory":false,"max_hp_per_floor":[80,80,80,80,80,80,80,80,80,80,85,85,85,85,85,85,85,85,85,85,85,85,85,85],"card_choices":[{"not_picked":["Carnage","Armaments"],"picked":"Shrug It Off","floor":1},{"not_picked":["Iron Wave","Searing Blow"],"picked":"Pommel Strike","floor":3},{"not_picked":["Anger","Body Slam"],"picked":"Pummel","floor":4},{"not_picked":["Clothesline","Warcry"],"picked":"Battle Trance","floor":5},{"not_picked":["Blood for Blood","Searing Blow"],"picked":"Fiend Fire","floor":6},{"not_picked":["Corruption","Searing Blow","Pummel"],"picked":"SKIP","floor":7},{"not_picked":["Metallicize","Battle Trance","Combust"],"picked":"SKIP","floor":8},{"not_picked":["Anger","Inflame"],"picked":"Iron Wave","floor":10},{"not_picked":["Clash","Anger"],"picked":"Evolve","floor":11},{"not_picked":["Sword Boomerang","Metallicize","Seeing Red"],"picked":"SKIP","floor":12},{"not_picked":["Warcry","Flex"],"picked":"Cleave","floor":13},{"not_picked":["Shrug It Off","Evolve"],"picked":"Whirlwind","floor":14},{"not_picked":["Bludgeon","Impervious"],"picked":"Juggernaut","floor":16},{"not_picked":["Heavy Blade","Anger"],"picked":"Iron Wave","floor":17},{"not_picked":["Clash","Second Wind"],"picked":"True Grit","floor":17},{"not_picked":["Clothesline","Carnage"],"picked":"True Grit","floor":17},{"not_picked":["Feel No Pain","Havoc"],"picked":"Shrug It Off","floor":17},{"not_picked":["Iron Wave","Pommel Strike"],"picked":"Headbutt","floor":18},{"not_picked":["Shrug It Off","Headbutt","Flame Barrier"],"picked":"SKIP","floor":19},{"not_picked":["Feed","Clash+1"],"picked":"Uppercut","floor":20},{"not_picked":["Wild Strike","Havoc","Pommel Strike"],"picked":"SKIP","floor":21}],"player_experience":526582,"relics_obtained":[{"floor":6,"key":"MawBank"},{"floor":8,"key":"FossilizedHelix"},{"floor":9,"key":"Pen Nib"},{"floor":11,"key":"Whetstone"}],"event_choices":[{"damage_healed":0,"gold_gain":0,"cards_transformed":["Strike_R"],"player_choice":"Transformed","damage_taken":0,"max_hp_gain":0,"max_hp_loss":0,"event_name":"Transmorgrifier","floor":2,"gold_loss":0,"cards_obtained":["Feel No Pain"]},{"damage_healed":28,"gold_gain":0,"player_choice":"Heal","damage_taken":0,"max_hp_gain":0,"max_hp_loss":0,"event_name":"The Library","floor":22,"gold_loss":0}],"is_beta":false,"boss_relics":[{"not_picked":["Calling Bell","Tiny House"],"picked":"Orrery"}],"items_purged_floors":[],"is_endless":false,"potions_floor_spawned":[4,5,8,10,12,14,16,19,20],"killed_by":"Centurion and Healer","ascension_level":7}