{"gold_per_floor":[112,125,142,122,136,136,147,147,172,172,172,205,205,235,235,235],"floor_reached":16,"playtime":543,"items_purged":[],"score":176,"play_id":"bbeaa4c2-c42e-4621-aedf-6365a9598f0b","local_time":"20190203202923","is_ascension_mode":true,"campfire_choices":[{"data":"Neutralize","floor":6,"key":"SMITH"},{"floor":8,"key":"REST"},{"data":"Glass Knife","floor":11,"key":"SMITH"},{"data":"Survivor","floor":13,"key":"SMITH"},{"floor":15,"key":"REST"}],"neow_cost":"PERCENT_DAMAGE","seed_source_timestamp":881236043274700,"circlet_count":0,"master_deck":["AscendersBane","Defend_G","Defend_G","Defend_G","Defend_G","Defend_G","Strike_G+1","Strike_G","Strike_G","Strike_G","Strike_G","Survivor+1","Neutralize+1","Die Die Die","Quick Slash","Dagger Spray+1","Tactician","Glass Knife+1","Catalyst","Escape Plan","Predator"],"relics":["Ring of the Snake","Whetstone","Juzu Bracelet","Snake Skull"],"potions_floor_usage":[12,12,14,14],"damage_taken":[{"damage":0,"enemies":"2 Louse","floor":1,"turns":2},{"damage":0,"enemies":"Cultist","floor":2,"turns":3},{"damage":0,"enemies":"Small Slimes","floor":3,"turns":2},{"damage":2,"enemies":"2 Fungi Beasts","floor":5,"turns":5},{"damage":7,"enemies":"Large Slime","floor":7,"turns":7},{"damage":15,"enemies":"Lagavulin","floor":12,"turns":5},{"damage":15,"enemies":"Gremlin Nob","floor":14,"turns":4},{"damage":50,"enemies":"Slime Boss","floor":16,"turns":7}],"seed_played":"-7268826490418583797","potions_obtained":[{"floor":2,"key":"Strength Potion"},{"floor":4,"key":"FearPotion"},{"floor":5,"key":"EntropicBrew"}],"is_trial":false,"path_per_floor":["M","M","M","?","M","R","M","R","T","$","R","E","R","E","R","B"],"character_chosen":"THE_SILENT","items_purchased":[],"campfire_rested":2,"item_purchase_floors":[],"current_hp_per_floor":[45,45,45,45,43,43,36,57,57,57,57,42,42,27,48,0],"gold":235,"neow_bonus":"THREE_RARE_CARDS","is_prod":false,"is_daily":false,"chose_seed":false,"campfire_upgraded":3,"win_rate":0,"timestamp":1549222163,"path_taken":["M","M","M","?","M","R","M","R","T","?","R","E","R","E","R","BOSS"],"build_version":"2019-01-23","purchased_purges":0,"victory":false,"max_hp_per_floor":[70,70,70,70,70,70,70,70,70,70,70,70,70,70,70,70],"card_choices":[{"not_picked":["Night Terror","Envenom"],"picked":"Die Die Die","floor":0},{"not_picked":["Flying Knee","Outmaneuver"],"picked":"Quick Slash","floor":1},{"not_picked":["Distraction","Heel Hook"],"picked":"Dagger Spray","floor":2},{"not_picked":["Outmaneuver","Heel Hook"],"picked":"Tactician","floor":3},{"not_picked":["Outmaneuver","Dodge and Roll"],"picked":"Glass Knife","floor":5},{"not_picked":["Sucker Punch","Dagger Spray"],"picked":"Catalyst","floor":7},{"not_picked":["Underhanded Strike","Sucker Punch"],"picked":"Escape Plan","floor":12},{"not_picked":["Venomology","Dagger Spray"],"picked":"Predator","floor":14}],"player_experience":460101,"relics_obtained":[{"floor":9,"key":"Whetstone"},{"floor":12,"key":"Juzu Bracelet"},{"floor":14,"key":"Snake Skull"}],"event_choices":[{"damage_healed":0,"gold_gain":0,"player_choice":"Bought 1 Potion","damage_taken":0,"max_hp_gain":0,"max_hp_loss":0,"event_name":"The Woman in Blue","floor":4,"gold_loss":0}],"is_beta":false,"boss_relics":[],"items_purged_floors":[],"is_endless":false,"potions_floor_spawned":[2,5,7],"killed_by":"Slime Boss","ascension_level":12}