{"gold_per_floor":[219,232,31,41,52,87,64,64,64,76,91,111,76,91,91,187,237,250,263,263,263,188,188,218,218,269,286,298,323,323,337,337,337],"floor_reached":33,"playtime":1101,"items_purged":["Shame"],"score":271,"play_id":"51d7141c-d659-4488-972e-a4758f22c194","local_time":"20190303224441","is_ascension_mode":false,"campfire_choices":[{"data":"Dualcast","floor":8,"key":"SMITH"},{"floor":15,"key":"REST"},{"data":"Zap","floor":23,"key":"SMITH"},{"floor":25,"key":"REST"},{"floor":30,"key":"REST"},{"floor":32,"key":"REST"}],"neow_cost":"NONE","seed_source_timestamp":10213960350602,"circlet_count":0,"master_deck":["Strike_B","Strike_B","Strike_B","Strike_B","Defend_B","Defend_B","Defend_B","Defend_B","Zap+1","Dualcast+1","Gash","Gash+1","Ball Lightning","Melter","Cold Snap","Sweeping Beam","Go for the Eyes","Rip and Tear","Compile Driver","Rebound","Creative AI+1","Leap","Double Energy+1","Hologram+1","Auto Shields","Leap","Beam Cell+1","White Noise+1","Steam+1"],"relics":["Cracked Core","PreservedInsect","Frozen Egg 2","Bottled Lightning","Tiny House","Sundial","Lantern","Pen Nib","Red Mask"],"potions_floor_usage":[2,12,12,12,12,16,16,16,24,28,29,31],"damage_taken":[{"damage":1,"enemies":"Cultist","floor":1,"turns":3},{"damage":2,"enemies":"Small Slimes","floor":2,"turns":2},{"damage":0,"enemies":"2 Louse","floor":4,"turns":2},{"damage":1,"enemies":"2 Fungi Beasts","floor":5,"turns":3},{"damage":16,"enemies":"Gremlin Nob","floor":6,"turns":3},{"damage":0,"enemies":"Blue Slaver","floor":10,"turns":3},{"damage":5,"enemies":"Looter","floor":11,"turns":3},{"damage":5,"enemies":"Gremlin Gang","floor":12,"turns":2},{"damage":15,"enemies":"Exordium Wildlife","floor":14,"turns":3},{"damage":41,"enemies":"The Guardian","floor":16,"turns":7},{"damage":1,"enemies":"Chosen","floor":18,"turns":4},{"damage":2,"enemies":"3 Byrds","floor":19,"turns":4},{"damage":38,"enemies":"Book of Stabbing","floor":24,"turns":5},{"damage":36,"enemies":"Snake Plant","floor":27,"turns":5},{"damage":13,"enemies":"Snecko","floor":28,"turns":5},{"damage":18,"enemies":"Masked Bandits","floor":29,"turns":3},{"damage":7,"enemies":"3 Cultists","floor":31,"turns":5},{"damage":50,"enemies":"Champ","floor":33,"turns":9}],"seed_played":"7035725070147850989","potions_obtained":[{"floor":1,"key":"AttackPotion"},{"floor":6,"key":"FocusPotion"},{"floor":10,"key":"FocusPotion"},{"floor":11,"key":"EntropicBrew"},{"floor":14,"key":"FearPotion"},{"floor":17,"key":"Energy Potion"},{"floor":27,"key":"Explosive Potion"},{"floor":28,"key":"Fruit Juice"},{"floor":29,"key":"EssenceOfSteel"}],"is_trial":false,"path_per_floor":["M","M","$","M","M","E","$","R","T","M","M","M","?","M","R","B",null,"M","M","?","?","$","R","E","R","T","M","M","?","R","M","R","B"],"character_chosen":"DEFECT","items_purchased":["PreservedInsect","Ball Lightning","Go for the Eyes"],"campfire_rested":4,"item_purchase_floors":[3,3,7],"current_hp_per_floor":[74,72,72,72,71,55,55,55,55,55,50,45,63,48,70,29,80,79,77,77,77,77,77,39,63,63,27,19,1,26,19,44,0],"gold":337,"neow_bonus":"HUNDRED_GOLD","is_prod":false,"is_daily":false,"chose_seed":false,"campfire_upgraded":2,"win_rate":0,"timestamp":1551674681,"path_taken":["M","M","$","M","M","E","$","R","T","?","M","M","?","M","R","BOSS","M","M","?","?","$","R","E","R","T","M","M","?","R","M","R","BOSS"],"build_version":"2019-01-23","purchased_purges":1,"victory":false,"max_hp_per_floor":[75,75,75,75,75,75,75,75,75,75,75,75,75,75,75,75,80,80,80,80,80,80,80,80,80,80,80,85,85,85,85,85,85],"card_choices":[{"not_picked":["White Noise","Stack"],"picked":"Gash","floor":1},{"not_picked":["Streamline","Redo"],"picked":"Gash","floor":2},{"not_picked":["Cold Snap","Coolheaded"],"picked":"Melter","floor":4},{"not_picked":["Reprogram","Turbo"],"picked":"Cold Snap","floor":5},{"not_picked":["Redo","Multi-Cast"],"picked":"Sweeping Beam","floor":6},{"not_picked":["Chill","Lockon"],"picked":"Rip and Tear","floor":10},{"not_picked":["Streamline","Turbo"],"picked":"Compile Driver","floor":11},{"not_picked":["Undo","Redo"],"picked":"Rebound","floor":12},{"not_picked":["Melter","Sweeping Beam","Barrage"],"picked":"SKIP","floor":14},{"not_picked":["Hyperbeam","Seek"],"picked":"Creative AI+1","floor":16},{"not_picked":["Steam","Tempest"],"picked":"Leap","floor":17},{"not_picked":["BootSequence","Steam+1"],"picked":"Double Energy+1","floor":18},{"not_picked":["Reboot","Rebound"],"picked":"Hologram+1","floor":19},{"not_picked":["Aggregate","Turbo"],"picked":"Auto Shields","floor":24},{"not_picked":["Hello World+1","Streamline"],"picked":"Leap","floor":27},{"not_picked":["Redo","Steam"],"picked":"Beam Cell+1","floor":28},{"not_picked":["Streamline","Defragment+1"],"picked":"White Noise+1","floor":29},{"not_picked":["Aggregate","Turbo"],"picked":"Steam+1","floor":31}],"player_experience":493055,"relics_obtained":[{"floor":6,"key":"Frozen Egg 2"},{"floor":9,"key":"Bottled Lightning"},{"floor":24,"key":"Lantern"},{"floor":26,"key":"Pen Nib"},{"floor":29,"key":"Red Mask"}],"event_choices":[{"damage_healed":18,"gold_gain":0,"player_choice":"Healed","damage_taken":0,"max_hp_gain":0,"max_hp_loss":0,"event_name":"The Cleric","floor":13,"gold_loss":35},{"damage_healed":0,"gold_gain":0,"player_choice":"Ignored","damage_taken":0,"max_hp_gain":0,"max_hp_loss":0,"event_name":"Vampires","floor":20,"gold_loss":0},{"damage_healed":0,"gold_gain":0,"player_choice":"Stole Relic","damage_taken":0,"relics_obtained":["Sundial"],"max_hp_gain":0,"max_hp_loss":0,"event_name":"Addict","floor":21,"gold_loss":0,"cards_obtained":["Shame"]},{"damage_healed":0,"gold_gain":0,"player_choice":"Fought Bandits","damage_taken":0,"max_hp_gain":0,"max_hp_loss":0,"event_name":"Masked Bandits","floor":29,"gold_loss":0}],"is_beta":false,"boss_relics":[{"not_picked":["Ectoplasm","Cursed Key"],"picked":"Tiny House"}],"items_purged_floors":[22],"is_endless":false,"potions_floor_spawned":[1,6,10,11,14,27,28,29],"killed_by":"Champ","ascension_level":0}