{"gold_per_floor":[211,230,230,247,264,292,292,305,332,332,350,364,364,374,374,474,474,486,502,502],"floor_reached":20,"playtime":2136,"items_purged":[],"score":180,"play_id":"09ea059b-171a-4a20-ba59-5bd779b045cf","local_time":"20190225220946","is_ascension_mode":false,"campfire_choices":[{"data":"Whirlwind","floor":7,"key":"SMITH"},{"data":"Body Slam","floor":10,"key":"SMITH"},{"data":"Shockwave","floor":13,"key":"SMITH"},{"data":"Spot Weakness","floor":15,"key":"SMITH"}],"neow_cost":"NONE","seed_source_timestamp":799979638936360,"circlet_count":0,"master_deck":["Strike_R","Strike_R","Strike_R","Strike_R","Strike_R","Defend_R","Defend_R","Defend_R","Defend_R","Bash","Shockwave+1","Evolve","Spot Weakness+1","Whirlwind+1","Body Slam+1","Juggernaut","Burning Pact","Shockwave","Exhume","Entrench"],"relics":["Burning Blood","Art of War","Smiling Mask","Eternal Feather"],"potions_floor_usage":[6,6,16,18],"damage_taken":[{"damage":0,"enemies":"2 Louse","floor":1,"turns":3},{"damage":2,"enemies":"Small Slimes","floor":2,"turns":6},{"damage":8,"enemies":"Jaw Worm","floor":4,"turns":4},{"damage":8,"enemies":"3 Louse","floor":5,"turns":7},{"damage":12,"enemies":"Gremlin Nob","floor":6,"turns":3},{"damage":9,"enemies":"Blue Slaver","floor":8,"turns":4},{"damage":4,"enemies":"Red Slaver","floor":11,"turns":4},{"damage":5,"enemies":"Large Slime","floor":12,"turns":8},{"damage":17,"enemies":"2 Fungi Beasts","floor":14,"turns":4},{"damage":42,"enemies":"The Guardian","floor":16,"turns":10},{"damage":16,"enemies":"2 Thieves","floor":18,"turns":3},{"damage":42,"enemies":"3 Byrds","floor":19,"turns":6},{"damage":35,"enemies":"Colosseum Slavers","floor":20,"turns":4}],"seed_played":"6804033715594033263","potions_obtained":[{"floor":4,"key":"Strength Potion"},{"floor":5,"key":"Fire Potion"},{"floor":11,"key":"PowerPotion"},{"floor":14,"key":"SpeedPotion"},{"floor":16,"key":"SkillPotion"}],"is_trial":false,"path_per_floor":["M","M","?","M","M","E","R","M","T","R","M","M","R","M","R","B",null,"M","M","?"],"character_chosen":"IRONCLAD","items_purchased":[],"campfire_rested":0,"item_purchase_floors":[],"current_hp_per_floor":[80,80,80,78,76,70,70,67,67,67,69,70,70,59,59,23,80,70,34,0],"gold":502,"neow_bonus":"HUNDRED_GOLD","is_prod":false,"is_daily":false,"chose_seed":false,"campfire_upgraded":4,"win_rate":0,"timestamp":1551100186,"path_taken":["M","M","?","M","M","E","R","M","T","R","M","M","R","M","R","BOSS","M","M","?"],"build_version":"2019-01-23","purchased_purges":0,"victory":false,"max_hp_per_floor":[80,80,80,80,80,80,80,80,80,80,80,80,80,80,80,80,80,80,80,80],"card_choices":[{"not_picked":["Havoc","Thunderclap","Warcry"],"picked":"SKIP","floor":1},{"not_picked":["Clash","Perfected Strike"],"picked":"Shockwave","floor":2},{"not_picked":["Reckless Charge","Searing Blow"],"picked":"Evolve","floor":4},{"not_picked":["Havoc","Corruption"],"picked":"Spot Weakness","floor":5},{"not_picked":["Second Wind","Armaments"],"picked":"Whirlwind","floor":6},{"not_picked":["Pummel","Sword Boomerang"],"picked":"Body Slam","floor":8},{"not_picked":["Wild Strike","Iron Wave"],"picked":"Juggernaut","floor":11},{"not_picked":["Uppercut","Fire Breathing"],"picked":"Burning Pact","floor":12},{"not_picked":["Hemokinesis","Heavy Blade"],"picked":"Shockwave","floor":14},{"not_picked":["Berserk","Feed"],"picked":"Exhume","floor":16},{"not_picked":["Clash","Combust","Infernal Blade"],"picked":"SKIP","floor":18},{"not_picked":["Clash","Perfected Strike+1"],"picked":"Entrench","floor":19}],"player_experience":427411,"relics_obtained":[{"floor":6,"key":"Art of War"},{"floor":9,"key":"Smiling Mask"}],"event_choices":[{"damage_healed":0,"gold_gain":0,"player_choice":"Ignored","damage_taken":0,"max_hp_gain":0,"max_hp_loss":0,"event_name":"Liars Game","floor":3,"gold_loss":0},{"damage_healed":0,"gold_gain":0,"player_choice":"Fight","damage_taken":0,"max_hp_gain":0,"max_hp_loss":0,"event_name":"Colosseum","floor":20,"gold_loss":0}],"is_beta":false,"boss_relics":[{"not_picked":["White Beast Statue","Calling Bell"],"picked":"Eternal Feather"}],"items_purged_floors":[],"is_endless":false,"potions_floor_spawned":[4,5,11,14,16],"killed_by":"Colosseum Slavers","ascension_level":0}