{"gold_per_floor":[109,127,202,216,233,268,268,295,295,295],"floor_reached":10,"playtime":266,"items_purged":[],"score":105,"play_id":"ef8cbba4-028b-4084-844f-9b3f5a988ec6","local_time":"20190110155820","is_ascension_mode":true,"campfire_choices":[{"floor":7,"key":"REST"}],"neow_cost":"NONE","seed_source_timestamp":126909977321212,"circlet_count":0,"master_deck":["Strike_B","Strike_B","Strike_B","Strike_B","Defend_B","Defend_B","Defend_B","Defend_B","Zap","Dualcast","Barrage","FTL","Conserve Battery","Machine Learning","Rebound","Hologram"],"relics":["Cracked Core","Art of War","DataDisk","Blood Vial","Ancient Tea Set"],"potions_floor_usage":[6,6],"damage_taken":[{"damage":10,"enemies":"Small Slimes","floor":1,"turns":3},{"damage":6,"enemies":"2 Louse","floor":2,"turns":3},{"damage":2,"enemies":"Jaw Worm","floor":4,"turns":3},{"damage":0,"enemies":"Blue Slaver","floor":5,"turns":3},{"damage":15,"enemies":"Gremlin Nob","floor":6,"turns":4},{"damage":40,"enemies":"Lagavulin","floor":8,"turns":5},{"damage":9,"enemies":"Gremlin Nob","floor":10,"turns":2}],"seed_played":"3573406279294461898","potions_obtained":[{"floor":2,"key":"Poison Potion"},{"floor":5,"key":"Weak Potion"}],"is_trial":false,"path_per_floor":["M","M","?","M","M","E","R","E","T","E"],"character_chosen":"DEFECT","items_purchased":[],"campfire_rested":1,"item_purchase_floors":[],"current_hp_per_floor":[58,52,41,39,39,24,46,6,6,0],"gold":295,"neow_bonus":"RANDOM_COMMON_RELIC","is_prod":false,"is_daily":false,"chose_seed":false,"campfire_upgraded":0,"win_rate":0,"timestamp":1547132300,"path_taken":["M","M","?","M","M","E","R","E","T","E"],"build_version":"2019-01-03v4","purchased_purges":0,"victory":false,"max_hp_per_floor":[75,75,75,75,75,75,75,75,75,75],"card_choices":[{"not_picked":["Beam Cell","Stack"],"picked":"Barrage","floor":1},{"not_picked":["Go for the Eyes","Rebound"],"picked":"FTL","floor":2},{"not_picked":["Stack","Streamline"],"picked":"Conserve Battery","floor":4},{"not_picked":["Conserve Battery","Doom and Gloom"],"picked":"Machine Learning","floor":5},{"not_picked":["Darkness","Scrape"],"picked":"Rebound","floor":6},{"not_picked":["Gash","Compile Driver"],"picked":"Hologram","floor":8}],"player_experience":656581,"relics_obtained":[{"floor":6,"key":"DataDisk"},{"floor":8,"key":"Blood Vial"},{"floor":9,"key":"Ancient Tea Set"}],"event_choices":[{"damage_healed":0,"gold_gain":75,"player_choice":"Gather Gold","damage_taken":11,"max_hp_gain":0,"max_hp_loss":0,"event_name":"World of Goop","floor":3,"gold_loss":0}],"is_beta":false,"boss_relics":[],"items_purged_floors":[],"is_endless":false,"potions_floor_spawned":[2,5],"killed_by":"Gremlin Nob","ascension_level":7}