{"gold_per_floor":[17,17,17,36,36,79,79,92,116,116,137,137,152,77,77,77],"floor_reached":16,"playtime":542,"items_purged":["Strike_R"],"score":125,"play_id":"d248a072-0240-4015-a38f-b04a5453acb2","local_time":"20190305183508","is_ascension_mode":false,"campfire_choices":[{"floor":7,"key":"REST"},{"floor":10,"key":"RECALL"},{"floor":12,"key":"REST"},{"data":"Sword Boomerang","floor":15,"key":"SMITH"}],"neow_cost":"NO_GOLD","seed_source_timestamp":32804162756444,"circlet_count":0,"master_deck":["Strike_R","Strike_R","Strike_R+1","Strike_R","Defend_R","Defend_R","Defend_R","Defend_R","Bash","Headbutt+1","Sword Boomerang+1","Shrug It Off"],"relics":["Burning Blood","Golden Idol","Regal Pillow","Omamori"],"potions_floor_usage":[6,13,13],"damage_taken":[{"damage":8,"enemies":"Jaw Worm","floor":1,"turns":3},{"damage":2,"enemies":"2 Louse","floor":4,"turns":3},{"damage":26,"enemies":"3 Sentries","floor":6,"turns":8},{"damage":10,"enemies":"Small Slimes","floor":8,"turns":3},{"damage":5,"enemies":"Exordium Wildlife","floor":11,"turns":5},{"damage":2,"enemies":"Lots of Slimes","floor":13,"turns":4},{"damage":101,"enemies":"Hexaghost","floor":16,"turns":14}],"seed_played":"2691628708923263688","potions_obtained":[{"floor":1,"key":"SpeedPotion"},{"floor":4,"key":"Strength Potion"},{"floor":11,"key":"Energy Potion"}],"is_trial":false,"path_per_floor":["M","?","?","M","?","E","R","M","T","R","M","R","M","$","R","B"],"character_chosen":"IRONCLAD","items_purchased":[],"campfire_rested":2,"item_purchase_floors":[],"current_hp_per_floor":[94,99,79,83,58,38,83,79,79,79,80,101,101,101,101,0],"gold":77,"neow_bonus":"TWENTY_PERCENT_HP_BONUS","is_prod":false,"is_daily":false,"chose_seed":false,"campfire_upgraded":1,"win_rate":0,"timestamp":1551832508,"path_taken":["M","?","?","M","?","E","R","M","T","R","M","R","?","?","R","BOSS"],"build_version":"2019-01-23","purchased_purges":1,"victory":false,"max_hp_per_floor":[96,101,101,101,101,101,101,101,101,101,101,101,101,101,101,101],"card_choices":[{"not_picked":["Sever Soul","Second Wind"],"picked":"Headbutt","floor":1},{"not_picked":["Clothesline","Thunderclap","Disarm"],"picked":"SKIP","floor":4},{"not_picked":["Heavy Blade","Sentinel"],"picked":"Sword Boomerang","floor":6},{"not_picked":["Anger","Havoc"],"picked":"Shrug It Off","floor":8},{"not_picked":["Pommel Strike","Shrug It Off","Flex"],"picked":"SKIP","floor":11},{"not_picked":["Havoc","Second Wind","Wild Strike"],"picked":"SKIP","floor":13}],"player_experience":567650,"relics_obtained":[{"floor":6,"key":"Regal Pillow"},{"floor":9,"key":"Omamori"}],"event_choices":[{"damage_healed":0,"gold_gain":0,"player_choice":"Donut","damage_taken":0,"max_hp_gain":5,"max_hp_loss":0,"event_name":"Big Fish","floor":2,"gold_loss":0},{"damage_healed":0,"gold_gain":0,"player_choice":"Entered Light","damage_taken":20,"max_hp_gain":0,"max_hp_loss":0,"event_name":"Shining Light","floor":3,"gold_loss":0,"cards_upgraded":["Strike_R","Headbutt"]},{"damage_healed":0,"gold_gain":0,"player_choice":"Take Damage","damage_taken":25,"relics_obtained":["Golden Idol"],"max_hp_gain":0,"max_hp_loss":0,"event_name":"Golden Idol","floor":5,"gold_loss":0}],"is_beta":false,"boss_relics":[],"items_purged_floors":[14],"is_endless":false,"potions_floor_spawned":[1,4,11],"killed_by":"Hexaghost","ascension_level":0}