{"path_per_floor":["M","?","$","M","?","E","M","?","T","E","T","M","M","M","R","B",null,"M","M","M","?","$","R","E","?","T","R","?","R","M","T","R","B",null,"M","M","$","M","M","E","R","M","T","M"],"character_chosen":"DEFECT","items_purchased":["BootSequence","Static Discharge+1","Lantern","Capacitor+1"],"gold_per_floor":[112,62,62,82,82,110,129,129,129,158,185,195,206,216,216,320,320,332,352,371,371,180,180,210,210,210,210,210,210,225,251,251,346,346,359,377,156,167,184,211,211,228,281,299,299],"floor_reached":45,"campfire_rested":1,"playtime":3396,"item_purchase_floors":[22,22,37,37],"current_hp_per_floor":[75,75,75,74,59,44,43,40,40,17,17,19,18,18,41,43,77,65,61,47,32,32,32,23,23,23,23,23,23,25,25,25,9,88,82,78,78,80,84,54,54,39,39,41,0],"items_purged":["Strike_B"],"gold":299,"score":552,"play_id":"473e76ec-c0d5-4b87-b7cb-1dd1dd86a987","local_time":"20180602151145","is_prod":false,"is_daily":false,"chose_seed":false,"is_ascension_mode":false,"campfire_upgraded":5,"win_rate":0.0,"timestamp":1527945105,"campfire_choices":[{"floor":15,"key":"REST"},{"data":"Defragment","floor":23,"key":"SMITH"},{"data":"Undo","floor":27,"key":"SMITH"},{"data":"Zap","floor":29,"key":"SMITH"},{"data":"Dualcast","floor":32,"key":"SMITH"},{"data":"FTL","floor":41,"key":"SMITH"}],"path_taken":["M","?","?","M","?","E","?","?","T","E","?","M","M","M","R","BOSS","M","M","M","?","?","R","E","?","T","R","?","R","M","?","R","BOSS","M","M","$","M","M","E","R","M","T","M","E"],"build_version":"2018-05-31","seed_source_timestamp":49041249970726,"purchased_purges":1,"victory":false,"master_deck":["Strike_B","Strike_B+1","Defend_B","Defend_B","Defend_B","Defend_B","Zap+1","Dualcast+1","Meteor Strike","Tempest+1","Defragment+1","Chill","Consume","Static Discharge+1","Scrape","Defragment+1","Electrodynamics+1","Undo+1","BootSequence","Static Discharge+1","Sunder+1","Creative AI+1","FTL+1","Capacitor+1","Genetic Algorithm+1","Heatsinks+1","Fission","Storm+1"],"max_hp_per_floor":[75,75,75,75,75,75,75,75,75,77,77,77,77,77,77,77,77,79,81,81,86,86,86,88,88,88,88,88,88,88,88,88,88,88,88,90,90,90,92,92,92,92,92,92,92],"relics":["Cracked Core","Matryoshka","Singing Bowl","Orichalcum","Mercury Hourglass","Pen Nib","Frozen Egg 2","Blood Vial","Sozu","Art of War","Blue Candle","Bag of Marbles","Nuclear Battery","Lantern","Bronze Scales","Bag of Preparation"],"card_choices":[{"not_picked":["Hologram","Coolheaded"],"picked":"Tempest","floor":1},{"not_picked":["Scrape","Barrage"],"picked":"Defragment","floor":4},{"not_picked":["Reboot","Reprogram"],"picked":"Chill","floor":6},{"not_picked":["Leap","Scrape"],"picked":"Consume","floor":7},{"not_picked":["Hologram","Leap","Coolheaded"],"picked":"Singing Bowl","floor":10},{"not_picked":["Defragment+1","FTL"],"picked":"Static Discharge+1","floor":12},{"not_picked":["Ball Lightning","Compile Driver"],"picked":"Scrape","floor":13},{"not_picked":["Cold Snap","Rip and Tear"],"picked":"Defragment+1","floor":14},{"not_picked":["Amplify","Buffer+1"],"picked":"Electrodynamics+1","floor":16},{"not_picked":["Beam Cell","Redo","Sweeping Beam+1"],"picked":"Singing Bowl","floor":18},{"not_picked":["Beam Cell","Conserve Battery","Rebound"],"picked":"Singing Bowl","floor":19},{"not_picked":["Aggregate+1","Lockon"],"picked":"Undo","floor":20},{"not_picked":["Beam Cell+1","Stack+1","Gash+1"],"picked":"Singing Bowl","floor":24},{"not_picked":["Conserve Battery","BootSequence"],"picked":"Sunder+1","floor":30},{"not_picked":["Echo Form+1","All For One"],"picked":"Creative AI+1","floor":33},{"not_picked":["Compile Driver+1","Redo+1"],"picked":"FTL","floor":35},{"not_picked":["Blizzard+1","Beam Cell","Compile Driver"],"picked":"Singing Bowl","floor":36},{"not_picked":["Steam Power","Rebound"],"picked":"Genetic Algorithm+1","floor":38},{"not_picked":["Conserve Battery+1","Coolheaded+1","Compile Driver"],"picked":"Singing Bowl","floor":39},{"not_picked":["Conserve Battery","Coolheaded"],"picked":"Heatsinks+1","floor":40},{"not_picked":["Stack","Chill+1"],"picked":"Fission","floor":42},{"not_picked":["Steam","Blizzard"],"picked":"Storm+1","floor":44}],"player_experience":298585,"potions_floor_usage":[10,10,19,33,33],"damage_taken":[{"damage":0,"enemies":"2 Louse","floor":1,"turns":2},{"damage":1,"enemies":"Jaw Worm","floor":4,"turns":3},{"damage":15,"enemies":"3 Sentries","floor":6,"turns":7},{"damage":1,"enemies":"Cultist","floor":7,"turns":4},{"damage":25,"enemies":"Lagavulin","floor":10,"turns":6},{"damage":0,"enemies":"Looter","floor":12,"turns":2},{"damage":3,"enemies":"2 Fungi Beasts","floor":13,"turns":3},{"damage":2,"enemies":"3 Louse","floor":14,"turns":2},{"damage":0,"enemies":"Slime Boss","floor":16,"turns":8},{"damage":14,"enemies":"Spheric Guardian","floor":18,"turns":4},{"damage":8,"enemies":"2 Thieves","floor":19,"turns":2},{"damage":16,"enemies":"Snake Plant","floor":20,"turns":3},{"damage":13,"enemies":"Book of Stabbing","floor":24,"turns":5},{"damage":0,"enemies":"Chosen and Byrds","floor":30,"turns":4},{"damage":18,"enemies":"Collector","floor":33,"turns":5},{"damage":6,"enemies":"3 Shapes","floor":35,"turns":4},{"damage":8,"enemies":"Orb Walker","floor":36,"turns":3},{"damage":0,"enemies":"3 Darklings","floor":38,"turns":4},{"damage":0,"enemies":"Sphere and 2 Shapes","floor":39,"turns":4},{"damage":32,"enemies":"Giant Head","floor":40,"turns":7},{"damage":17,"enemies":"Maw","floor":42,"turns":7},{"damage":0,"enemies":"4 Shapes","floor":44,"turns":4},{"damage":48,"enemies":"Nemesis","floor":45,"turns":3}],"relics_obtained":[{"floor":6,"key":"Matryoshka"},{"floor":9,"key":"Orichalcum"},{"floor":9,"key":"Mercury Hourglass"},{"floor":10,"key":"Pen Nib"},{"floor":11,"key":"Frozen Egg 2"},{"floor":11,"key":"Blood Vial"},{"floor":24,"key":"Art of War"},{"floor":26,"key":"Blue Candle"},{"floor":31,"key":"Bag of Marbles"},{"floor":40,"key":"Bronze Scales"},{"floor":43,"key":"Bag of Preparation"}],"event_choices":[{"event_name":"The Cleric","player_choice":"Card Removal","floor":2,"damage_taken":0},{"event_name":"Shining Light","player_choice":"Entered Light","floor":5,"damage_taken":0},{"event_name":"Scrap Ooze","player_choice":"success","floor":8,"damage_taken":3},{"event_name":"Forgotten Altar","player_choice":"Shed Blood","floor":21,"damage_taken":0},{"event_name":"Vampires","player_choice":"Ignored","floor":25,"damage_taken":0},{"event_name":"Drug Dealer","player_choice":"Ignored","floor":28,"damage_taken":0}],"boss_relics":[{"not_picked":["Philosopher\u0027s Stone","Calling Bell"],"picked":"Sozu"},{"not_picked":["Eternal Feather","Orrery"],"picked":"Nuclear Battery"}],"items_purged_floors":[22],"potions_floor_spawned":[1,4,6,12,16,18,30,33,35,36,40,44],"seed_played":"-6126424215446181204","killed_by":"Nemesis","ascension_level":0,"potions_obtained":[{"floor":1,"key":"FearPotion"},{"floor":4,"key":"SkillPotion"},{"floor":6,"key":"FocusPotion"},{"floor":12,"key":"Poison Potion"},{"floor":16,"key":"Block Potion"}],"is_trial":false}