{"path_per_floor":["M","M","$","M","M","R","E","R","T","?","M","?","?","M","R","B",null,"M","?","M","?","?","R","M","R","T","?","?","E","R","M","R","B",null,"M","$","M","?","M","R","?","R","T","$","?","M","?","M","R","B"],"character_chosen":"IRONCLAD","items_purchased":["Bag of Preparation","Charon\u0027s Ashes","Deep Breath"],"gold_per_floor":[218,237,9,22,33,33,61,61,85,85,104,139,139,154,154,279,279,303,303,328,328,328,328,353,353,380,380,380,413,413,431,431,551,551,572,83,103,103,123,123,123,123,123,123,123,136,0,25,25,25],"floor_reached":51,"campfire_rested":5,"playtime":2282,"current_hp_per_floor":[80,80,80,80,76,76,76,76,76,56,50,44,44,43,67,30,80,61,61,35,35,35,59,48,48,48,48,48,24,48,54,78,24,80,80,80,77,77,61,61,61,61,61,61,80,80,80,68,80,44],"items_purged":["Strike_R","Defend_R"],"gold":25,"score":790,"play_id":"a5d0e2a4-39fe-4009-b108-0e4881016d75","local_time":"20180413215330","is_prod":false,"is_daily":false,"chose_seed":false,"is_ascension_mode":false,"campfire_upgraded":5,"timestamp":1523670810,"path_taken":["M","M","$","M","M","R","E","R","T","?","M","?","?","?","R","BOSS","M","?","M","?","?","R","?","R","T","?","?","E","R","M","R","BOSS","M","$","M","?","M","R","?","R","T","$","?","M","?","M","R","BOSS"],"build_version":"2018-04-12","seed_source_timestamp":38924038798775,"purchased_purges":2,"victory":true,"master_deck":["Strike_R+1","Strike_R","Strike_R+1","Defend_R","Bash","Rampage+1","Warcry+1","Pommel Strike+1","Brutality","Battle Trance+1","Fiend Fire+1","Deep Breath+1","Flash of Steel"],"max_hp_per_floor":[80,80,80,80,80,80,80,80,80,80,80,80,80,80,80,80,80,80,80,80,80,80,80,80,80,80,80,80,80,80,80,80,80,80,80,80,80,80,80,80,80,80,80,80,80,80,80,80,80,80],"relics":["Black Blood","Bag of Preparation","Unceasing Top","Whetstone","Golden Idol","Odd Mushroom","Sozu","Blood Vial","Omamori","Dream Catcher","Charon\u0027s Ashes","Ginger","Red Mask"],"card_choices":[{"not_picked":["Havoc","Sword Boomerang"],"picked":"Rampage","floor":1},{"not_picked":["Heavy Blade","Body Slam"],"picked":"Warcry","floor":4},{"not_picked":["Pummel","Thunderclap"],"picked":"Pommel Strike","floor":5},{"not_picked":["Impervious","Reaper"],"picked":"Brutality","floor":16},{"not_picked":["Sword Boomerang","Rage"],"picked":"Battle Trance","floor":18},{"not_picked":["Iron Wave","Heavy Blade"],"picked":"Fiend Fire","floor":24},{"not_picked":["Good Instincts","Finesse"],"picked":"Flash of Steel","floor":41}],"player_experience":177239,"potions_floor_usage":[12,20,33],"damage_taken":[{"damage":2,"enemies":"2 Louse","floor":1,"turns":2},{"damage":3,"enemies":"Small Slimes","floor":2,"turns":3},{"damage":6,"enemies":"Cultist","floor":4,"turns":3},{"damage":10,"enemies":"Large Slime","floor":5,"turns":6},{"damage":6,"enemies":"Gremlin Nob","floor":7,"turns":3},{"damage":12,"enemies":"3 Louse","floor":11,"turns":3},{"damage":12,"enemies":"The Mushroom Lair","floor":12,"turns":3},{"damage":7,"enemies":"2 Fungi Beasts","floor":14,"turns":2},{"damage":43,"enemies":"The Guardian","floor":16,"turns":6},{"damage":25,"enemies":"3 Byrds","floor":18,"turns":4},{"damage":32,"enemies":"2 Thieves","floor":20,"turns":3},{"damage":19,"enemies":"3 Cultists","floor":24,"turns":4},{"damage":32,"enemies":"Book of Stabbing","floor":29,"turns":3},{"damage":2,"enemies":"Cultist and Chosen","floor":31,"turns":3},{"damage":62,"enemies":"Automaton","floor":33,"turns":5},{"damage":1,"enemies":"3 Shapes","floor":35,"turns":2},{"damage":13,"enemies":"3 Darklings","floor":37,"turns":3},{"damage":28,"enemies":"Maw","floor":39,"turns":4},{"damage":1,"enemies":"Sphere and 2 Shapes","floor":46,"turns":2},{"damage":22,"enemies":"4 Shapes","floor":48,"turns":2},{"damage":46,"enemies":"Awakened One","floor":50,"turns":4}],"event_choices":[{"event_name":"Golden Idol","player_choice":"Take Damage","floor":10,"damage_taken":0},{"event_name":"Mushrooms","player_choice":"Fought Mushrooms","floor":12,"damage_taken":0},{"event_name":"Accursed Blacksmith","player_choice":"Forge","floor":13,"damage_taken":0},{"event_name":"Back to Basics","player_choice":"Elegance","floor":19,"damage_taken":0},{"event_name":"Ghosts","player_choice":"Ignored","floor":21,"damage_taken":0},{"event_name":"The Mausoleum","player_choice":"Yes","floor":22,"damage_taken":0},{"event_name":"Bonfire Elementals","player_choice":"BASIC","floor":27,"damage_taken":0},{"event_name":"Purifier","player_choice":"One Purge","floor":28,"damage_taken":0},{"event_name":"The Woman in Blue","player_choice":"Bought 0 Potions","floor":38,"damage_taken":0},{"event_name":"SensoryStone","player_choice":"Memory 1","floor":41,"damage_taken":0},{"event_name":"Winding Halls","player_choice":"Writhe","floor":45,"damage_taken":0},{"event_name":"Tomb of Lord Red Mask","player_choice":"Paid","floor":47,"damage_taken":0}],"boss_relics":[{"not_picked":["Pandora\u0027s Box","Philosopher\u0027s Stone"],"picked":"Sozu"},{"not_picked":["Black Star","Mark of Pain"],"picked":"Black Blood"}],"potions_floor_spawned":[2,4,7,16,20,31,33,46,48],"seed_played":"-8841145882768726535","ascension_level":0,"is_trial":false}