{"path_per_floor":["M","M","M","M","M","E","R","E","T","R","M","M","M","M","R","B",null,"M","$","M"],"character_chosen":"DEFECT","items_purchased":["Self Repair","White Noise","Bag of Preparation"],"gold_per_floor":[118,137,157,176,195,226,226,256,256,256,276,288,300,312,312,414,414,427,129,129,129],"floor_reached":21,"campfire_rested":2,"playtime":793,"item_purchase_floors":[19,19,19],"current_hp_per_floor":[75,73,73,58,44,38,60,44,44,44,21,16,12,10,32,17,75,29,29,29,0],"items_purged":[],"gold":129,"score":217,"play_id":"1feb0ee8-6921-4306-baac-e45ac3aa9ecb","local_time":"20180622003944","is_prod":false,"is_daily":false,"chose_seed":false,"is_ascension_mode":true,"campfire_upgraded":1,"win_rate":0,"timestamp":1529620784,"campfire_choices":[{"floor":7,"key":"REST"},{"data":"Creative AI","floor":10,"key":"SMITH"},{"floor":15,"key":"REST"}],"path_taken":["M","M","M","M","M","E","R","E","T","R","M","M","M","M","R","BOSS","M","$","M","M"],"build_version":"2018-06-14v2","seed_source_timestamp":39551069452317,"purchased_purges":0,"victory":false,"master_deck":["Strike_B","Strike_B","Strike_B","Strike_B","Defend_B","Defend_B","Defend_B","Defend_B","Zap","Dualcast","Defragment","Static Discharge","Rip and Tear","Creative AI+1","Storm","BootSequence","Amplify","Echo Form","Self Repair","White Noise"],"max_hp_per_floor":[75,75,75,75,75,75,75,75,75,75,75,75,75,75,75,75,75,75,75,75,75],"relics":["Cracked Core","DataDisk","Anchor","Happy Flower","Cursed Key","Bag of Preparation"],"card_choices":[{"not_picked":["Chill","Steam"],"picked":"Defragment","floor":1},{"not_picked":["Ball Lightning","Redo","Conserve Battery"],"picked":"SKIP","floor":2},{"not_picked":["Redo","Double Energy"],"picked":"Static Discharge","floor":3},{"not_picked":["Blizzard","Gash","Undo"],"picked":"SKIP","floor":4},{"not_picked":["Steam","Redo","Turbo"],"picked":"SKIP","floor":5},{"not_picked":["Leap","Darkness"],"picked":"Rip and Tear","floor":6},{"not_picked":["Leap","Stack"],"picked":"Creative AI","floor":8},{"not_picked":["Redo","Fusion","Sweeping Beam"],"picked":"SKIP","floor":11},{"not_picked":["Steam","Go for the Eyes"],"picked":"Storm","floor":12},{"not_picked":["Genetic Algorithm","Rip and Tear"],"picked":"BootSequence","floor":13},{"not_picked":["Conserve Battery","Barrage"],"picked":"Amplify","floor":14},{"not_picked":["All For One","Core Surge"],"picked":"Echo Form","floor":16},{"not_picked":["Leap","Redo","Turbo"],"picked":"SKIP","floor":18}],"player_experience":382558,"potions_floor_usage":[8,16,20],"damage_taken":[{"damage":0,"enemies":"Cultist","floor":1,"turns":4},{"damage":2,"enemies":"Jaw Worm","floor":2,"turns":3},{"damage":0,"enemies":"Small Slimes","floor":3,"turns":3},{"damage":15,"enemies":"3 Louse","floor":4,"turns":4},{"damage":14,"enemies":"Blue Slaver","floor":5,"turns":4},{"damage":6,"enemies":"Lagavulin","floor":6,"turns":7},{"damage":16,"enemies":"Gremlin Nob","floor":8,"turns":4},{"damage":23,"enemies":"Lots of Slimes","floor":11,"turns":4},{"damage":5,"enemies":"2 Fungi Beasts","floor":12,"turns":3},{"damage":4,"enemies":"Red Slaver","floor":13,"turns":3},{"damage":2,"enemies":"Looter","floor":14,"turns":3},{"damage":15,"enemies":"Hexaghost","floor":16,"turns":6},{"damage":46,"enemies":"Chosen","floor":18,"turns":5},{"damage":0,"enemies":"Shell Parasite","floor":20,"turns":2},{"damage":31,"enemies":"Snecko","floor":21,"turns":3}],"relics_obtained":[{"floor":6,"key":"DataDisk"},{"floor":8,"key":"Anchor"},{"floor":9,"key":"Happy Flower"}],"event_choices":[],"boss_relics":[{"not_picked":["Tiny House","Runic Pyramid"],"picked":"Cursed Key"}],"items_purged_floors":[],"is_endless":false,"potions_floor_spawned":[1,4,8,13,14,16,20],"seed_played":"-4033885827566250275","killed_by":"Snecko","ascension_level":2,"potions_obtained":[{"floor":1,"key":"Dexterity Potion"},{"floor":4,"key":"Block Potion"},{"floor":8,"key":"Strength Potion"},{"floor":13,"key":"EssenceOfSteel"},{"floor":16,"key":"SmokeBomb"}],"is_trial":false}