{"gold_per_floor":[110,37,51,226,241,276,551,570,870,0,34,34,34,44,44,149,149,164,164,64,80,97,132,132,144,144,163,193,193,211,224,224,326,326,342,417,436,453,99,99,125,125],"floor_reached":42,"playtime":1916,"items_purged":["Regret","Strike_R","Strike_R"],"score":579,"play_id":"3c809aad-691f-4209-8186-d754e5550ca3","local_time":"20190226153838","is_ascension_mode":false,"campfire_choices":[{"floor":12,"key":"DIG"},{"floor":15,"key":"REST"},{"floor":24,"key":"DIG"},{"floor":29,"key":"REST"},{"floor":32,"key":"DIG"},{"floor":40,"key":"DIG"}],"neow_cost":"NONE","seed_source_timestamp":17921157306413,"circlet_count":0,"master_deck":["Strike_R","Strike_R","Strike_R","Defend_R","Defend_R","Defend_R","Defend_R","Bash","Seeing Red","Armaments+1","Whirlwind+1","Shrug It Off","Headbutt","Forethought","Shrug It Off","Feed","Ghostly Armor","Blood for Blood+1","Inflame+1","Limit Break","Anger+1","Seeing Red","Bludgeon","Juggernaut"],"relics":["Burning Blood","Meat on the Bone","Old Coin","Ice Cream","Brimstone","Art of War","Shovel","Dodecahedron","Busted Crown","Spirit Poop","Strawberry","Ancient Tea Set","Bottled Tornado","Mercury Hourglass","Pen Nib","Sozu","Boot","Bottled Flame"],"potions_floor_usage":[6,11,18,18,23,28,33,35,37,38],"damage_taken":[{"damage":8,"enemies":"Jaw Worm","floor":1,"turns":3},{"damage":6,"enemies":"Cultist","floor":3,"turns":3},{"damage":10,"enemies":"Small Slimes","floor":5,"turns":2},{"damage":46,"enemies":"Gremlin Nob","floor":6,"turns":5},{"damage":5,"enemies":"Gremlin Gang","floor":8,"turns":3},{"damage":11,"enemies":"3 Sentries","floor":11,"turns":3},{"damage":0,"enemies":"3 Louse","floor":14,"turns":1},{"damage":26,"enemies":"Slime Boss","floor":16,"turns":6},{"damage":6,"enemies":"3 Byrds","floor":18,"turns":3},{"damage":0,"enemies":"Spheric Guardian","floor":21,"turns":2},{"damage":1,"enemies":"Snake Plant","floor":22,"turns":2},{"damage":15,"enemies":"Gremlin Leader","floor":23,"turns":4},{"damage":12,"enemies":"Centurion and Healer","floor":25,"turns":3},{"damage":14,"enemies":"Sentry and Sphere","floor":27,"turns":4},{"damage":28,"enemies":"Book of Stabbing","floor":28,"turns":4},{"damage":0,"enemies":"Snecko","floor":30,"turns":3},{"damage":0,"enemies":"Snake Plant","floor":31,"turns":2},{"damage":0,"enemies":"Automaton","floor":33,"turns":4},{"damage":0,"enemies":"Orb Walker","floor":35,"turns":2},{"damage":25,"enemies":"3 Shapes","floor":37,"turns":2},{"damage":0,"enemies":"Jaw Worm Horde","floor":38,"turns":3},{"damage":24,"enemies":"Nemesis","floor":41,"turns":3},{"damage":68,"enemies":"Sphere and 2 Shapes","floor":42,"turns":3}],"seed_played":"-5341284504501670733","potions_obtained":[{"floor":1,"key":"Explosive Potion"},{"floor":6,"key":"LiquidBronze"},{"floor":8,"key":"SpeedPotion"},{"floor":16,"key":"PowerPotion"},{"floor":18,"key":"Explosive Potion"},{"floor":23,"key":"GamblersBrew"},{"floor":28,"key":"Block Potion"},{"floor":30,"key":"SkillPotion"},{"floor":33,"key":"Weak Potion"}],"is_trial":false,"path_per_floor":["M","$","M","?","M","E","?","M","T","$","E","R","?","M","R","B",null,"M","?","$","M","M","E","R","M","T","M","E","R","M","M","R","B",null,"M","?","M","M","$","R","E","M"],"character_chosen":"IRONCLAD","items_purchased":["Whirlwind","Ice Cream","Brimstone","Forethought","Art of War","Explosive Potion","Seeing Red","Bludgeon"],"campfire_rested":2,"item_purchase_floors":[2,10,10,10,10,10,39,39],"current_hp_per_floor":[78,78,78,78,74,34,34,47,47,47,54,54,38,56,80,60,80,80,80,80,80,80,78,78,75,75,70,60,87,93,93,93,93,93,96,87,68,74,74,74,59,0],"gold":125,"neow_bonus":"THREE_CARDS","is_prod":false,"is_daily":false,"chose_seed":false,"campfire_upgraded":0,"win_rate":0,"timestamp":1551217118,"path_taken":["M","$","M","?","M","E","?","?","T","$","E","R","?","M","R","BOSS","M","?","$","M","M","E","R","M","T","?","E","R","M","M","R","BOSS","M","?","M","M","$","R","E","M"],"build_version":"2019-01-23","purchased_purges":3,"victory":false,"max_hp_per_floor":[80,80,80,80,80,80,80,80,80,80,80,80,80,80,80,80,80,80,80,80,80,80,87,87,90,90,93,93,93,93,93,93,93,93,96,96,96,96,96,96,99,99],"card_choices":[{"not_picked":["Spot Weakness","Perfected Strike"],"picked":"Seeing Red","floor":0},{"not_picked":["Rupture","Entrench"],"picked":"Armaments","floor":1},{"not_picked":["Metallicize","Cleave"],"picked":"Shrug It Off","floor":3},{"not_picked":["Thunderclap","Havoc"],"picked":"Headbutt","floor":5},{"not_picked":["Whirlwind","Headbutt","Evolve"],"picked":"SKIP","floor":6},{"not_picked":["Flame Barrier","Havoc","Warcry"],"picked":"SKIP","floor":8},{"not_picked":["Second Wind","Blood for Blood","Power Through"],"picked":"SKIP","floor":11},{"not_picked":["Sword Boomerang","Spot Weakness"],"picked":"Shrug It Off","floor":14},{"not_picked":["Limit Break","Reaper"],"picked":"Feed","floor":16},{"not_picked":[],"picked":"Ghostly Armor","floor":18},{"not_picked":["Sword Boomerang+1"],"picked":"SKIP","floor":21},{"not_picked":["Combust"],"picked":"SKIP","floor":22},{"not_picked":[],"picked":"Blood for Blood+1","floor":23},{"not_picked":[],"picked":"Inflame+1","floor":25},{"not_picked":["Cleave"],"picked":"SKIP","floor":27},{"not_picked":["Searing Blow"],"picked":"SKIP","floor":28},{"not_picked":["Dropkick"],"picked":"SKIP","floor":30},{"not_picked":["Rupture+1"],"picked":"SKIP","floor":31},{"not_picked":[],"picked":"Limit Break","floor":33},{"not_picked":["Whirlwind"],"picked":"SKIP","floor":35},{"not_picked":[],"picked":"Anger+1","floor":37},{"not_picked":["Second Wind"],"picked":"SKIP","floor":38},{"not_picked":[],"picked":"Juggernaut","floor":41}],"player_experience":435135,"relics_obtained":[{"floor":6,"key":"Meat on the Bone"},{"floor":9,"key":"Old Coin"},{"floor":11,"key":"Shovel"},{"floor":12,"key":"Dodecahedron"},{"floor":23,"key":"Strawberry"},{"floor":24,"key":"Ancient Tea Set"},{"floor":26,"key":"Bottled Tornado"},{"floor":28,"key":"Mercury Hourglass"},{"floor":32,"key":"Pen Nib"},{"floor":40,"key":"Boot"},{"floor":41,"key":"Bottled Flame"}],"event_choices":[{"damage_healed":0,"gold_gain":175,"player_choice":"AGREE","damage_taken":0,"max_hp_gain":0,"max_hp_loss":0,"event_name":"Liars Game","floor":4,"gold_loss":0,"cards_obtained":["Doubt"]},{"damage_healed":0,"gold_gain":275,"player_choice":"Desecrate","damage_taken":0,"max_hp_gain":0,"max_hp_loss":0,"event_name":"Golden Shrine","floor":7,"gold_loss":0,"cards_obtained":["Regret"]},{"damage_healed":0,"gold_gain":0,"player_choice":"Entered Light","damage_taken":16,"max_hp_gain":0,"max_hp_loss":0,"event_name":"Shining Light","floor":13,"gold_loss":0,"cards_upgraded":["Armaments","Whirlwind"]},{"cards_removed":["Doubt"],"damage_healed":0,"gold_gain":0,"player_choice":"Offered Curse","damage_taken":0,"relics_obtained":["Spirit Poop"],"max_hp_gain":0,"max_hp_loss":0,"event_name":"Bonfire Elementals","floor":19,"gold_loss":0},{"damage_healed":0,"gold_gain":75,"player_choice":"Touch","damage_taken":9,"max_hp_gain":0,"max_hp_loss":0,"event_name":"FaceTrader","floor":36,"gold_loss":0}],"is_beta":false,"boss_relics":[{"not_picked":["Fusion Hammer","Lizard Tail"],"picked":"Busted Crown"},{"not_picked":["Pandora\u0027s Box","White Beast Statue"],"picked":"Sozu"}],"items_purged_floors":[10,20,39],"is_endless":false,"potions_floor_spawned":[1,6,8,16,18,23,28,30,33,35],"killed_by":"Sphere and 2 Shapes","ascension_level":0}