{"path_per_floor":["M","?","?","?","T","R","E","$","T","M","E","R","?","?","R","B",null,"M","$","?","?","M","R","E","R","T","$","R","M","E","M","R","B",null,"M","M","M","?","$"],"character_chosen":"THE_SILENT","items_purchased":["Dash","Kunai","Malaise","Pantograph"],"gold_per_floor":[112,112,112,112,135,135,190,80,104,119,145,145,145,145,145,241,241,260,6,6,6,26,26,57,57,131,94,94,107,134,151,151,248,248,265,278,288,288,40],"floor_reached":40,"campfire_rested":2,"playtime":3416,"current_hp_per_floor":[66,66,66,52,52,70,51,51,51,51,43,43,43,60,60,39,70,70,70,70,54,36,36,32,53,53,53,53,53,53,53,53,40,70,70,70,62,62,62],"items_purged":["Defend_G"],"gold":40,"play_id":"a58d49fc-ad43-477a-863a-0cebf139148e","is_prod":false,"is_daily":false,"is_ascension_mode":true,"campfire_upgraded":5,"path_taken":["M","?","?","?","?","R","E","?","T","?","E","R","?","?","R","BOSS","M","$","?","?","M","R","E","R","T","$","R","M","E","?","R","BOSS","M","M","?","?","?","E"],"build_version":"2018-01-25-PROD3","purchased_purges":2,"victory":false,"master_deck":["Defend_G+1","Defend_G+1","Defend_G","Defend_G","Strike_G+1","Survivor+1","Neutralize+1","Deflect+1","PiercingWail","Dash+1","Noxious Fumes+1","Parasite","Wraith Form+1","Backflip+1","Riddle With Holes+1","Malaise+1","Dagger Spray+1","Underhanded Strike+1","Riddle With Holes+1","Backstab+1","Underhanded Strike+1","Riddle With Holes+1"],"max_hp_per_floor":[70,70,70,70,70,70,70,70,70,70,70,70,70,70,70,70,70,70,70,70,70,70,70,70,70,70,70,70,70,70,70,70,70,70,70,70,70,70,70],"relics":["Ring of the Snake","Lantern","Happy Flower","Tiny Chest","Pen Nib","War Paint","Velvet Choker","Kunai","Enchiridion","Bronze Scales","Shuriken","Meat on the Bone","Astrolabe","Pantograph"],"card_choices":[{"not_picked":["Choke","Prepared"],"picked":"Deflect"},{"not_picked":["Venomology","Bane"],"picked":"PiercingWail"},{"not_picked":["PiercingWail","A Thousand Cuts"],"picked":"Noxious Fumes"},{"not_picked":["Unload","Doppelganger"],"picked":"Wraith Form"},{"not_picked":["Cloak And Dagger","Dodge and Roll"],"picked":"Backflip"},{"not_picked":["Eviscerate","Prepared"],"picked":"Riddle With Holes"},{"not_picked":["Quick Slash","Flying Knee"],"picked":"Dagger Spray"},{"not_picked":["Backflip","Sucker Punch"],"picked":"Underhanded Strike"},{"not_picked":["Bouncing Flask","Deflect"],"picked":"Riddle With Holes"}],"player_experience":82588,"potions_floor_usage":[16,24,30,31,33,37],"damage_taken":[{"damage":4,"enemies":"Blue Slaver","floor":1,"turns":6},{"damage":19,"enemies":"3 Sentries","floor":7,"turns":14},{"damage":0,"enemies":"Small Slimes","floor":10,"turns":3},{"damage":8,"enemies":"Gremlin Nob","floor":11,"turns":4},{"damage":21,"enemies":"Slime Boss","floor":16,"turns":12},{"damage":0,"enemies":"Spheric Guardian","floor":18,"turns":6},{"damage":18,"enemies":"Chosen","floor":22,"turns":5},{"damage":4,"enemies":"Book of Stabbing","floor":24,"turns":6},{"damage":0,"enemies":"Centurion and Healer","floor":29,"turns":6},{"damage":0,"enemies":"Slavers","floor":30,"turns":4},{"damage":0,"enemies":"Sentry and Sphere","floor":31,"turns":4},{"damage":13,"enemies":"Automaton","floor":33,"turns":8},{"damage":0,"enemies":"3 Shapes","floor":35,"turns":5},{"damage":0,"enemies":"Orb Walker","floor":36,"turns":2},{"damage":14,"enemies":"Sphere and 2 Shapes","floor":37,"turns":6},{"damage":74,"enemies":"2 Orb Walkers","floor":40,"turns":6}],"event_choices":[{"event_name":"Living Wall","player_choice":"Forget","floor":2,"damage_taken":0},{"event_name":"Wheel of Change","player_choice":"Relic","floor":3,"damage_taken":0},{"event_name":"Shining Light","player_choice":"Entered Light","floor":4,"damage_taken":0},{"event_name":"Upgrade Shrine","player_choice":"Upgraded","floor":13,"damage_taken":0},{"event_name":"Mushrooms","player_choice":"Healed and dodged fight","floor":14,"damage_taken":0},{"event_name":"Beggar","player_choice":"Ignored","floor":20,"damage_taken":0},{"event_name":"Cursed Tome","player_choice":"Obtained Book","floor":21,"damage_taken":0},{"event_name":"Tomb of Lord Red Mask","player_choice":"Ignored","floor":38,"damage_taken":0}],"boss_relics":[{"not_picked":["Snecko Eye","Calling Bell"],"picked":"Velvet Choker"},{"not_picked":["Cursed Key","Runic Dome"],"picked":"Astrolabe"}],"potions_floor_spawned":[1,7,24,29,30,33,37],"seed_played":"5180175172470522764","killed_by":"2 Orb Walkers","ascension_level":1,"is_trial":false}