{"gold_per_floor":[115,115,135,145,165,191,191,208,231,261,276,276,306,320,320,415,415,432,449,449,449],"floor_reached":21,"playtime":1283,"items_purged":[],"score":244,"play_id":"27fda5fd-78e6-46a4-9563-56ac8357edb0","local_time":"20180803144500","is_ascension_mode":true,"campfire_choices":[{"data":"Rampage","floor":7,"key":"SMITH"},{"floor":12,"key":"REST"},{"data":"Barricade","floor":15,"key":"SMITH"}],"neow_cost":"NONE","seed_source_timestamp":152045456195539,"circlet_count":0,"master_deck":["Strike_R","Strike_R","Strike_R","Strike_R","Defend_R","Defend_R","Defend_R","Defend_R","Bash","Second Wind","True Grit+1","Cleave","Rampage+1","Barricade+1","Shrug It Off","Battle Trance","Fiend Fire","Shockwave","True Grit+1"],"relics":["Burning Blood","Torii","Strawberry","Happy Flower","Art of War"],"potions_floor_usage":[10,11,11,16,16],"damage_taken":[{"damage":19,"enemies":"Jaw Worm","floor":1,"turns":6},{"damage":2,"enemies":"Small Slimes","floor":3,"turns":4},{"damage":2,"enemies":"Cultist","floor":4,"turns":4},{"damage":7,"enemies":"Red Slaver","floor":5,"turns":4},{"damage":54,"enemies":"Gremlin Nob","floor":6,"turns":5},{"damage":15,"enemies":"Looter","floor":8,"turns":4},{"damage":19,"enemies":"3 Sentries","floor":10,"turns":7},{"damage":1,"enemies":"2 Fungi Beasts","floor":11,"turns":4},{"damage":31,"enemies":"Gremlin Nob","floor":13,"turns":5},{"damage":1,"enemies":"3 Louse","floor":14,"turns":4},{"damage":1,"enemies":"Hexaghost","floor":16,"turns":15},{"damage":60,"enemies":"Chosen","floor":18,"turns":8},{"damage":15,"enemies":"Shell Parasite","floor":19,"turns":8},{"damage":25,"enemies":"Snake Plant","floor":21,"turns":5}],"seed_played":"-430213917702637753","potions_obtained":[{"floor":1,"key":"Swift Potion"},{"floor":6,"key":"Poison Potion"},{"floor":10,"key":"SteroidPotion"},{"floor":13,"key":"SkillPotion"},{"floor":14,"key":"Ancient Potion"},{"floor":16,"key":"Ancient Potion"}],"is_trial":false,"path_per_floor":["M","?","M","M","M","E","R","M","T","E","M","R","E","M","R","B",null,"M","M","?"],"character_chosen":"IRONCLAD","items_purchased":[],"campfire_rested":1,"item_purchase_floors":[],"current_hp_per_floor":[67,67,71,75,74,26,26,17,24,11,16,42,17,22,22,27,87,33,24,24,0],"gold":449,"neow_bonus":"TRANSFORM_CARD","is_prod":false,"is_daily":false,"chose_seed":false,"campfire_upgraded":2,"win_rate":0,"timestamp":1533300300,"path_taken":["M","?","M","M","M","E","R","M","T","E","?","R","E","M","R","BOSS","M","M","?","M"],"build_version":"2018-08-02","purchased_purges":0,"victory":false,"max_hp_per_floor":[80,80,80,80,80,80,80,80,87,87,87,87,87,87,87,87,87,87,87,87,87],"card_choices":[{"not_picked":["Carnage","Wild Strike"],"picked":"True Grit","floor":1},{"not_picked":["Uppercut","Shrug It Off"],"picked":"Cleave","floor":3},{"not_picked":["Sever Soul","Heavy Blade"],"picked":"Rampage","floor":4},{"not_picked":["Cleave","Clash","Sentinel"],"picked":"SKIP","floor":5},{"not_picked":["Pommel Strike","Feel No Pain"],"picked":"Barricade","floor":6},{"not_picked":["Thunderclap","Heavy Blade","Dropkick"],"picked":"SKIP","floor":8},{"not_picked":["Flex","Havoc","Searing Blow"],"picked":"SKIP","floor":10},{"not_picked":["Dropkick","Havoc","True Grit"],"picked":"SKIP","floor":11},{"not_picked":["Blood for Blood","Carnage"],"picked":"Shrug It Off","floor":13},{"not_picked":["Havoc","Flex"],"picked":"Battle Trance","floor":14},{"not_picked":["Barricade","Demon Form"],"picked":"Fiend Fire","floor":16},{"not_picked":["Warcry","Heavy Blade"],"picked":"Shockwave","floor":18},{"not_picked":["Thunderclap","Clothesline"],"picked":"True Grit+1","floor":19}],"player_experience":476213,"relics_obtained":[{"floor":6,"key":"Torii"},{"floor":9,"key":"Strawberry"},{"floor":10,"key":"Happy Flower"},{"floor":13,"key":"Art of War"}],"event_choices":[{"event_name":"Living Wall","player_choice":"Grow","floor":2,"damage_taken":0},{"event_name":"The Mausoleum","player_choice":"No","floor":20,"damage_taken":0}],"is_beta":false,"boss_relics":[{"not_picked":[]}],"items_purged_floors":[],"is_endless":false,"potions_floor_spawned":[1,6,10,13,14,16],"killed_by":"Snake Plant","ascension_level":4}