{"path_per_floor":["M","M","?","M","$","E","$","?","T","M","M","M","R","M","R","B",null,"M","M","M","M","?"],"character_chosen":"DEFECT","items_purchased":["White Noise","Capacitor"],"gold_per_floor":[116,132,132,145,72,102,26,26,26,42,58,71,71,94,94,215,215,234,208,232,247,247,247],"floor_reached":23,"campfire_rested":1,"playtime":1070,"item_purchase_floors":[5,7],"current_hp_per_floor":[67,67,67,66,66,54,54,54,54,41,36,28,28,24,46,21,75,59,27,17,22,22,0],"items_purged":[],"gold":247,"score":197,"play_id":"2e63bc24-1c5e-48c4-939e-53523dbb5b68","local_time":"20180621163146","is_prod":false,"is_daily":false,"chose_seed":false,"is_ascension_mode":false,"campfire_upgraded":1,"win_rate":0,"timestamp":1529591506,"campfire_choices":[{"data":"Streamline","floor":13,"key":"SMITH"},{"floor":15,"key":"REST"}],"path_taken":["M","M","?","M","?","E","$","?","T","?","M","M","R","M","R","BOSS","M","M","M","M","?","E"],"build_version":"2018-06-14v2","seed_source_timestamp":9996868102960,"purchased_purges":0,"victory":false,"master_deck":["Strike_B","Strike_B","Strike_B","Strike_B","Defend_B","Defend_B","Defend_B","Defend_B","Zap","Dualcast","Streamline+1","Capacitor","White Noise","Capacitor","Injury","FTL","Amplify","Double Energy","Echo Form"],"max_hp_per_floor":[75,75,75,75,75,75,75,75,75,75,75,75,75,75,75,75,75,75,75,75,75,75,75],"relics":["Cracked Core","Potion Belt","Ginger","Golden Idol","Bird Faced Urn","Lizard Tail","Juzu Bracelet"],"card_choices":[{"not_picked":["Glacier","Recycle","Conserve Battery"],"picked":"SKIP","floor":1},{"not_picked":["Chaos","Steam"],"picked":"Streamline","floor":2},{"not_picked":["Steam Power","Tempest"],"picked":"Capacitor","floor":4},{"not_picked":["Compile Driver","Steam","Barrage"],"picked":"SKIP","floor":6},{"not_picked":["Darkness","Leap"],"picked":"FTL","floor":10},{"not_picked":["Chaos","Conserve Battery"],"picked":"Amplify","floor":11},{"not_picked":["Scrape","Sweeping Beam"],"picked":"Double Energy","floor":12},{"not_picked":["Hologram","Steam","Blizzard"],"picked":"SKIP","floor":14},{"not_picked":["Meteor Strike","Amplify"],"picked":"Echo Form","floor":16},{"not_picked":["Beam Cell","Ball Lightning","Rebound+1"],"picked":"SKIP","floor":18},{"not_picked":["Streamline","Aggregate","Stack+1"],"picked":"SKIP","floor":19},{"not_picked":["Darkness","Steam","Sweeping Beam"],"picked":"SKIP","floor":20},{"not_picked":["Aggregate","Genetic Algorithm","Fusion"],"picked":"SKIP","floor":21}],"player_experience":371150,"potions_floor_usage":[6,6,16,18,20,21],"damage_taken":[{"damage":8,"enemies":"Jaw Worm","floor":1,"turns":4},{"damage":0,"enemies":"2 Louse","floor":2,"turns":3},{"damage":1,"enemies":"Cultist","floor":4,"turns":3},{"damage":12,"enemies":"3 Sentries","floor":6,"turns":6},{"damage":19,"enemies":"Blue Slaver","floor":10,"turns":4},{"damage":7,"enemies":"2 Fungi Beasts","floor":11,"turns":3},{"damage":12,"enemies":"Gremlin Gang","floor":12,"turns":5},{"damage":6,"enemies":"Exordium Wildlife","floor":14,"turns":3},{"damage":35,"enemies":"Slime Boss","floor":16,"turns":8},{"damage":22,"enemies":"Shell Parasite","floor":18,"turns":5},{"damage":38,"enemies":"2 Thieves","floor":19,"turns":5},{"damage":55,"enemies":"Centurion and Healer","floor":20,"turns":11},{"damage":45,"enemies":"Snecko","floor":21,"turns":7},{"damage":31,"enemies":"Book of Stabbing","floor":23,"turns":3}],"relics_obtained":[{"floor":6,"key":"Ginger"},{"floor":9,"key":"Bird Faced Urn"}],"event_choices":[{"event_name":"Liars Game","player_choice":"disagreed","floor":3,"damage_taken":0},{"event_name":"Golden Idol","player_choice":"Take Wound","floor":8,"damage_taken":0},{"event_name":"The Mausoleum","player_choice":"Yes","floor":22,"damage_taken":0}],"boss_relics":[{"not_picked":["Sozu","Philosopher\u0027s Stone"],"picked":"Lizard Tail"}],"items_purged_floors":[],"is_endless":false,"potions_floor_spawned":[1,2,4,14,16,19,20],"seed_played":"-1176606946811523663","killed_by":"Book of Stabbing","ascension_level":0,"potions_obtained":[{"floor":1,"key":"SteroidPotion"},{"floor":2,"key":"Dexterity Potion"},{"floor":4,"key":"Explosive Potion"},{"floor":14,"key":"PowerPotion"},{"floor":16,"key":"Energy Potion"},{"floor":19,"key":"Regen Potion"},{"floor":20,"key":"Block Potion"}],"is_trial":false}