{"gold_per_floor":[113,113,129,148,163,163,196,212,287,297,313,313,329,60,60,158,158,178,34,52,64,76,76,89,89,114,134,134,161,161,5,5,108,108,120,139,139,99,110,144,144,155,155,175,29,29,29,46,46,46],"floor_reached":50,"playtime":2537,"items_purged":[],"score":525,"play_id":"53d9ad11-09a2-41a0-ab5c-448e087e53ac","local_time":"20190212200746","is_ascension_mode":false,"campfire_choices":[{"data":"Quick Slash","floor":6,"key":"SMITH"},{"floor":12,"key":"REST"},{"data":"Backstab","floor":15,"key":"SMITH"},{"data":"Backstab","floor":23,"key":"SMITH"},{"data":"Backstab","floor":25,"key":"SMITH"},{"data":"Terror","floor":28,"key":"SMITH"},{"data":"Quick Slash","floor":30,"key":"SMITH"},{"floor":32,"key":"REST"},{"floor":41,"key":"REST"},{"floor":46,"key":"REST"},{"floor":49,"key":"REST"}],"neow_cost":"NONE","seed_source_timestamp":29365108219087,"circlet_count":0,"master_deck":["Defend_G","Defend_G","Defend_G","Defend_G","Defend_G","Strike_G","Strike_G","Strike_G+1","Strike_G","Strike_G","Survivor","Neutralize","Masterful Stab+1","Bouncing Flask","Quick Slash+1","Sucker Punch","Terror+1","Backflip","Backstab+1","Bouncing Flask","Backstab+1","Burst","Masterful Stab+1","Escape Plan","Backstab+1","Quick Slash","Deflect+1","Quick Slash+1","Bane+1","Unload","Slice+1","Slice+1","All Out Attack","Deadly Poison+1","Dagger Throw+1"],"relics":["Ring of the Snake","Mummified Hand","Ninja Scroll","Lee\u0027s Waffle","Sozu","Omamori","Regal Pillow","StoneCalendar","PreservedInsect","Fusion Hammer","Whetstone","Juzu Bracelet","Vajra"],"potions_floor_usage":[7,8,16,18,21,33],"damage_taken":[{"damage":2,"enemies":"Jaw Worm","floor":1,"turns":5},{"damage":0,"enemies":"Cultist","floor":3,"turns":3},{"damage":0,"enemies":"2 Louse","floor":4,"turns":2},{"damage":1,"enemies":"Lots of Slimes","floor":5,"turns":6},{"damage":28,"enemies":"Lagavulin","floor":7,"turns":6},{"damage":8,"enemies":"Gremlin Gang","floor":8,"turns":4},{"damage":0,"enemies":"2 Fungi Beasts","floor":10,"turns":1},{"damage":0,"enemies":"Blue Slaver","floor":11,"turns":2},{"damage":0,"enemies":"Red Slaver","floor":13,"turns":3},{"damage":45,"enemies":"The Guardian","floor":16,"turns":9},{"damage":2,"enemies":"3 Byrds","floor":18,"turns":4},{"damage":0,"enemies":"Spheric Guardian","floor":20,"turns":2},{"damage":0,"enemies":"Centurion and Healer","floor":21,"turns":3},{"damage":1,"enemies":"Chosen and Byrds","floor":22,"turns":3},{"damage":0,"enemies":"Snake Plant","floor":24,"turns":2},{"damage":0,"enemies":"3 Cultists","floor":27,"turns":4},{"damage":11,"enemies":"Slavers","floor":29,"turns":3},{"damage":74,"enemies":"Collector","floor":33,"turns":9},{"damage":26,"enemies":"3 Shapes","floor":35,"turns":3},{"damage":0,"enemies":"Orb Walker","floor":36,"turns":1},{"damage":26,"enemies":"Maw","floor":39,"turns":6},{"damage":11,"enemies":"Nemesis","floor":40,"turns":4},{"damage":27,"enemies":"Transient","floor":42,"turns":5},{"damage":11,"enemies":"Spire Growth","floor":44,"turns":2},{"damage":45,"enemies":"Maw","floor":48,"turns":6},{"damage":68,"enemies":"Donu and Deca","floor":50,"turns":5}],"seed_played":"41333339072703630","potions_obtained":[{"floor":4,"key":"EssenceOfSteel"},{"floor":5,"key":"SpeedPotion"},{"floor":8,"key":"SkillPotion"},{"floor":10,"key":"Block Potion"},{"floor":13,"key":"Explosive Potion"},{"floor":16,"key":"SpeedPotion"}],"is_trial":false,"path_per_floor":["M","?","M","M","M","R","E","M","T","M","M","R","M","$","R","B",null,"M","$","M","M","M","R","M","R","T","M","R","E","R","$","R","B",null,"M","M","$","?","M","E","R","M","T","M","$","R","?","M","R","B"],"character_chosen":"THE_SILENT","items_purchased":["Backstab","Lee\u0027s Waffle","Omamori","PreservedInsect","Vajra"],"campfire_rested":5,"item_purchase_floors":[14,14,19,31,45],"current_hp_per_floor":[75,75,75,75,74,74,46,38,38,38,38,61,61,84,84,39,84,82,82,82,82,81,81,81,81,81,81,81,70,70,70,84,10,84,58,58,58,58,32,21,61,34,34,23,23,63,63,18,58,0],"gold":46,"neow_bonus":"TEN_PERCENT_HP_BONUS","is_prod":false,"is_daily":false,"chose_seed":false,"campfire_upgraded":6,"win_rate":0.0,"timestamp":1550023666,"path_taken":["M","?","M","M","?","R","E","M","T","M","M","R","M","$","R","BOSS","M","$","M","M","M","R","M","R","T","M","R","E","R","$","R","BOSS","M","M","$","?","M","E","R","?","T","M","$","R","?","M","R","BOSS"],"build_version":"2019-01-23","purchased_purges":0,"victory":false,"max_hp_per_floor":[77,77,77,77,77,77,77,77,77,77,77,77,77,84,84,84,84,84,84,84,84,84,84,84,84,84,84,84,84,84,84,84,84,84,84,84,84,84,84,84,84,84,84,84,84,84,84,84,84,84],"card_choices":[{"not_picked":["PiercingWail","Deadly Poison"],"picked":"Masterful Stab","floor":1},{"not_picked":["Flying Knee","PiercingWail"],"picked":"Bouncing Flask","floor":3},{"not_picked":["A Thousand Cuts","Sucker Punch"],"picked":"Quick Slash","floor":4},{"not_picked":["Underhanded Strike","Escape Plan"],"picked":"Sucker Punch","floor":5},{"not_picked":["Prepared","Endless Agony"],"picked":"Terror","floor":7},{"not_picked":["Sucker Punch","Riddle With Holes","Underhanded Strike"],"picked":"SKIP","floor":8},{"not_picked":["Dodge and Roll","Die Die Die"],"picked":"Backflip","floor":10},{"not_picked":["Deadly Poison","Prepared"],"picked":"Backstab","floor":11},{"not_picked":["Leg Sweep","All Out Attack"],"picked":"Bouncing Flask","floor":13},{"not_picked":["Night Terror","Doppelganger"],"picked":"Burst","floor":16},{"not_picked":["Flying Knee+1","Outmaneuver"],"picked":"Masterful Stab+1","floor":18},{"not_picked":["Bane","Reflex"],"picked":"Escape Plan","floor":20},{"not_picked":["Well Laid Plans+1","Prepared"],"picked":"Backstab","floor":21},{"not_picked":["Underhanded Strike+1","Poisoned Stab"],"picked":"Quick Slash","floor":22},{"not_picked":["Dagger Throw","Calculated Gamble"],"picked":"Deflect+1","floor":24},{"not_picked":["Deadly Poison","Acrobatics"],"picked":"Quick Slash","floor":27},{"not_picked":["Concentrate","Outmaneuver"],"picked":"Bane","floor":29},{"not_picked":["Envenom","Malaise"],"picked":"Unload","floor":33},{"not_picked":["Infinite Blades","Flechettes+1"],"picked":"Slice+1","floor":35},{"not_picked":["Infinite Blades","Flying Knee"],"picked":"Slice+1","floor":36},{"not_picked":["Deadly Poison","Bane+1"],"picked":"All Out Attack","floor":39},{"not_picked":["Poisoned Stab","Well Laid Plans"],"picked":"Slice","floor":40},{"not_picked":["Dagger Spray+1","Underhanded Strike"],"picked":"Deadly Poison+1","floor":42},{"not_picked":["Bane","Glass Knife"],"picked":"Dagger Throw+1","floor":44},{"not_picked":["PiercingWail","Poisoned Stab","Bane"],"picked":"SKIP","floor":48}],"player_experience":92867,"relics_obtained":[{"floor":7,"key":"Mummified Hand"},{"floor":9,"key":"Ninja Scroll"},{"floor":26,"key":"Regal Pillow"},{"floor":29,"key":"StoneCalendar"},{"floor":40,"key":"Whetstone"},{"floor":43,"key":"Juzu Bracelet"}],"event_choices":[{"damage_healed":0,"gold_gain":0,"player_choice":"Upgraded","damage_taken":0,"max_hp_gain":0,"max_hp_loss":0,"event_name":"Upgrade Shrine","floor":2,"gold_loss":0,"cards_upgraded":["Masterful Stab"]},{"damage_healed":0,"gold_gain":0,"player_choice":"Bought 3 Potions","damage_taken":0,"max_hp_gain":0,"max_hp_loss":0,"event_name":"The Woman in Blue","floor":38,"gold_loss":0},{"cards_removed":["Slice"],"damage_healed":0,"gold_gain":0,"player_choice":"Removed Attack","damage_taken":0,"max_hp_gain":0,"max_hp_loss":0,"event_name":"Falling","floor":47,"gold_loss":0}],"is_beta":false,"boss_relics":[{"not_picked":["Ring of the Serpent","Black Star"],"picked":"Sozu"},{"not_picked":["Calling Bell","Tiny House"],"picked":"Fusion Hammer"}],"items_purged_floors":[],"is_endless":false,"potions_floor_spawned":[4,5,8,10,13,16,18,20,29,33,36,39,42,44],"killed_by":"Donu and Deca","ascension_level":0}