{"gold_per_floor":[119,119,131,146,146,180,191,191,270,289,305,305,322,12,12,108,108,79,98,110,129,140,140,156,186,260,359,359,374,394,394],"floor_reached":31,"playtime":1911,"items_purged":[],"score":303,"play_id":"b19b0143-632c-4f35-9931-a408802b36fb","local_time":"20190214141905","is_ascension_mode":true,"campfire_choices":[{"floor":8,"key":"REST"},{"floor":15,"key":"REST"},{"floor":23,"key":"REST"},{"floor":28,"key":"REST"}],"neow_cost":"NONE","seed_source_timestamp":10339384111756,"circlet_count":0,"master_deck":["Strike_B","Strike_B","Strike_B+1","Strike_B","Defend_B+1","Defend_B","Defend_B","Defend_B","Zap","Dualcast","Redo","Streamline","White Noise","Tempest","Reinforced Body","Melter","Barrage","Redo","Capacitor","Cold Snap","Conserve Battery","Chill","Streamline","Self Repair","Finesse","Tempest","Coolheaded","Redo","Self Repair","Leap","Stack","Static Discharge+1","Undo","Stack","Sunder","Ball Lightning","Stack+1","Compile Driver","Thunder Strike","Double Energy+1","Hologram+1"],"relics":["Cracked Core","Lantern","Prayer Wheel","Boot","Letter Opener","Ornamental Fan","DataDisk","Orrery","Juzu Bracelet","Cables"],"potions_floor_usage":[16,16,16,21,24,25,31],"damage_taken":[{"damage":1,"enemies":"Cultist","floor":1,"turns":4},{"damage":0,"enemies":"Small Slimes","floor":3,"turns":2},{"damage":6,"enemies":"Jaw Worm","floor":4,"turns":4},{"damage":22,"enemies":"3 Sentries","floor":6,"turns":8},{"damage":7,"enemies":"Blue Slaver","floor":7,"turns":3},{"damage":7,"enemies":"Lots of Slimes","floor":10,"turns":3},{"damage":0,"enemies":"Exordium Wildlife","floor":11,"turns":2},{"damage":0,"enemies":"Looter","floor":13,"turns":3},{"damage":6,"enemies":"Hexaghost","floor":16,"turns":6},{"damage":12,"enemies":"2 Thieves","floor":18,"turns":5},{"damage":21,"enemies":"3 Byrds","floor":19,"turns":5},{"damage":22,"enemies":"Snecko","floor":20,"turns":6},{"damage":12,"enemies":"Centurion and Healer","floor":21,"turns":9},{"damage":25,"enemies":"Sentry and Sphere","floor":22,"turns":7},{"damage":3,"enemies":"Shelled Parasite and Fungi","floor":24,"turns":8},{"damage":64,"enemies":"Gremlin Leader","floor":25,"turns":9},{"damage":23,"enemies":"3 Cultists","floor":29,"turns":5},{"damage":0,"enemies":"Centurion and Healer","floor":30,"turns":5},{"damage":44,"enemies":"Slavers","floor":31,"turns":3}],"seed_played":"8542881601620836945","potions_obtained":[{"floor":1,"key":"Poison Potion"},{"floor":4,"key":"EssenceOfSteel"},{"floor":6,"key":"Block Potion"},{"floor":11,"key":"PowerPotion"},{"floor":20,"key":"AttackPotion"},{"floor":21,"key":"Ancient Potion"},{"floor":22,"key":"SkillPotion"},{"floor":29,"key":"FearPotion"},{"floor":30,"key":"SpeedPotion"}],"is_trial":false,"path_per_floor":["M","?","M","M","?","E","M","R","T","M","M","T","M","$","R","B",null,"M","M","M","M","M","R","M","E","T","?","R","M","M","E"],"character_chosen":"DEFECT","items_purchased":["DataDisk","Self Repair","Finesse"],"campfire_rested":4,"item_purchase_floors":[14,14,14],"current_hp_per_floor":[74,71,71,65,50,28,21,43,43,36,36,36,36,36,58,52,75,75,61,53,55,44,66,70,20,20,20,42,33,40,0],"gold":394,"neow_bonus":"RANDOM_COMMON_RELIC","is_prod":false,"is_daily":false,"chose_seed":false,"campfire_upgraded":0,"win_rate":0,"timestamp":1550175545,"path_taken":["M","?","M","M","?","E","M","R","T","M","M","?","M","?","R","BOSS","M","M","M","?","M","R","M","E","T","?","R","M","M","E"],"build_version":"2019-01-23","purchased_purges":0,"victory":false,"max_hp_per_floor":[75,75,75,75,75,75,75,75,75,75,75,75,75,75,75,75,75,75,75,75,75,75,75,75,75,75,75,75,75,75,75],"card_choices":[{"not_picked":["Steam","Defragment"],"picked":"Redo","floor":1},{"not_picked":["Compile Driver","Hologram"],"picked":"Streamline","floor":3},{"not_picked":["Barrage","Fusion"],"picked":"White Noise","floor":3},{"not_picked":["Steam","Chill"],"picked":"Tempest","floor":4},{"not_picked":["Redo","Self Repair"],"picked":"Reinforced Body","floor":4},{"not_picked":["Reboot","Force Field"],"picked":"Melter","floor":6},{"not_picked":["Rebound","Go for the Eyes"],"picked":"Barrage","floor":7},{"not_picked":["Sweeping Beam","Ball Lightning"],"picked":"Redo","floor":7},{"not_picked":["Hello World","Go for the Eyes"],"picked":"Capacitor","floor":10},{"not_picked":["Rebound","Gash","Melter"],"picked":"SKIP","floor":10},{"not_picked":["Redo","Gash"],"picked":"Cold Snap","floor":11},{"not_picked":["Steam","Compile Driver"],"picked":"Conserve Battery","floor":11},{"not_picked":["Steam","Go for the Eyes"],"picked":"Chill","floor":13},{"not_picked":["Force Field","FTL"],"picked":"Streamline","floor":13},{"not_picked":["Compile Driver","Reinforced Body"],"picked":"Tempest","floor":17},{"not_picked":["Melter","Rebound"],"picked":"Coolheaded","floor":17},{"not_picked":["Go for the Eyes","Heatsinks"],"picked":"Redo","floor":17},{"not_picked":["Go for the Eyes","Rebound"],"picked":"Self Repair","floor":17},{"not_picked":["Coolheaded","Skim"],"picked":"Leap","floor":17},{"not_picked":["Sweeping Beam","Consume"],"picked":"Stack","floor":18},{"not_picked":["Aggregate","Beam Cell","Reboot"],"picked":"SKIP","floor":18},{"not_picked":["Scrape","Turbo+1"],"picked":"Static Discharge+1","floor":19},{"not_picked":["BootSequence","Sweeping Beam"],"picked":"Undo","floor":19},{"not_picked":["Coolheaded","Conserve Battery"],"picked":"Stack","floor":20},{"not_picked":["Rip and Tear","Storm+1","Coolheaded"],"picked":"SKIP","floor":20},{"not_picked":["Ball Lightning","Go for the Eyes"],"picked":"Sunder","floor":21},{"not_picked":["Reboot","Steam"],"picked":"Ball Lightning","floor":21},{"not_picked":["Go for the Eyes+1","Conserve Battery"],"picked":"Stack+1","floor":22},{"not_picked":["Stack","Coolheaded","Go for the Eyes"],"picked":"SKIP","floor":22},{"not_picked":["Steam","Coolheaded"],"picked":"Compile Driver","floor":24},{"not_picked":["Conserve Battery","Recycle+1","Rip and Tear"],"picked":"SKIP","floor":24},{"not_picked":["Gash+1","Compile Driver"],"picked":"Thunder Strike","floor":25},{"not_picked":["Coolheaded","Streamline+1"],"picked":"Double Energy+1","floor":29},{"not_picked":["Cold Snap","Leap+1","Hologram+1"],"picked":"SKIP","floor":29},{"not_picked":["Cold Snap","Leap+1"],"picked":"Hologram+1","floor":29},{"not_picked":["Storm","Conserve Battery","White Noise"],"picked":"SKIP","floor":30},{"not_picked":["Sweeping Beam","FTL","Go for the Eyes+1"],"picked":"SKIP","floor":30}],"player_experience":113361,"relics_obtained":[{"floor":6,"key":"Boot"},{"floor":9,"key":"Letter Opener"},{"floor":12,"key":"Ornamental Fan"},{"floor":25,"key":"Juzu Bracelet"},{"floor":26,"key":"Cables"}],"event_choices":[{"damage_healed":0,"gold_gain":0,"player_choice":"Success","damage_taken":3,"relics_obtained":["Prayer Wheel"],"max_hp_gain":0,"max_hp_loss":0,"event_name":"Scrap Ooze","floor":2,"gold_loss":0},{"damage_healed":0,"gold_gain":0,"player_choice":"Entered Light","damage_taken":15,"max_hp_gain":0,"max_hp_loss":0,"event_name":"Shining Light","floor":5,"gold_loss":0,"cards_upgraded":["Strike_B","Defend_B"]},{"damage_healed":0,"gold_gain":99,"player_choice":"Stole From Cult","damage_taken":0,"max_hp_gain":0,"max_hp_loss":0,"event_name":"Nest","floor":27,"gold_loss":0}],"is_beta":false,"boss_relics":[{"not_picked":["Snecko Eye","Cursed Key"],"picked":"Orrery"}],"items_purged_floors":[],"is_endless":false,"potions_floor_spawned":[1,4,6,11,20,21,22,29,30],"killed_by":"Slavers","ascension_level":1}