{"gold_per_floor":[110,121,131,106,120,145,161,178,255,255,255,291,291,316,316,405,405,426,469,118,118,118],"floor_reached":22,"playtime":755,"items_purged":["Strike_G"],"score":365,"play_id":"8e9d7925-1934-4380-9604-2e4bab7f7698","local_time":"20190208173920","is_ascension_mode":true,"campfire_choices":[{"data":"Bouncing Flask","floor":11.0,"key":"SMITH"},{"data":"Neutralize","floor":13.0,"key":"SMITH"},{"data":"Deadly Poison","floor":15.0,"key":"SMITH"}],"neow_cost":"NONE","seed_source_timestamp":206182076405100,"circlet_count":0,"master_deck":["AscendersBane","Defend_G","Defend_G","Defend_G","Defend_G","Defend_G","Strike_G","Strike_G","Strike_G","Strike_G","Survivor","Neutralize+1","Dagger Spray","Poisoned Stab","Bane","All Out Attack","Bouncing Flask+1","Escape Plan","Predator","Deadly Poison+1","Escape Plan","Malaise","Flechettes","Terror","Noxious Fumes"],"special_seed":0,"relics":["Ring of the Snake","PreservedInsect","Snake Skull","Dodecahedron","Bloody Idol","Bronze Scales","White Beast Statue","Red Mask","TwistedFunnel"],"potions_floor_usage":[19,19],"damage_taken":[{"damage":2.0,"enemies":"Cultist","floor":1.0,"turns":5.0},{"damage":0.0,"enemies":"Small Slimes","floor":2.0,"turns":3.0},{"damage":3.0,"enemies":"2 Louse","floor":3.0,"turns":2.0},{"damage":4.0,"enemies":"Blue Slaver","floor":5.0,"turns":4.0},{"damage":10.0,"enemies":"Lagavulin","floor":6.0,"turns":5.0},{"damage":0.0,"enemies":"Large Slime","floor":7.0,"turns":4.0},{"damage":0.0,"enemies":"Looter","floor":8.0,"turns":3.0},{"damage":0.0,"enemies":"Gremlin Nob","floor":12.0,"turns":3.0},{"damage":3.0,"enemies":"Blue Slaver","floor":14.0,"turns":3.0},{"damage":22.0,"enemies":"The Guardian","floor":16.0,"turns":8.0},{"damage":1,"enemies":"Chosen","floor":18,"turns":4},{"damage":44,"enemies":"Masked Bandits","floor":19,"turns":4},{"damage":11,"enemies":"Shell Parasite","floor":22,"turns":3}],"seed_played":"959969067264528297","potions_obtained":[{"floor":2.0,"key":"Strength Potion"},{"floor":3.0,"key":"EntropicBrew"},{"floor":16.0,"key":"Block Potion"},{"floor":18,"key":"PowerPotion"},{"floor":19,"key":"Strength Potion"}],"is_trial":false,"path_per_floor":["M","M","M","?","M","E","M","M","T","?","R","E","R","M","R","B",null,"M","?","$","?","M"],"character_chosen":"THE_SILENT","items_purchased":["Noxious Fumes","TwistedFunnel"],"campfire_rested":0,"item_purchase_floors":[20,20],"current_hp_per_floor":[61,61,58,58,54,44,44,44,44,44,44,44,44,41,41,19,54,53,9,9,9,0],"gold":118,"neow_bonus":"RANDOM_COMMON_RELIC","is_prod":false,"is_daily":false,"chose_seed":false,"campfire_upgraded":3,"win_rate":0,"timestamp":1549643960,"path_taken":["M","M","M","?","M","E","M","M","T","?","R","E","R","M","R","BOSS","M","?","$","?","M"],"build_version":"2019-01-23","purchased_purges":1,"victory":false,"max_hp_per_floor":[70,70,70,70,70,70,70,70,70,65,65,65,65,65,65,65,65,65,65,65,65,65],"card_choices":[{"not_picked":["Outmaneuver","Caltrops"],"picked":"Dagger Spray","floor":1.0},{"not_picked":["Dodge and Roll","Dagger Spray"],"picked":"Poisoned Stab","floor":2.0},{"not_picked":["Infinite Blades","Malaise"],"picked":"Bane","floor":3.0},{"not_picked":["Acrobatics","Cloak And Dagger"],"picked":"All Out Attack","floor":5.0},{"not_picked":["Finisher","Venomology"],"picked":"Bouncing Flask","floor":6.0},{"not_picked":["Quick Slash","Caltrops"],"picked":"Escape Plan","floor":7.0},{"not_picked":["Outmaneuver","Blade Dance"],"picked":"Predator","floor":8.0},{"not_picked":["Deflect","Flechettes"],"picked":"Deadly Poison","floor":12.0},{"not_picked":["Caltrops","Cloak And Dagger"],"picked":"Escape Plan","floor":14.0},{"not_picked":["A Thousand Cuts","Doppelganger"],"picked":"Malaise","floor":16.0},{"not_picked":["Flechettes","Dagger Throw","Poisoned Stab"],"picked":"SKIP","floor":18},{"not_picked":["Dagger Throw","Poisoned Stab"],"picked":"Flechettes","floor":18},{"not_picked":["Outmaneuver","All Out Attack"],"picked":"Terror","floor":19}],"player_experience":478006,"relics_obtained":[{"floor":6.0,"key":"Snake Skull"},{"floor":9.0,"key":"Dodecahedron"},{"floor":12.0,"key":"Bronze Scales"},{"floor":19,"key":"Red Mask"}],"event_choices":[{"damage_healed":0.0,"max_hp_gain":0.0,"max_hp_loss":0.0,"gold_gain":0.0,"event_name":"World of Goop","player_choice":"Left Gold","floor":4.0,"gold_loss":25.0,"damage_taken":0.0},{"damage_healed":0.0,"max_hp_gain":0.0,"max_hp_loss":5.0,"gold_gain":0.0,"event_name":"Golden Idol","player_choice":"Lose Max HP","floor":10.0,"gold_loss":0.0,"damage_taken":0.0,"relics_obtained":["Golden Idol"]},{"damage_healed":0,"gold_gain":0,"player_choice":"Fought Bandits","damage_taken":0,"max_hp_gain":0,"max_hp_loss":0,"event_name":"Masked Bandits","floor":19,"gold_loss":0},{"damage_healed":0,"gold_gain":0,"player_choice":"Gave Idol","damage_taken":0,"relics_obtained":["Bloody Idol"],"max_hp_gain":0,"max_hp_loss":0,"event_name":"Forgotten Altar","floor":21,"relics_lost":["Golden Idol"],"gold_loss":0}],"is_beta":false,"boss_relics":[{"not_picked":["Runic Pyramid","Ectoplasm"],"picked":"White Beast Statue"}],"items_purged_floors":[20],"is_endless":false,"potions_floor_spawned":[2,3,5,16,18,19],"killed_by":"Shell Parasite","ascension_level":13}