{"path_per_floor":["M","M","M","?","M","R","$","R","T","?","M","R","M","?","R","B",null,"M","?","?","M","M","R","?","R","T","R","M","T"],"character_chosen":"DEFECT","items_purchased":["Capacitor","FTL"],"gold_per_floor":[109,128,146,221,238,238,132,132,157,157,169,169,187,362,362,459,459,469,469,469,450,467,467,417,417,440,440,456,456,456],"floor_reached":30,"campfire_rested":3,"playtime":1201,"current_hp_per_floor":[81,79,76,65,56,56,56,56,56,40,30,54,42,42,66,43,82,70,70,70,53,46,46,46,70,70,70,58,58,0],"items_purged":[],"gold":456,"score":220,"play_id":"bab73ac4-2e9e-4e60-b44c-0637b939c701","local_time":"20180430222152","is_prod":false,"is_daily":false,"chose_seed":false,"is_ascension_mode":false,"campfire_upgraded":4,"timestamp":1525141312,"path_taken":["M","M","M","?","M","R","$","R","T","?","M","R","M","?","R","BOSS","M","?","?","M","M","R","?","R","T","R","M","?","E"],"build_version":"2018-04-27v3","seed_source_timestamp":16463302485884,"purchased_purges":0,"victory":false,"master_deck":["Strike_B+1","Strike_B","Strike_B+1","Strike_B+1","Defend_B","Defend_B","Defend_B","Defend_B","Zap+1","Dualcast","Heatsinks+1","Defragment+1","Coolheaded+1","Genetic Algorithm","Capacitor+1","FTL","Auto Shields+1","Double Energy+1","Echo Form"],"max_hp_per_floor":[82,82,82,82,82,82,82,82,82,82,82,82,82,82,82,82,82,82,82,82,82,82,82,82,82,82,82,82,82,82],"relics":["Cracked Core","Strawberry","Whetstone","Sozu","War Paint","Toxic Egg 2"],"card_choices":[{"not_picked":["Barrage","Melter"],"picked":"Heatsinks","floor":1},{"not_picked":["Streamline","Ball Lightning"],"picked":"Defragment","floor":2},{"not_picked":["Streamline","Ball Lightning"],"picked":"Coolheaded","floor":3},{"not_picked":["Aggregate","Turbo"],"picked":"Genetic Algorithm","floor":5},{"not_picked":["Turbo","Fission"],"picked":"Auto Shields","floor":11},{"not_picked":["Rebound","Turbo"],"picked":"Double Energy","floor":13},{"not_picked":["Meteor Strike","Reboot"],"picked":"Echo Form","floor":16}],"player_experience":227912,"potions_floor_usage":[28,30,30],"damage_taken":[{"damage":1,"enemies":"Cultist","floor":1,"turns":4},{"damage":2,"enemies":"Small Slimes","floor":2,"turns":3},{"damage":3,"enemies":"2 Louse","floor":3,"turns":3},{"damage":9,"enemies":"Looter","floor":5,"turns":4},{"damage":10,"enemies":"Large Slime","floor":11,"turns":7},{"damage":12,"enemies":"Blue Slaver","floor":13,"turns":4},{"damage":23,"enemies":"The Guardian","floor":16,"turns":14},{"damage":12,"enemies":"Chosen","floor":18,"turns":5},{"damage":17,"enemies":"2 Thieves","floor":21,"turns":4},{"damage":7,"enemies":"Snecko","floor":22,"turns":5},{"damage":12,"enemies":"Slaver and Parasite","floor":28,"turns":7},{"damage":76,"enemies":"Gremlin Leader","floor":30,"turns":8}],"event_choices":[{"event_name":"World of Goop","player_choice":"Gather Gold","floor":4,"damage_taken":0},{"event_name":"Shining Light","player_choice":"Entered Light","floor":10,"damage_taken":0},{"event_name":"Liars Game","player_choice":"agreed","floor":14,"damage_taken":0},{"event_name":"Ghosts","player_choice":"Ignored","floor":19,"damage_taken":0},{"event_name":"Fountain of Cleansing","player_choice":"Removed Curse","floor":20,"damage_taken":0},{"event_name":"The Joust","player_choice":"Bet on Murderer","floor":24,"damage_taken":0}],"boss_relics":[{"not_picked":["Inserter","Cursed Key"],"picked":"Sozu"}],"potions_floor_spawned":[1,5,13,16,18],"seed_played":"-3572420223863683048","killed_by":"Gremlin Leader","ascension_level":0,"is_trial":false}