{"gold_per_floor":[114,126,145,145,155,155,190,190,262,262,290,310,310,6,6,106,106,95,195,218,218,218,246,246,246,298,298,313,313,327,46,46,145,145,163,163,1162,33,47,47,78,78,78,78,105,105,156,31,31,31],"floor_reached":50,"playtime":4123,"items_purged":["Strike_R","Defend_R","Normality"],"score":620,"play_id":"288a0df1-cade-44e4-854e-a2296b37e94f","local_time":"20190226143444","is_ascension_mode":false,"campfire_choices":[{"data":"Rampage","floor":6,"key":"SMITH"},{"data":"Bash","floor":8,"key":"SMITH"},{"data":"Headbutt","floor":10,"key":"SMITH"},{"floor":15,"key":"REST"},{"floor":25,"key":"REST"},{"floor":27,"key":"REST"},{"floor":29,"key":"REST"},{"floor":32,"key":"REST"},{"floor":40,"key":"REST"},{"floor":44,"key":"REST"},{"data":"Forethought","floor":46,"key":"SMITH"},{"floor":49,"key":"REST"}],"neow_cost":"NONE","seed_source_timestamp":11869310751116,"circlet_count":0,"master_deck":["Defend_R","Defend_R","Bash+1","Shrug It Off","Rampage+1","Ghostly Armor","Headbutt+1","Shrug It Off","Dropkick","Cleave","Fiend Fire","Sword Boomerang+1","Feel No Pain+1","Clash+1","Sentinel+1","Shrug It Off+1","Necronomicurse","True Grit","Armaments","Warcry+1","Entrench+1","Immolate","Armaments+1","Demon Form","Shrug It Off+1","Normality","Immolate","Perfected Strike","Forethought+1","Feel No Pain+1","Carnage+1","Offering","True Grit+1"],"relics":["Burning Blood","Champion Belt","Singing Bowl","Art of War","Prayer Wheel","Astrolabe","Ginger","Bottled Lightning","Ancient Tea Set","Necronomicon","Dream Catcher","PreservedInsect","Medical Kit","Snecko Eye","Strange Spoon","Ornamental Fan","Centennial Puzzle","Pen Nib","Anchor","Gremlin Horn","Dead Branch"],"potions_floor_usage":[12,19,19,19,33,41,41,45,50,50],"damage_taken":[{"damage":17,"enemies":"Small Slimes","floor":1,"turns":4},{"damage":0,"enemies":"Jaw Worm","floor":2,"turns":5},{"damage":1,"enemies":"2 Louse","floor":3,"turns":4},{"damage":0,"enemies":"Looter","floor":5,"turns":4},{"damage":20,"enemies":"3 Sentries","floor":7,"turns":10},{"damage":24,"enemies":"Lagavulin","floor":11,"turns":5},{"damage":0,"enemies":"3 Louse","floor":12,"turns":4},{"damage":47,"enemies":"Slime Boss","floor":16,"turns":9},{"damage":17,"enemies":"2 Thieves","floor":18,"turns":4},{"damage":25,"enemies":"Colosseum Slavers","floor":19,"turns":7},{"damage":12,"enemies":"Colosseum Nobs","floor":19,"turns":4},{"damage":41,"enemies":"Gremlin Leader","floor":23,"turns":9},{"damage":42,"enemies":"Spheric Guardian","floor":28,"turns":6},{"damage":18,"enemies":"Snake Plant","floor":30,"turns":5},{"damage":85,"enemies":"Automaton","floor":33,"turns":15},{"damage":21,"enemies":"Orb Walker","floor":35,"turns":4},{"damage":24,"enemies":"3 Shapes","floor":39,"turns":6},{"damage":29,"enemies":"Giant Head","floor":41,"turns":7},{"damage":31,"enemies":"Nemesis","floor":45,"turns":7},{"damage":11,"enemies":"2 Orb Walkers","floor":47,"turns":2},{"damage":130,"enemies":"Time Eater","floor":50,"turns":13}],"seed_played":"-963167333247427504","potions_obtained":[{"floor":2,"key":"Regen Potion"},{"floor":5,"key":"FearPotion"},{"floor":11,"key":"Poison Potion"},{"floor":16,"key":"Swift Potion"},{"floor":30,"key":"Block Potion"},{"floor":33,"key":"SkillPotion"},{"floor":35,"key":"EssenceOfSteel"},{"floor":41,"key":"FearPotion"},{"floor":45,"key":"Weak Potion"}],"is_trial":false,"path_per_floor":["M","M","M","?","M","R","E","R","T","R","E","M","?","$","R","B",null,"M","?","T","?","$","E","?","R","T","R","M","R","M","$","R","B",null,"M","?","?","$","M","R","E","$","T","R","E","R","?","$","R","B"],"character_chosen":"IRONCLAD","items_purchased":["Prayer Wheel","Medical Kit","Strange Spoon","Ornamental Fan","Centennial Puzzle","Regen Potion","Block Potion","Immolate","Perfected Strike","Forethought"],"campfire_rested":8,"item_purchase_floors":[14,31,38,38,38,38,38,38,38,38],"current_hp_per_floor":[77,83,88,81,87,87,73,73,73,73,55,61,66,66,93,52,93,84,71,71,55,55,20,20,50,50,81,47,77,65,65,95,16,101,88,88,88,88,72,105,84,84,84,109,84,84,79,79,111,0],"gold":31,"neow_bonus":"TEN_PERCENT_HP_BONUS","is_prod":false,"is_daily":false,"chose_seed":false,"campfire_upgraded":4,"win_rate":0,"timestamp":1551213284,"path_taken":["M","M","M","?","M","R","E","R","T","R","E","M","?","$","R","BOSS","M","?","?","?","$","E","?","R","T","R","?","R","M","$","R","BOSS","M","?","?","$","M","R","E","?","T","R","E","R","?","?","R","BOSS"],"build_version":"2019-01-23","purchased_purges":3,"victory":false,"max_hp_per_floor":[88,88,88,88,88,88,88,88,88,88,88,88,93,93,93,93,93,95,95,95,95,95,95,95,97,97,99,101,101,101,101,101,101,101,103,103,103,103,105,107,109,109,109,109,109,109,109,109,111,111],"card_choices":[{"not_picked":["Clothesline","Anger"],"picked":"Shrug It Off","floor":1},{"not_picked":["Anger","Blood for Blood"],"picked":"Rampage","floor":2},{"not_picked":["Havoc","True Grit"],"picked":"Ghostly Armor","floor":3},{"not_picked":["Thunderclap","Sword Boomerang"],"picked":"Headbutt","floor":5},{"not_picked":["Pommel Strike","Havoc"],"picked":"Shrug It Off","floor":7},{"not_picked":["Headbutt","Offering"],"picked":"Dropkick","floor":11},{"not_picked":["Metallicize","Havoc"],"picked":"Cleave","floor":12},{"not_picked":["Demon Form","Limit Break"],"picked":"Fiend Fire","floor":16},{"not_picked":["Reckless Charge","Twin Strike","Blood for Blood"],"picked":"Singing Bowl","floor":18},{"not_picked":["Combust+1","Carnage"],"picked":"Sentinel+1","floor":18},{"not_picked":["Thunderclap","Second Wind"],"picked":"Shrug It Off+1","floor":19},{"not_picked":["Flex+1","Exhume"],"picked":"True Grit","floor":23},{"not_picked":["Twin Strike","Searing Blow","Sword Boomerang"],"picked":"Singing Bowl","floor":25},{"not_picked":["Armaments","Body Slam","Intimidate"],"picked":"Singing Bowl","floor":27},{"not_picked":["Sever Soul","Twin Strike","Warcry"],"picked":"Singing Bowl","floor":28},{"not_picked":["Armaments","Ghostly Armor","Anger"],"picked":"SKIP","floor":28},{"not_picked":["Ghostly Armor","Anger"],"picked":"Armaments","floor":28},{"not_picked":["Heavy Blade","Clash"],"picked":"Warcry+1","floor":29},{"not_picked":["Flex","Thunderclap"],"picked":"Entrench+1","floor":30},{"not_picked":["Body Slam","Rampage"],"picked":"Immolate","floor":30},{"not_picked":["Perfected Strike","Inflame+1"],"picked":"Armaments+1","floor":32},{"not_picked":["Berserk","Fiend Fire"],"picked":"Demon Form","floor":33},{"not_picked":["Perfected Strike+1","Ghostly Armor","Hemokinesis+1"],"picked":"Singing Bowl","floor":35},{"not_picked":["Warcry","Anger"],"picked":"Shrug It Off+1","floor":35},{"not_picked":["Ghostly Armor","Cleave"],"picked":"Feel No Pain+1","floor":39},{"not_picked":["Body Slam+1","Infernal Blade+1","Iron Wave+1"],"picked":"Singing Bowl","floor":39},{"not_picked":["Iron Wave+1","Headbutt","Warcry"],"picked":"Singing Bowl","floor":40},{"not_picked":["Pommel Strike","Sever Soul+1","Iron Wave"],"picked":"Singing Bowl","floor":41},{"not_picked":["Intimidate+1","Burning Pact"],"picked":"Carnage+1","floor":44},{"not_picked":["Armaments+1","Clothesline+1"],"picked":"Offering","floor":45},{"not_picked":["Cleave+1","Heavy Blade"],"picked":"True Grit+1","floor":47},{"not_picked":["Flex","Iron Wave","Cleave"],"picked":"Singing Bowl","floor":49}],"player_experience":429635,"relics_obtained":[{"floor":7,"key":"Champion Belt"},{"floor":9,"key":"Singing Bowl"},{"floor":11,"key":"Art of War"},{"floor":19,"key":"Ginger"},{"floor":19,"key":"Bottled Lightning"},{"floor":20,"key":"Ancient Tea Set"},{"floor":21,"key":"Necronomicon"},{"floor":23,"key":"Dream Catcher"},{"floor":26,"key":"PreservedInsect"},{"floor":41,"key":"Pen Nib"},{"floor":43,"key":"Anchor"},{"floor":45,"key":"Gremlin Horn"},{"floor":47,"key":"Dead Branch"}],"event_choices":[{"cards_removed":["Strike_R"],"damage_healed":0,"gold_gain":0,"player_choice":"Card Removal","damage_taken":7,"max_hp_gain":0,"max_hp_loss":0,"event_name":"Golden Wing","floor":4,"gold_loss":0},{"damage_healed":0,"gold_gain":0,"player_choice":"Donut","damage_taken":0,"max_hp_gain":5,"max_hp_loss":0,"event_name":"Big Fish","floor":13,"gold_loss":0},{"damage_healed":0,"gold_gain":0,"player_choice":"Fight","damage_taken":0,"max_hp_gain":0,"max_hp_loss":0,"event_name":"Colosseum","floor":19,"gold_loss":0},{"damage_healed":0,"gold_gain":0,"player_choice":"Fought Nobs","damage_taken":0,"max_hp_gain":0,"max_hp_loss":0,"event_name":"Colosseum","floor":19,"gold_loss":0},{"damage_healed":0,"gold_gain":0,"player_choice":"Obtained Book","damage_taken":16,"max_hp_gain":0,"max_hp_loss":0,"event_name":"Cursed Tome","floor":21,"gold_loss":0},{"damage_healed":0,"gold_gain":0,"player_choice":"Ignored","damage_taken":0,"max_hp_gain":0,"max_hp_loss":0,"event_name":"Vampires","floor":24,"gold_loss":0},{"cards_removed":["Defend_R"],"damage_healed":0,"gold_gain":0,"player_choice":"Removed Skill","damage_taken":0,"max_hp_gain":0,"max_hp_loss":0,"event_name":"Falling","floor":36,"gold_loss":0},{"damage_healed":0,"gold_gain":999,"player_choice":"Gold","damage_taken":0,"max_hp_gain":0,"max_hp_loss":0,"event_name":"MindBloom","floor":37,"gold_loss":0,"cards_obtained":["Normality","Normality"]},{"damage_healed":0,"gold_gain":0,"player_choice":"Fight","damage_taken":0,"max_hp_gain":0,"max_hp_loss":0,"event_name":"Mysterious Sphere","floor":47,"gold_loss":0}],"is_beta":false,"boss_relics":[{"not_picked":["Runic Pyramid","Runic Cube"],"picked":"Astrolabe"},{"not_picked":["Lizard Tail","Busted Crown"],"picked":"Snecko Eye"}],"items_purged_floors":[31,38,48],"is_endless":false,"potions_floor_spawned":[2,5,11,16,19,30,33,35,41,45],"killed_by":"Time Eater","ascension_level":0}