{"gold_per_floor":[10,20,39,39,57,89,105,135,183,214,214,214,234,246,246,347,347,361,11,11,11,21,21,40,40,40,40,60,92,92,104,104,202,202,219,274,86,86,100,100,200,211,211,224,224,244,244,256,256,256],"floor_reached":51,"playtime":2267,"items_purged":["Strike_B","Regret"],"score":866,"play_id":"762772ca-e921-4446-95ae-3905045bfd39","local_time":"20190225170542","is_ascension_mode":true,"campfire_choices":[{"floor":11,"key":"REST"},{"floor":15,"key":"REST"},{"data":"Genetic Algorithm","floor":23,"key":"SMITH"},{"floor":25,"key":"REST"},{"floor":30,"key":"REST"},{"floor":32,"key":"REST"},{"data":"Self Repair","floor":40,"key":"SMITH"},{"floor":45,"key":"REST"},{"floor":47,"key":"REST"},{"floor":49,"key":"REST"}],"neow_cost":"NO_GOLD","seed_source_timestamp":23494575955548,"circlet_count":0,"master_deck":["Strike_B","Strike_B","Strike_B","Defend_B","Defend_B","Defend_B","Defend_B","Zap","Dualcast","Compile Driver","Scrape","Sunder+1","Ball Lightning","Ball Lightning","Genetic Algorithm+1","Chill","Gash","Melter","Electrodynamics","Steam","Undo","Stack","Redo","Reinforced Body+1","Gash","Double Energy","Buffer","Gash+1","Shame","Gash","Self Repair+1","Madness","Madness","Darkness+1","Self Repair","Doom and Gloom+1","Doubt","Rebound+1","Self Repair","Gash"],"relics":["Cracked Core","Calipers","DataDisk","StoneCalendar","Centennial Puzzle","Mummified Hand","Cursed Key","Sundial","Strawberry","Matryoshka","Mercury Hourglass","Black Star","Lantern","Tiny Chest","Ginger","Pen Nib","The Courier"],"potions_floor_usage":[6,10,24,29,31,42,46,48,50],"damage_taken":[{"damage":0,"enemies":"Small Slimes","floor":1,"turns":3},{"damage":1,"enemies":"Cultist","floor":2,"turns":3},{"damage":4,"enemies":"Jaw Worm","floor":3,"turns":3},{"damage":23,"enemies":"Red Slaver","floor":5,"turns":4},{"damage":8,"enemies":"Gremlin Nob","floor":6,"turns":3},{"damage":4,"enemies":"2 Fungi Beasts","floor":7,"turns":2},{"damage":10,"enemies":"3 Sentries","floor":8,"turns":5},{"damage":0,"enemies":"Gremlin Nob","floor":10,"turns":2},{"damage":1,"enemies":"3 Louse","floor":13,"turns":2},{"damage":10,"enemies":"Exordium Thugs","floor":14,"turns":3},{"damage":12,"enemies":"Slime Boss","floor":16,"turns":6},{"damage":7,"enemies":"Chosen","floor":18,"turns":3},{"damage":1,"enemies":"Spheric Guardian","floor":22,"turns":3},{"damage":18,"enemies":"Snecko","floor":24,"turns":4},{"damage":2,"enemies":"Chosen and Byrds","floor":28,"turns":4},{"damage":34,"enemies":"Book of Stabbing","floor":29,"turns":6},{"damage":28,"enemies":"Snake Plant","floor":31,"turns":4},{"damage":63,"enemies":"Automaton","floor":33,"turns":8},{"damage":1,"enemies":"Orb Walker","floor":35,"turns":3},{"damage":13,"enemies":"3 Shapes","floor":39,"turns":3},{"damage":15,"enemies":"Mind Bloom Boss Battle","floor":41,"turns":7},{"damage":33,"enemies":"Maw","floor":42,"turns":7},{"damage":20,"enemies":"4 Shapes","floor":44,"turns":5},{"damage":0,"enemies":"3 Darklings","floor":46,"turns":3},{"damage":11,"enemies":"Sphere and 2 Shapes","floor":48,"turns":3},{"damage":78,"enemies":"Donu and Deca","floor":50,"turns":10}],"seed_played":"1422424407599900035","potions_obtained":[{"floor":5,"key":"AttackPotion"},{"floor":8,"key":"Poison Potion"},{"floor":10,"key":"Strength Potion"},{"floor":13,"key":"Dexterity Potion"},{"floor":16,"key":"Block Potion"},{"floor":18,"key":"SteroidPotion"},{"floor":29,"key":"Energy Potion"},{"floor":31,"key":"GamblersBrew"},{"floor":41,"key":"SpeedPotion"},{"floor":44,"key":"PowerPotion"},{"floor":48,"key":"SteroidPotion"}],"is_trial":false,"path_per_floor":["M","M","M","?","M","E","M","E","T","E","R","?","M","M","R","B",null,"M","$","?","$","M","R","M","R","T","$","M","E","R","M","R","B",null,"M","T","$","?","M","R","?","M","T","M","R","M","R","M","R","B",null],"character_chosen":"DEFECT","items_purchased":["Sundial","Undo","Gash","Self Repair"],"campfire_rested":8,"item_purchase_floors":[19,19,37,37],"current_hp_per_floor":[75,74,70,70,47,39,35,25,25,25,47,52,51,41,63,51,75,68,68,75,75,74,74,56,80,80,80,78,44,68,40,64,1,82,81,81,81,71,65,65,60,34,34,14,38,45,69,65,82,28],"gold":256,"neow_bonus":"ONE_RARE_RELIC","is_prod":false,"is_daily":false,"chose_seed":false,"campfire_upgraded":2,"win_rate":0,"timestamp":1551135942,"path_taken":["M","M","M","?","M","E","M","E","T","E","R","?","?","M","R","BOSS","M","$","?","$","M","R","M","R","T","$","M","E","R","M","R","BOSS","M","?","$","?","M","R","?","M","T","M","R","M","R","M","R","BOSS"],"build_version":"2019-01-23","purchased_purges":2,"victory":true,"max_hp_per_floor":[75,75,75,75,75,75,75,75,75,75,75,75,75,75,75,75,75,75,75,82,82,82,82,82,82,82,82,82,82,82,82,82,82,82,82,82,82,82,82,82,82,82,82,82,82,82,82,82,82,82],"card_choices":[{"not_picked":["Hologram","Consume"],"picked":"Compile Driver","floor":1},{"not_picked":["Beam Cell","Aggregate"],"picked":"Scrape","floor":2},{"not_picked":["Double Energy","White Noise"],"picked":"Sunder","floor":3},{"not_picked":["Turbo","Sweeping Beam"],"picked":"Coolheaded","floor":5},{"not_picked":["Streamline","Reinforced Body"],"picked":"Ball Lightning","floor":6},{"not_picked":["Loop","Streamline"],"picked":"Ball Lightning","floor":7},{"not_picked":["Beam Cell","Creative AI"],"picked":"Genetic Algorithm","floor":8},{"not_picked":["Hologram","Chaos"],"picked":"Chill","floor":10},{"not_picked":["Reprogram","Beam Cell"],"picked":"Gash","floor":13},{"not_picked":["Stack","Static Discharge"],"picked":"Melter","floor":14},{"not_picked":["Echo Form","Creative AI"],"picked":"Electrodynamics","floor":16},{"not_picked":["Loop","Reinforced Body"],"picked":"Steam","floor":18},{"not_picked":["Coolheaded+1","Storm+1"],"picked":"Stack","floor":22},{"not_picked":["Steam Power","Chaos"],"picked":"Redo","floor":24},{"not_picked":["Blizzard+1","Stack"],"picked":"Reinforced Body+1","floor":28},{"not_picked":["Sweeping Beam+1","Hyperbeam"],"picked":"Gash","floor":29},{"not_picked":["Turbo","Cold Snap"],"picked":"Double Energy","floor":31},{"not_picked":["Seek","Amplify"],"picked":"Buffer","floor":33},{"not_picked":["Glacier","Steam+1"],"picked":"Gash+1","floor":35},{"not_picked":["Blizzard","Static Discharge"],"picked":"Darkness+1","floor":39},{"not_picked":["Recycle+1","Ball Lightning+1"],"picked":"Self Repair","floor":41},{"not_picked":["Coolheaded+1","Fusion"],"picked":"Doom and Gloom+1","floor":42},{"not_picked":["Cold Snap","Streamline+1"],"picked":"Rebound+1","floor":44},{"not_picked":["Hologram","Capacitor+1"],"picked":"Self Repair","floor":46},{"not_picked":["Beam Cell","Stack"],"picked":"Gash","floor":48}],"player_experience":403972,"relics_obtained":[{"floor":6,"key":"DataDisk"},{"floor":8,"key":"StoneCalendar"},{"floor":9,"key":"Centennial Puzzle"},{"floor":10,"key":"Mummified Hand"},{"floor":26,"key":"Matryoshka"},{"floor":29,"key":"Mercury Hourglass"},{"floor":36,"key":"Lantern"},{"floor":36,"key":"Tiny Chest"},{"floor":41,"key":"Ginger"},{"floor":43,"key":"Pen Nib"},{"floor":43,"key":"The Courier"}],"event_choices":[{"damage_healed":0,"gold_gain":0,"player_choice":"Grow","damage_taken":0,"max_hp_gain":0,"max_hp_loss":0,"event_name":"Living Wall","floor":4,"gold_loss":0,"cards_upgraded":["Sunder"]},{"cards_removed":["Coolheaded"],"damage_healed":5,"gold_gain":0,"player_choice":"Offered Common","damage_taken":0,"max_hp_gain":0,"max_hp_loss":0,"event_name":"Bonfire Elementals","floor":12,"gold_loss":0},{"cards_removed":["Coolheaded"],"damage_healed":5,"gold_gain":0,"player_choice":"Offered Special","damage_taken":0,"max_hp_gain":0,"max_hp_loss":0,"event_name":"Bonfire Elementals","floor":12,"gold_loss":0},{"damage_healed":0,"gold_gain":0,"player_choice":"Gave Potion","damage_taken":0,"relics_obtained":["Strawberry"],"max_hp_gain":0,"max_hp_loss":0,"event_name":"WeMeetAgain","floor":20,"gold_loss":0},{"damage_healed":0,"gold_gain":0,"player_choice":"Embrace Madness","damage_taken":10,"max_hp_gain":0,"max_hp_loss":0,"event_name":"Winding Halls","floor":38,"gold_loss":0,"cards_obtained":["Madness","Madness"]},{"damage_healed":0,"gold_gain":0,"player_choice":"Fight","damage_taken":0,"max_hp_gain":0,"max_hp_loss":0,"event_name":"MindBloom","floor":41,"gold_loss":0}],"is_beta":false,"boss_relics":[{"not_picked":["Runic Dome","Pandora\u0027s Box"],"picked":"Cursed Key"},{"not_picked":["Lizard Tail","Fusion Hammer"],"picked":"Black Star"}],"items_purged_floors":[19,37],"is_endless":false,"potions_floor_spawned":[5,8,10,13,16,18,29,31,41,44,48],"ascension_level":3}