{"gold_per_floor":[118,136,136,136,152,152,175,200,200,225,244,344,360,378,378,497,497,518,215,215,206,226,226,239,57,107,121,137,137,137,156,156,156],"floor_reached":33,"playtime":2101,"items_purged":[],"score":247,"play_id":"e4c79c63-2da6-4687-ae01-2fc14cd9f6a1","local_time":"20190211161806","is_ascension_mode":false,"campfire_choices":[{"floor":6,"key":"REST"},{"floor":15,"key":"REST"},{"floor":23,"key":"REST"},{"floor":30,"key":"REST"},{"floor":32,"key":"REST"}],"neow_cost":"NONE","seed_source_timestamp":23008546561299,"circlet_count":0,"master_deck":["Defend_G","Defend_G","Defend_G","Defend_G","Defend_G","Strike_G","Strike_G","Strike_G","Strike_G","Strike_G","Survivor","Neutralize","Accuracy","Quick Slash","Leg Sweep","Blade Dance","Caltrops","Dagger Spray","Unload","Outmaneuver","Backflip","Burst","Cloak And Dagger+1","Storm of Steel","Accuracy","Cloak And Dagger","PiercingWail+1"],"relics":["Ring of the Snake","Bronze Scales","Golden Idol","Mummified Hand","Velvet Choker","Calipers","Letter Opener","Oddly Smooth Stone","Ancient Tea Set"],"potions_floor_usage":[16,16,16,16,28,33],"damage_taken":[{"damage":0,"enemies":"2 Louse","floor":1,"turns":5},{"damage":0,"enemies":"Jaw Worm","floor":2,"turns":5},{"damage":1,"enemies":"Cultist","floor":5,"turns":3},{"damage":5,"enemies":"Large Slime","floor":7,"turns":7},{"damage":3,"enemies":"3 Louse","floor":8,"turns":4},{"damage":8,"enemies":"Lots of Slimes","floor":10,"turns":4},{"damage":5,"enemies":"2 Fungi Beasts","floor":11,"turns":4},{"damage":16,"enemies":"Gremlin Gang","floor":13,"turns":4},{"damage":5,"enemies":"Looter","floor":14,"turns":2},{"damage":30,"enemies":"Slime Boss","floor":16,"turns":11},{"damage":7,"enemies":"Shell Parasite","floor":18,"turns":7},{"damage":10,"enemies":"2 Thieves","floor":21,"turns":4},{"damage":16,"enemies":"Shelled Parasite and Fungi","floor":22,"turns":7},{"damage":12,"enemies":"Snake Plant","floor":24,"turns":5},{"damage":19,"enemies":"Cultist and Chosen","floor":27,"turns":8},{"damage":9,"enemies":"Snecko","floor":28,"turns":6},{"damage":10,"enemies":"Shelled Parasite and Fungi","floor":31,"turns":6},{"damage":51,"enemies":"Collector","floor":33,"turns":13}],"seed_played":"-7317034057356937106","potions_obtained":[{"floor":1,"key":"Ancient Potion"},{"floor":5,"key":"GhostInAJar"},{"floor":8,"key":"Regen Potion"},{"floor":16,"key":"Fruit Juice"},{"floor":24,"key":"SkillPotion"},{"floor":31,"key":"EssenceOfSteel"}],"is_trial":false,"path_per_floor":["M","M","?","?","M","R","M","M","T","M","M","?","M","M","R","B",null,"M","$","T","M","M","R","M","$","T","M","M","?","R","M","R","B"],"character_chosen":"THE_SILENT","items_purchased":["Calipers","Accuracy","Oddly Smooth Stone"],"campfire_rested":5,"item_purchase_floors":[19,25,25],"current_hp_per_floor":[70,70,53,53,52,70,65,62,62,54,49,49,33,28,49,39,75,68,68,68,58,42,64,52,52,52,33,24,8,30,20,42,0],"gold":156,"neow_bonus":"RANDOM_COMMON_RELIC","is_prod":false,"is_daily":false,"chose_seed":false,"campfire_upgraded":0,"win_rate":0.0,"timestamp":1549923486,"path_taken":["M","M","?","?","M","R","M","?","T","M","M","?","M","M","R","BOSS","M","$","?","M","M","R","M","$","T","M","M","?","R","M","R","BOSS"],"build_version":"2019-01-23","purchased_purges":0,"victory":false,"max_hp_per_floor":[70,70,70,70,70,70,70,70,70,70,70,70,70,70,70,75,75,75,75,75,75,75,75,75,75,75,75,75,75,75,75,75,75],"card_choices":[{"not_picked":["Calculated Gamble","Riddle With Holes"],"picked":"Accuracy","floor":1},{"not_picked":["Poisoned Stab","Endless Agony"],"picked":"Quick Slash","floor":2},{"not_picked":["Riddle With Holes","Tactician"],"picked":"Leg Sweep","floor":5},{"not_picked":["Prepared","Heel Hook"],"picked":"Blade Dance","floor":7},{"not_picked":["Deadly Poison","Acrobatics"],"picked":"Caltrops","floor":8},{"not_picked":["Bouncing Flask","Poisoned Stab"],"picked":"Dagger Spray","floor":10},{"not_picked":["Outmaneuver","Cloak And Dagger"],"picked":"Unload","floor":11},{"not_picked":["Dagger Throw","Sucker Punch"],"picked":"Outmaneuver","floor":13},{"not_picked":["Acrobatics","Flying Knee"],"picked":"Backflip","floor":14},{"not_picked":["Venomology","Die Die Die"],"picked":"Burst","floor":16},{"not_picked":["Poisoned Stab","Well Laid Plans+1","Prepared"],"picked":"SKIP","floor":18},{"not_picked":["Deflect","Prepared+1","Predator"],"picked":"SKIP","floor":21},{"not_picked":["Deflect","Prepared"],"picked":"Cloak And Dagger+1","floor":22},{"not_picked":["Expertise+1","Dagger Throw"],"picked":"Storm of Steel","floor":24},{"not_picked":["Flying Knee","Deadly Poison"],"picked":"Cloak And Dagger","floor":27},{"not_picked":["Bouncing Flask","Slice"],"picked":"PiercingWail+1","floor":28},{"not_picked":["Outmaneuver","PiercingWail","Endless Agony"],"picked":"SKIP","floor":31}],"player_experience":63762,"relics_obtained":[{"floor":9,"key":"Mummified Hand"},{"floor":20,"key":"Letter Opener"},{"floor":26,"key":"Ancient Tea Set"}],"event_choices":[{"damage_healed":0,"gold_gain":0,"player_choice":"Take Damage","damage_taken":17,"relics_obtained":["Golden Idol"],"max_hp_gain":0,"max_hp_loss":0,"event_name":"Golden Idol","floor":3,"gold_loss":0},{"damage_healed":0,"gold_gain":0,"player_choice":"Ignored","damage_taken":0,"max_hp_gain":0,"max_hp_loss":0,"event_name":"Golden Wing","floor":4,"gold_loss":0},{"damage_healed":0,"gold_gain":100,"player_choice":"Pray","damage_taken":0,"max_hp_gain":0,"max_hp_loss":0,"event_name":"Golden Shrine","floor":12,"gold_loss":0},{"damage_healed":0,"gold_gain":0,"player_choice":"Obtained Book","damage_taken":16,"max_hp_gain":0,"max_hp_loss":0,"event_name":"Cursed Tome","floor":29,"gold_loss":0}],"is_beta":false,"boss_relics":[{"not_picked":["Runic Dome","Busted Crown"],"picked":"Velvet Choker"}],"items_purged_floors":[],"is_endless":false,"potions_floor_spawned":[1,5,8,13,14,16,24,31],"killed_by":"Collector","ascension_level":0}