{"gold_per_floor":[110,120,195,209,222,222,257,275,275,275,308,323,323,323,323,448,448,463,463,663,678,678,678,457,481,481,522,522,522,545,570,570,570],"floor_reached":33,"playtime":2791,"items_purged":["Strike_R+1"],"score":346,"play_id":"b1ea3cb6-755d-4c9f-b58d-39ebc445b4fc","local_time":"20180804230911","is_ascension_mode":true,"campfire_choices":[{"data":"Rampage","floor":6,"key":"SMITH"},{"data":"Shrug It Off","floor":10,"key":"SMITH"},{"data":"Body Slam","floor":13,"key":"SMITH"},{"floor":15,"key":"REST"},{"data":"Shrug It Off","floor":23,"key":"SMITH"},{"floor":28,"key":"REST"},{"data":"Inflame","floor":32,"key":"SMITH"}],"neow_cost":"NONE","seed_source_timestamp":267196610423990,"circlet_count":0,"master_deck":["Strike_R+1","Strike_R+1","Strike_R+1","Strike_R+1","Defend_R+1","Defend_R+1","Defend_R+1","Defend_R+1","Bash+1","Shrug It Off+1","Rampage+1","Headbutt","Cleave","Inflame+1","Body Slam+1","Impervious","Uppercut+1","Shrug It Off+1","Battle Trance","Evolve"],"relics":["Burning Blood","Dead Branch","Bottled Flame","Question Card","Golden Idol","White Beast Statue","Vajra","Singing Bowl","Matryoshka","The Courier","Gremlin Horn"],"potions_floor_usage":[7,7,16,21,27,33,33],"damage_taken":[{"damage":1,"enemies":"2 Louse","floor":1,"turns":3},{"damage":2,"enemies":"Jaw Worm","floor":2,"turns":5},{"damage":5,"enemies":"Cultist","floor":4,"turns":6},{"damage":2,"enemies":"2 Fungi Beasts","floor":5,"turns":4},{"damage":17,"enemies":"3 Sentries","floor":7,"turns":7},{"damage":6,"enemies":"Blue Slaver","floor":8,"turns":4},{"damage":30,"enemies":"Lagavulin","floor":11,"turns":7},{"damage":9,"enemies":"Exordium Wildlife","floor":12,"turns":4},{"damage":18,"enemies":"Slime Boss","floor":16,"turns":10},{"damage":7,"enemies":"Chosen","floor":18,"turns":5},{"damage":26,"enemies":"3 Byrds","floor":21,"turns":7},{"damage":19,"enemies":"3 Cultists","floor":25,"turns":6},{"damage":18,"enemies":"Gremlin Leader","floor":27,"turns":8},{"damage":11,"enemies":"Slaver and Parasite","floor":30,"turns":9},{"damage":4,"enemies":"Cultist and Chosen","floor":31,"turns":8},{"damage":83,"enemies":"Champ","floor":33,"turns":10}],"seed_played":"4279605935961136378","potions_obtained":[{"floor":1,"key":"PowerPotion"},{"floor":5,"key":"Dexterity Potion"},{"floor":7,"key":"BloodPotion"},{"floor":18,"key":"Fruit Juice"},{"floor":21,"key":"Swift Potion"},{"floor":25,"key":"FearPotion"},{"floor":27,"key":"BloodPotion"},{"floor":30,"key":"SpeedPotion"},{"floor":31,"key":"PowerPotion"}],"is_trial":false,"path_per_floor":["M","M","?","M","M","R","E","M","T","R","E","M","R","?","R","B",null,"M","?","?","M","?","R","$","M","T","E","R","T","M","M","R"],"character_chosen":"IRONCLAD","items_purchased":["Vajra"],"campfire_rested":2,"item_purchase_floors":[24],"current_hp_per_floor":[80,80,69,70,74,74,63,63,63,63,39,36,36,16,40,36,69,68,68,68,53,53,53,53,40,40,30,56,56,51,60,60,0],"gold":570,"neow_bonus":"UPGRADE_CARD","is_prod":false,"is_daily":false,"chose_seed":false,"campfire_upgraded":5,"win_rate":0,"timestamp":1533416951,"path_taken":["M","M","?","M","M","R","E","M","T","R","E","?","R","?","R","BOSS","M","?","?","M","?","R","$","M","T","E","R","?","M","M","R","BOSS"],"build_version":"2018-08-02","purchased_purges":1,"victory":false,"max_hp_per_floor":[80,80,80,80,80,80,80,80,80,80,80,80,80,80,80,80,80,80,80,80,85,85,85,85,85,85,87,87,87,87,89,89,89],"card_choices":[{"not_picked":["Rage","Armaments"],"picked":"Shrug It Off","floor":1},{"not_picked":["Shockwave","True Grit"],"picked":"Rampage","floor":2},{"not_picked":["Warcry","True Grit"],"picked":"Headbutt","floor":4},{"not_picked":["Perfected Strike","Sword Boomerang"],"picked":"Cleave","floor":5},{"not_picked":["Warcry","Power Through","Rage"],"picked":"SKIP","floor":7},{"not_picked":["Juggernaut","Entrench","Havoc"],"picked":"SKIP","floor":8},{"not_picked":["Wild Strike","Reckless Charge"],"picked":"Inflame","floor":11},{"not_picked":["Wild Strike","Armaments","Feel No Pain"],"picked":"Body Slam","floor":12},{"not_picked":["Berserk","Offering","Double Tap"],"picked":"Impervious","floor":16},{"not_picked":["Flex","Sever Soul","Headbutt"],"picked":"Uppercut+1","floor":18},{"not_picked":["Headbutt","Flex","Anger"],"picked":"Shrug It Off","floor":21},{"not_picked":["Twin Strike+1","Rage+1","Anger","Clash"],"picked":"SKIP","floor":25},{"not_picked":["Double Tap","Power Through","Infernal Blade","Seeing Red"],"picked":"Singing Bowl","floor":27},{"not_picked":["Rampage","Flex","Warcry"],"picked":"Evolve","floor":30},{"not_picked":["True Grit","Battle Trance","Clash","Havoc"],"picked":"Singing Bowl","floor":31}],"player_experience":497227,"relics_obtained":[{"floor":7,"key":"Dead Branch"},{"floor":9,"key":"Bottled Flame"},{"floor":11,"key":"Question Card"},{"floor":26,"key":"Singing Bowl"},{"floor":27,"key":"Matryoshka"},{"floor":29,"key":"The Courier"},{"floor":29,"key":"Gremlin Horn"}],"event_choices":[{"event_name":"World of Goop","player_choice":"Gather Gold","floor":3,"damage_taken":0},{"event_name":"Golden Idol","player_choice":"Take Damage","floor":14,"damage_taken":0},{"event_name":"Back to Basics","player_choice":"Simplicity","floor":19,"damage_taken":0},{"event_name":"Wheel of Change","player_choice":"Gold","floor":20,"damage_taken":0},{"event_name":"The Library","player_choice":"Read","floor":22,"damage_taken":0}],"is_beta":false,"boss_relics":[{"not_picked":["Coffee Dripper","Pandora\u0027s Box"],"picked":"White Beast Statue"}],"items_purged_floors":[24],"is_endless":false,"potions_floor_spawned":[1,5,7,18,21,25,27,30,31],"killed_by":"Champ","ascension_level":5}