{"gold_per_floor":[112,122,122,134,153,153,186,196,196,208,6,6,20,32,32,128,128,113,113,130,150,164,164,183,183,183,198,198,208,222,247,247,247],"floor_reached":33,"playtime":1651,"items_purged":[],"score":277,"play_id":"74c6c2ec-859e-45ab-b6ca-c1d6cebe700a","local_time":"20190220145525","is_ascension_mode":false,"campfire_choices":[{"data":"Skewer","floor":6,"key":"SMITH"},{"floor":12,"key":"REST"},{"floor":15,"key":"REST"},{"floor":23,"key":"REST"},{"floor":25,"key":"REST"},{"floor":28,"key":"REST"},{"floor":32,"key":"REST"}],"neow_cost":"NONE","seed_source_timestamp":7336507628903,"circlet_count":0,"master_deck":["Defend_G","Defend_G","Defend_G","Defend_G","Defend_G","Strike_G","Strike_G","Strike_G","Strike_G","Strike_G","Survivor","Neutralize","Skewer+1","Cloak And Dagger","Cloak And Dagger","Deadly Poison","Dodge and Roll","All Out Attack","Deadly Poison+1","Footwork","Burst","Backstab+1","Night Terror+1","Poisoned Stab+1","Calculated Gamble","Quick Slash+1","Bane+1","Poisoned Stab+1","Leg Sweep+1","Terror"],"relics":["Ring of the Snake","Omamori","Pen Nib","The Courier","Molten Egg 2","Runic Pyramid","Juzu Bracelet","War Paint"],"potions_floor_usage":[7,10,16,20,30,31,31],"damage_taken":[{"damage":0,"enemies":"Cultist","floor":1,"turns":5},{"damage":0,"enemies":"Jaw Worm","floor":2,"turns":3},{"damage":0,"enemies":"Small Slimes","floor":4,"turns":4},{"damage":0,"enemies":"Looter","floor":5,"turns":4},{"damage":56,"enemies":"Gremlin Nob","floor":7,"turns":6},{"damage":9,"enemies":"3 Louse","floor":8,"turns":3},{"damage":3,"enemies":"Blue Slaver","floor":10,"turns":4},{"damage":9,"enemies":"Exordium Thugs","floor":13,"turns":5},{"damage":0,"enemies":"Looter","floor":14,"turns":3},{"damage":9,"enemies":"The Guardian","floor":16,"turns":10},{"damage":4,"enemies":"2 Thieves","floor":18,"turns":4},{"damage":18,"enemies":"3 Byrds","floor":20,"turns":5},{"damage":19,"enemies":"Sentry and Sphere","floor":21,"turns":9},{"damage":11,"enemies":"Shelled Parasite and Fungi","floor":22,"turns":7},{"damage":9,"enemies":"Centurion and Healer","floor":24,"turns":7},{"damage":12,"enemies":"Snecko","floor":27,"turns":5},{"damage":9,"enemies":"Shelled Parasite and Fungi","floor":29,"turns":7},{"damage":0,"enemies":"Centurion and Healer","floor":30,"turns":6},{"damage":23,"enemies":"Slavers","floor":31,"turns":4},{"damage":53,"enemies":"Collector","floor":33,"turns":6}],"seed_played":"6142171586243144049","potions_obtained":[{"floor":1,"key":"Ancient Potion"},{"floor":2,"key":"Ancient Potion"},{"floor":8,"key":"EssenceOfSteel"},{"floor":13,"key":"SkillPotion"},{"floor":16,"key":"Block Potion"},{"floor":21,"key":"Dexterity Potion"},{"floor":27,"key":"PowerPotion"},{"floor":29,"key":"Strength Potion"}],"is_trial":false,"path_per_floor":["M","M","?","M","M","R","E","M","T","M","$","R","M","M","R","B",null,"M","$","M","M","M","R","M","R","T","M","R","M","M","E","R","B"],"character_chosen":"THE_SILENT","items_purchased":["Molten Egg 2"],"campfire_rested":6,"item_purchase_floors":[11],"current_hp_per_floor":[70,70,70,70,70,70,14,5,5,2,2,23,14,14,35,26,70,66,66,48,29,18,39,30,51,51,39,60,51,51,28,49,0],"gold":247,"neow_bonus":"RANDOM_COMMON_RELIC","is_prod":false,"is_daily":false,"chose_seed":false,"campfire_upgraded":1,"win_rate":0,"timestamp":1550696125,"path_taken":["M","?","?","M","M","R","E","M","T","M","$","R","M","M","R","BOSS","M","$","?","M","M","R","M","R","T","M","R","M","M","E","R","BOSS"],"build_version":"2019-01-23","purchased_purges":0,"victory":false,"max_hp_per_floor":[70,70,70,70,70,70,70,70,70,70,70,70,70,70,70,70,70,70,70,70,70,70,70,70,70,70,70,70,70,70,70,70,70],"card_choices":[{"not_picked":["Quick Slash","Accuracy"],"picked":"Skewer","floor":1},{"not_picked":["Dagger Throw","Underhanded Strike"],"picked":"Cloak And Dagger","floor":2},{"not_picked":["Prepared","Blade Dance"],"picked":"Deadly Poison","floor":4},{"not_picked":["Deadly Poison","Outmaneuver"],"picked":"Dodge and Roll","floor":5},{"not_picked":["Calculated Gamble","Deadly Poison"],"picked":"All Out Attack","floor":7},{"not_picked":["Deflect","Underhanded Strike"],"picked":"Deadly Poison","floor":8},{"not_picked":["Flying Knee","Riddle With Holes"],"picked":"Footwork","floor":10},{"not_picked":["Acrobatics","Choke+1"],"picked":"Burst","floor":13},{"not_picked":["Reflex","Predator+1"],"picked":"Backstab+1","floor":14},{"not_picked":["Adrenaline","Tools of the Trade"],"picked":"Night Terror","floor":16},{"not_picked":["Crippling Poison","Calculated Gamble"],"picked":"Poisoned Stab+1","floor":18},{"not_picked":["Outmaneuver","Skewer+1"],"picked":"Calculated Gamble","floor":20},{"not_picked":["Slice+1","Caltrops+1"],"picked":"Quick Slash+1","floor":21},{"not_picked":["Dagger Throw+1","All Out Attack+1"],"picked":"Bane+1","floor":22},{"not_picked":["Deadly Poison","Outmaneuver","Blade Dance+1"],"picked":"SKIP","floor":24},{"not_picked":["Riddle With Holes+1","Deadly Poison"],"picked":"Poisoned Stab+1","floor":27},{"not_picked":["Dodge and Roll","Outmaneuver","Wraith Form v2"],"picked":"SKIP","floor":29},{"not_picked":["Blade Dance","Prepared+1"],"picked":"Leg Sweep+1","floor":30},{"not_picked":["Crippling Poison","Reflex"],"picked":"Terror","floor":31}],"player_experience":272856,"relics_obtained":[{"floor":7,"key":"Pen Nib"},{"floor":9,"key":"The Courier"},{"floor":26,"key":"Juzu Bracelet"},{"floor":31,"key":"War Paint"}],"event_choices":[{"damage_healed":0,"gold_gain":0,"player_choice":"1 cards matched","damage_taken":0,"max_hp_gain":0,"max_hp_loss":0,"event_name":"Match and Keep!","floor":3,"gold_loss":0,"cards_obtained":["Cloak And Dagger"]}],"is_beta":false,"boss_relics":[{"not_picked":["HoveringKite","WristBlade"],"picked":"Runic Pyramid"}],"items_purged_floors":[],"is_endless":false,"potions_floor_spawned":[1,2,8,13,16,21,27,29],"killed_by":"Collector","ascension_level":0}