{"gold_per_floor":[115,131,131,151,162,162,223,223,248,272,298,327,339,351,363,474,486,470,482,544,573,585,597,626,654,666,678,171,171,186,186],"floor_reached":31,"playtime":1389,"items_purged":["Strike_B"],"score":311,"play_id":"9dcc9953-f18d-41ea-9b4b-536d1d8f34cb","local_time":"20181109142705","is_ascension_mode":true,"campfire_choices":[{"data":"Dualcast","floor":6,"key":"SMITH"},{"data":"Go for the Eyes","floor":8,"key":"SMITH"},{"data":"Redo","floor":13,"key":"SMITH"},{"data":"Zap","floor":15,"key":"SMITH"},{"floor":23,"key":"REST"},{"data":"Creative AI","floor":27,"key":"SMITH"}],"neow_cost":"TEN_PERCENT_HP_LOSS","seed_source_timestamp":418325247424502,"circlet_count":0,"master_deck":["Defend_B","Defend_B","Defend_B","Zap+1","Dualcast+1","Conserve Battery","Ball Lightning","Go for the Eyes+1","Self Repair","Conserve Battery","Redo+1","Decay","Creative AI+1","Double Energy+1","Blizzard+1","Seek+1","Cold Snap","Defragment","Decay","Auto Shields","Steam Power","Master of Strategy","Storm"],"relics":["Cracked Core","Nunchaku","Tiny Chest","MawBank","Astrolabe","Sundial","Oddly Smooth Stone","Mummified Hand","ClockworkSouvenir","FaceOfCleric"],"potions_floor_usage":[10,16,18,24,30],"damage_taken":[{"damage":1,"enemies":"Cultist","floor":1,"turns":3},{"damage":0,"enemies":"2 Louse","floor":2,"turns":2},{"damage":0,"enemies":"Small Slimes","floor":4,"turns":2},{"damage":2,"enemies":"Red Slaver","floor":5,"turns":3},{"damage":30,"enemies":"Gremlin Nob","floor":7,"turns":5},{"damage":1,"enemies":"Exordium Wildlife","floor":10,"turns":4},{"damage":0,"enemies":"Large Slime","floor":11,"turns":5},{"damage":5,"enemies":"Blue Slaver","floor":12,"turns":4},{"damage":43,"enemies":"Slime Boss","floor":16,"turns":12},{"damage":23,"enemies":"2 Thieves","floor":18,"turns":5},{"damage":30,"enemies":"Shell Parasite","floor":21,"turns":6},{"damage":4,"enemies":"Snecko","floor":24,"turns":8},{"damage":23,"enemies":"Chosen and Byrds","floor":25,"turns":6},{"damage":4,"enemies":"Cultist and Chosen","floor":30,"turns":6},{"damage":45,"enemies":"Masked Bandits","floor":31,"turns":3}],"seed_played":"-8821650162882438559","potions_obtained":[{"floor":7,"key":"Block Potion"},{"floor":12,"key":"SteroidPotion"},{"floor":16,"key":"Block Potion"},{"floor":18,"key":"Weak Potion"},{"floor":25,"key":"Ancient Potion"}],"is_trial":false,"path_per_floor":["M","M","?","M","M","R","E","R","T","M","M","M","R","?","R","B",null,"M","T","T","M","?","R","M","M","T","R","$","?","M","?"],"character_chosen":"DEFECT","items_purchased":["ClockworkSouvenir","Master of Strategy","Block Potion"],"campfire_rested":1,"item_purchase_floors":[28,28,28],"current_hp_per_floor":[67,67,67,67,65,65,42,42,42,48,55,57,57,57,57,21,56,40,40,40,17,17,37,40,24,24,24,24,24,28,0],"gold":186,"neow_bonus":"ONE_RARE_RELIC","is_prod":false,"is_daily":false,"chose_seed":false,"campfire_upgraded":5,"win_rate":0,"timestamp":1541791625,"path_taken":["M","?","?","M","M","R","E","R","T","M","?","M","R","?","R","BOSS","M","?","?","M","?","R","M","M","T","R","?","?","?","?"],"build_version":"2018-11-08","purchased_purges":1,"victory":false,"max_hp_per_floor":[68,68,68,68,68,68,68,68,68,68,68,68,68,68,68,68,68,68,68,68,68,68,68,68,68,68,68,68,68,69,69],"card_choices":[{"not_picked":["Ball Lightning","Stack"],"picked":"Conserve Battery","floor":1},{"not_picked":["Scrape","Leap"],"picked":"Ball Lightning","floor":2},{"not_picked":["Sweeping Beam","Turbo"],"picked":"Go for the Eyes","floor":4},{"not_picked":["Glacier","Rebound"],"picked":"Self Repair","floor":5},{"not_picked":["Scrape","Turbo"],"picked":"Conserve Battery","floor":7},{"not_picked":["Go for the Eyes","Force Field","Sweeping Beam"],"picked":"SKIP","floor":10},{"not_picked":["Hyperbeam","Barrage","Steam"],"picked":"SKIP","floor":11},{"not_picked":["Heatsinks","Rebound"],"picked":"Redo","floor":12},{"not_picked":["Amplify","Seek"],"picked":"Creative AI","floor":16},{"not_picked":["Leap","FTL"],"picked":"Cold Snap","floor":18},{"not_picked":["Recycle","White Noise"],"picked":"Defragment","floor":21},{"not_picked":["Barrage","Beam Cell+1"],"picked":"Auto Shields","floor":24},{"not_picked":["Aggregate","Gash"],"picked":"Steam Power","floor":25},{"not_picked":["Chaos","Reprogram+1"],"picked":"Storm","floor":30}],"player_experience":331611,"relics_obtained":[{"floor":7,"key":"Tiny Chest"},{"floor":9,"key":"MawBank"},{"floor":19,"key":"Sundial"},{"floor":20,"key":"Oddly Smooth Stone"},{"floor":26,"key":"Mummified Hand"}],"event_choices":[{"cards_removed":["Strike_B"],"damage_healed":0,"gold_gain":0,"player_choice":"Offered Basic","damage_taken":0,"max_hp_gain":0,"max_hp_loss":0,"event_name":"Bonfire Elementals","floor":3,"gold_loss":0},{"damage_healed":0,"gold_gain":0,"player_choice":"Cursed","damage_taken":0,"max_hp_gain":0,"max_hp_loss":0,"event_name":"Wheel of Change","floor":14,"gold_loss":0,"cards_obtained":["Decay"]},{"damage_healed":0,"gold_gain":0,"player_choice":"Smashed Altar","damage_taken":0,"max_hp_gain":0,"max_hp_loss":0,"event_name":"Forgotten Altar","floor":22,"gold_loss":0,"cards_obtained":["Decay"]},{"damage_healed":0,"gold_gain":0,"player_choice":"Trade","damage_taken":0,"relics_obtained":["FaceOfCleric"],"max_hp_gain":0,"max_hp_loss":0,"event_name":"FaceTrader","floor":29,"gold_loss":0},{"damage_healed":0,"gold_gain":0,"player_choice":"Fought Bandits","damage_taken":0,"max_hp_gain":0,"max_hp_loss":0,"event_name":"Masked Bandits","floor":31,"gold_loss":0}],"is_beta":true,"boss_relics":[{"not_picked":["Ectoplasm","Lizard Tail"],"picked":"Astrolabe"}],"items_purged_floors":[28],"is_endless":false,"potions_floor_spawned":[7,12,16,18,25],"killed_by":"Masked Bandits","ascension_level":6}