{"gold_per_floor":[117,129,129,146,162,196,196,211,235,235,254,254,274,274,274,374,374,387,39,39,39,49,49,69,69,69,80,99,99,99],"floor_reached":30,"playtime":950,"items_purged":["Strike_B"],"score":374,"play_id":"4e9aa74b-61d1-41c3-bda2-db026008ab53","local_time":"20181221204815","is_ascension_mode":true,"campfire_choices":[{"data":"Zap","floor":7,"key":"SMITH"},{"floor":10,"key":"REST"},{"data":"Dualcast","floor":12,"key":"SMITH"},{"floor":15,"key":"REST"},{"data":"Capacitor","floor":23,"key":"SMITH"},{"data":"Biased Cognition","floor":25,"key":"SMITH"},{"floor":29,"key":"REST"}],"neow_cost":"NONE","seed_source_timestamp":43688880735200,"circlet_count":0,"master_deck":["AscendersBane","Strike_B","Defend_B","Defend_B","Defend_B","Zap+1","Dualcast+1","FTL","Ball Lightning","Leap","Blizzard","Conserve Battery","Biased Cognition+1","Reinforced Body","Cold Snap","Capacitor+1","Meteor Strike","White Noise+1","Coolheaded","Regret","Ball Lightning"],"relics":["Cracked Core","Smiling Mask","Orichalcum","Cursed Key","Matryoshka","Juzu Bracelet","Emotion Chip"],"potions_floor_usage":[5,18,24,27,28],"damage_taken":[{"damage":3,"enemies":"Small Slimes","floor":1,"turns":3},{"damage":2,"enemies":"Jaw Worm","floor":2,"turns":4},{"damage":0,"enemies":"2 Louse","floor":4,"turns":1},{"damage":0,"enemies":"Exordium Thugs","floor":5,"turns":3},{"damage":30,"enemies":"Gremlin Nob","floor":6,"turns":4},{"damage":9,"enemies":"Red Slaver","floor":8,"turns":3},{"damage":9,"enemies":"Blue Slaver","floor":11,"turns":3},{"damage":4,"enemies":"Exordium Wildlife","floor":13,"turns":5},{"damage":33,"enemies":"The Guardian","floor":16,"turns":13},{"damage":4,"enemies":"2 Thieves","floor":18,"turns":4},{"damage":7,"enemies":"Shell Parasite","floor":22,"turns":7},{"damage":20,"enemies":"3 Cultists","floor":24,"turns":5},{"damage":10,"enemies":"Cultist and Chosen","floor":27,"turns":6},{"damage":13,"enemies":"Snecko","floor":28,"turns":4},{"damage":32,"enemies":"3 Cultists","floor":30,"turns":4}],"seed_played":"-962191950554891437","potions_obtained":[{"floor":2,"key":"Ancient Potion"},{"floor":4,"key":"Explosive Potion"},{"floor":6,"key":"SteroidPotion"},{"floor":13,"key":"Fire Potion"},{"floor":18,"key":"Energy Potion"},{"floor":24,"key":"Fire Potion"}],"is_trial":false,"path_per_floor":["M","M","?","M","M","E","R","M","T","R","M","R","M","?","R","B",null,"M","$","?","?","M","R","M","R","T","M","M","R","M"],"character_chosen":"DEFECT","items_purchased":["Matryoshka","Reinforced Body"],"campfire_rested":3,"item_purchase_floors":[19,19],"current_hp_per_floor":[65,63,56,56,56,26,26,17,17,39,30,30,26,26,48,15,60,56,56,56,56,49,49,29,29,29,19,6,28,0],"gold":99,"neow_bonus":"THREE_CARDS","is_prod":false,"is_daily":false,"chose_seed":false,"campfire_upgraded":4,"win_rate":0,"timestamp":1545421695,"path_taken":["M","M","?","M","M","E","R","M","T","R","M","R","M","?","R","BOSS","M","$","?","?","?","R","M","R","T","M","M","R","M"],"build_version":"2018-12-20","purchased_purges":1,"victory":false,"max_hp_per_floor":[75,75,75,75,75,75,75,75,75,75,75,75,75,75,75,75,75,75,75,75,75,75,75,75,75,75,75,75,75,75],"card_choices":[{"not_picked":["Coolheaded","Gash"],"picked":"FTL","floor":0},{"not_picked":["Rebound","Scrape"],"picked":"Ball Lightning","floor":1},{"not_picked":["Gash","Lockon"],"picked":"Leap","floor":2},{"not_picked":["Barrage","Steam"],"picked":"Blizzard","floor":4},{"not_picked":["Scrape","Aggregate","Multi-Cast"],"picked":"SKIP","floor":5},{"not_picked":["Turbo","Aggregate"],"picked":"Conserve Battery","floor":6},{"not_picked":["Stack","Gash","Auto Shields"],"picked":"SKIP","floor":8},{"not_picked":["Gash","Storm","Heatsinks"],"picked":"SKIP","floor":11},{"not_picked":["Doom and Gloom","Chaos","Double Energy"],"picked":"SKIP","floor":13},{"not_picked":["Creative AI","Meteor Strike"],"picked":"Biased Cognition","floor":16},{"not_picked":["Double Energy","Sweeping Beam","Reinforced Body"],"picked":"SKIP","floor":18},{"not_picked":["Streamline","Beam Cell+1"],"picked":"White Noise+1","floor":22},{"not_picked":["Self Repair","Leap+1"],"picked":"Coolheaded","floor":24},{"not_picked":["Conserve Battery","Lockon","Rebound"],"picked":"SKIP","floor":27},{"not_picked":["Sunder","Sweeping Beam"],"picked":"Ball Lightning","floor":28}],"player_experience":306077,"relics_obtained":[{"floor":6,"key":"Smiling Mask"},{"floor":9,"key":"Orichalcum"},{"floor":26,"key":"Juzu Bracelet"},{"floor":26,"key":"Emotion Chip"}],"event_choices":[{"cards_removed":["Strike_B"],"damage_healed":0,"gold_gain":0,"player_choice":"Card Removal","damage_taken":7,"max_hp_gain":0,"max_hp_loss":0,"event_name":"Golden Wing","floor":3,"gold_loss":0},{"damage_healed":0,"gold_gain":0,"player_choice":"Ignored","damage_taken":0,"max_hp_gain":0,"max_hp_loss":0,"event_name":"Liars Game","floor":14,"gold_loss":0},{"damage_healed":0,"gold_gain":0,"player_choice":"Read","damage_taken":0,"max_hp_gain":0,"max_hp_loss":0,"event_name":"The Library","floor":20,"gold_loss":0,"cards_obtained":["Cold Snap"]},{"damage_healed":0,"gold_gain":0,"cards_transformed":["Strike_B","Defend_B"],"player_choice":"Became Test Subject","damage_taken":0,"max_hp_gain":0,"max_hp_loss":0,"event_name":"Drug Dealer","floor":21,"gold_loss":0,"cards_obtained":["Capacitor","Meteor Strike"]}],"is_beta":false,"boss_relics":[{"not_picked":["Astrolabe","Coffee Dripper"],"picked":"Cursed Key"}],"items_purged_floors":[19],"is_endless":false,"potions_floor_spawned":[2,4,6,13,18,24],"killed_by":"3 Cultists","ascension_level":12}