{"gold_per_floor":[118,133,144,158,178,178,278,312,358,378,390,401,401,435,435,539,539,549,567,580,598,54,54,87,87,87,87],"floor_reached":27,"playtime":1330,"items_purged":["Strike_B"],"score":329,"play_id":"a4dabb5a-d434-49ef-a0be-185684904783","local_time":"20181216230718","is_ascension_mode":true,"campfire_choices":[{"data":"Barrage","floor":6,"key":"SMITH"},{"floor":15,"key":"REST"},{"data":"Apotheosis","floor":23,"key":"SMITH"},{"floor":25,"key":"REST"}],"neow_cost":"NONE","seed_source_timestamp":299697115162768,"circlet_count":0,"master_deck":["Strike_B","Strike_B","Defend_B+1","Defend_B+1","Defend_B","Defend_B","Zap","Dualcast","Auto Shields","Barrage+1","Machine Learning","Glacier","Tempest","Heatsinks","Echo Form","Self Repair","FTL+1","Lockon+1","Apotheosis+1","Loop"],"special_seed":0,"relics":["Cracked Core","Symbiotic Virus","Happy Flower","Pantograph","Velvet Choker","Thread and Needle","Centennial Puzzle","Toxic Egg 2"],"potions_floor_usage":[11,16,27],"damage_taken":[{"damage":0,"enemies":"Jaw Worm","floor":1,"turns":5},{"damage":0,"enemies":"Cultist","floor":2,"turns":4},{"damage":0,"enemies":"2 Louse","floor":3,"turns":3},{"damage":6,"enemies":"Looter","floor":4,"turns":4},{"damage":9,"enemies":"3 Louse","floor":5,"turns":4},{"damage":19,"enemies":"3 Sentries","floor":8,"turns":9},{"damage":1,"enemies":"2 Fungi Beasts","floor":10,"turns":4},{"damage":4,"enemies":"Gremlin Gang","floor":11,"turns":4},{"damage":0,"enemies":"Looter","floor":12,"turns":3},{"damage":0,"enemies":"Lagavulin","floor":14,"turns":7},{"damage":14,"enemies":"Slime Boss","floor":16,"turns":8},{"damage":3,"enemies":"Shell Parasite","floor":18,"turns":6},{"damage":1,"enemies":"Chosen","floor":19,"turns":4},{"damage":32,"enemies":"Snake Plant","floor":20,"turns":5},{"damage":15,"enemies":"Shelled Parasite and Fungi","floor":21,"turns":8},{"damage":22,"enemies":"Book of Stabbing","floor":24,"turns":5},{"damage":56,"enemies":"Gremlin Leader","floor":27,"turns":4}],"seed_played":"-901397606175976621","potions_obtained":[{"floor":1,"key":"Energy Potion"},{"floor":8,"key":"FearPotion"},{"floor":10,"key":"Energy Potion"},{"floor":12,"key":"Fire Potion"},{"floor":19,"key":"FocusPotion"}],"is_trial":false,"path_per_floor":["M","M","M","M","M","R","?","E","T","M","M","M","?","E","R","B",null,"M","M","M","M","$","R","E","R","T","E"],"character_chosen":"DEFECT","items_purchased":["Thread and Needle","Apotheosis"],"campfire_rested":2,"item_purchase_floors":[22,22],"current_hp_per_floor":[75,75,75,69,60,60,60,41,41,40,36,36,21,21,43,54,75,72,75,50,49,49,49,27,49,49,0],"gold":87,"neow_bonus":"TRANSFORM_CARD","is_prod":false,"is_daily":false,"chose_seed":false,"campfire_upgraded":2,"win_rate":0,"timestamp":1544998038,"path_taken":["M","M","M","M","M","R","?","E","T","M","?","M","?","E","R","BOSS","M","M","M","M","$","R","E","R","T","E"],"build_version":"2018-12-13","purchased_purges":1,"victory":false,"max_hp_per_floor":[75,75,75,75,75,75,75,75,75,75,75,75,75,75,75,75,75,75,75,75,75,75,75,75,75,75,75],"card_choices":[{"not_picked":["Darkness","Steam","Turbo"],"picked":"SKIP","floor":1},{"not_picked":["Turbo","Hologram"],"picked":"Barrage","floor":2},{"not_picked":["Compile Driver","Sweeping Beam","Turbo"],"picked":"SKIP","floor":3},{"not_picked":["Go for the Eyes","Steam"],"picked":"Machine Learning","floor":4},{"not_picked":["Turbo","Blizzard"],"picked":"Glacier","floor":5},{"not_picked":["Skim","Recycle","Leap"],"picked":"SKIP","floor":8},{"not_picked":["Hologram","Redo","Gash"],"picked":"SKIP","floor":10},{"not_picked":["Rebound","Leap"],"picked":"Tempest","floor":11},{"not_picked":["Beam Cell","Gash","Steam Power"],"picked":"SKIP","floor":12},{"not_picked":["Steam","FTL"],"picked":"Heatsinks","floor":14},{"not_picked":["Fission","Multi-Cast"],"picked":"Echo Form","floor":16},{"not_picked":["Consume","Streamline"],"picked":"Self Repair","floor":18},{"not_picked":["Darkness","Compile Driver+1"],"picked":"FTL+1","floor":19},{"not_picked":["Ball Lightning","Genetic Algorithm","Rebound"],"picked":"SKIP","floor":20},{"not_picked":["Fusion","Scrape"],"picked":"Lockon+1","floor":21},{"not_picked":["Darkness+1","Reinforced Body+1"],"picked":"Loop","floor":24}],"player_experience":568386,"relics_obtained":[{"floor":8,"key":"Symbiotic Virus"},{"floor":9,"key":"Happy Flower"},{"floor":14,"key":"Pantograph"},{"floor":24,"key":"Centennial Puzzle"},{"floor":26,"key":"Toxic Egg 2"}],"event_choices":[{"damage_healed":0,"gold_gain":100,"player_choice":"Pray","damage_taken":0,"max_hp_gain":0,"max_hp_loss":0,"event_name":"Golden Shrine","floor":7,"gold_loss":0},{"damage_healed":0,"gold_gain":0,"player_choice":"Entered Light","damage_taken":15,"max_hp_gain":0,"max_hp_loss":0,"event_name":"Shining Light","floor":13,"gold_loss":0,"cards_upgraded":["Defend_B","Defend_B"]}],"is_beta":false,"boss_relics":[{"not_picked":["Empty Cage","White Beast Statue"],"picked":"Velvet Choker"}],"items_purged_floors":[22],"is_endless":false,"potions_floor_spawned":[1,8,10,12,19,20,24],"killed_by":"Gremlin Leader","ascension_level":4}