{"gold_per_floor":[113,132,132,146,146,146,176,101,101,101,114,149,166,181,181,280,280,300,300,290,16,27,27,57,57,57,57,57,57,57,76,76,178,178,196,196,196,215,10,10,24,24],"floor_reached":42,"playtime":3045,"items_purged":[],"score":426,"play_id":"6cf6c025-f3c5-48e6-a80a-2c424f1b2736","local_time":"20190222141803","is_ascension_mode":false,"campfire_choices":[{"data":"Neutralize","floor":6,"key":"SMITH"},{"floor":10,"key":"REST"},{"floor":15,"key":"REST"},{"data":"Acrobatics","floor":23,"key":"SMITH"},{"floor":25,"key":"REST"},{"floor":29,"key":"REST"},{"floor":32,"key":"REST"},{"floor":40,"key":"REST"}],"neow_cost":"TEN_PERCENT_HP_LOSS","seed_source_timestamp":8630668671659,"circlet_count":0,"master_deck":["Defend_G+1","Defend_G+1","Defend_G+1","Defend_G+1","Defend_G+1","Strike_G+1","Strike_G+1","Strike_G+1","Strike_G+1","Strike_G+1","Survivor","Neutralize+1","Well Laid Plans","Backflip","Footwork+1","Leg Sweep","Finisher","Sucker Punch","Calculated Gamble","Malaise","Flying Knee","Dodge and Roll+1","Sadistic Nature+1","Acrobatics+1","Leg Sweep","Night Terror","Discovery","Expertise+1","Envenom+1","Bouncing Flask","Footwork+1","The Bomb","Poisoned Stab"],"relics":["Ring of the Snake","Incense Burner","Frozen Egg 2","Lantern","Omamori","Snecko Eye","Vajra","Darkstone Periapt","Dodecahedron","Fusion Hammer"],"potions_floor_usage":[7,7,12,24,24,42],"damage_taken":[{"damage":0,"enemies":"2 Louse","floor":1,"turns":3},{"damage":2,"enemies":"Small Slimes","floor":2,"turns":4},{"damage":1,"enemies":"Jaw Worm","floor":4,"turns":4},{"damage":24,"enemies":"Gremlin Nob","floor":7,"turns":6},{"damage":0,"enemies":"2 Fungi Beasts","floor":11,"turns":5},{"damage":5,"enemies":"Lagavulin","floor":12,"turns":16},{"damage":6,"enemies":"Large Slime","floor":13,"turns":8},{"damage":6,"enemies":"Exordium Thugs","floor":14,"turns":6},{"damage":32,"enemies":"The Guardian","floor":16,"turns":21},{"damage":15,"enemies":"Spheric Guardian","floor":18,"turns":18},{"damage":3,"enemies":"2 Thieves","floor":20,"turns":4},{"damage":0,"enemies":"Centurion and Healer","floor":22,"turns":10},{"damage":18,"enemies":"Book of Stabbing","floor":24,"turns":8},{"damage":10,"enemies":"3 Cultists","floor":31,"turns":6},{"damage":28,"enemies":"Champ","floor":33,"turns":29},{"damage":27,"enemies":"3 Darklings","floor":35,"turns":7},{"damage":0,"enemies":"3 Shapes","floor":38,"turns":2},{"damage":51,"enemies":"3 Darklings","floor":41,"turns":3},{"damage":32,"enemies":"Writhing Mass","floor":42,"turns":3}],"seed_played":"-4301835999253530224","potions_obtained":[{"floor":1,"key":"Block Potion"},{"floor":2,"key":"SkillPotion"},{"floor":7,"key":"Regen Potion"},{"floor":11,"key":"GhostInAJar"},{"floor":13,"key":"Ancient Potion"},{"floor":18,"key":"Poison Potion"},{"floor":35,"key":"SteroidPotion"}],"is_trial":false,"path_per_floor":["M","M","$","M","?","R","E","$","T","R","M","E","M","M","R","B",null,"M","?","M","$","M","R","E","R","T","T","?","R","?","M","R","B",null,"M","?","?","M","$","R","M","M"],"character_chosen":"THE_SILENT","items_purchased":["Footwork+1","Sadistic Nature+1","Well Laid Plans+1","Footwork+1","The Bomb"],"campfire_rested":6,"item_purchase_floors":[8,21,21,39,39],"current_hp_per_floor":[63,61,61,60,60,60,36,36,36,54,54,60,54,48,63,31,63,48,48,45,45,45,45,27,45,45,45,45,63,51,41,59,31,63,36,52,52,52,52,63,12,0],"gold":24,"neow_bonus":"ONE_RARE_RELIC","is_prod":false,"is_daily":false,"chose_seed":false,"campfire_upgraded":2,"win_rate":0,"timestamp":1550866683,"path_taken":["M","M","$","M","?","R","E","$","T","R","M","E","M","M","R","BOSS","M","?","M","$","M","R","E","R","T","?","?","R","?","?","R","BOSS","M","?","?","M","?","R","?","M"],"build_version":"2019-01-23","purchased_purges":0,"victory":false,"max_hp_per_floor":[63,63,63,63,63,63,63,63,63,63,63,63,63,63,63,63,63,63,63,63,63,63,63,63,63,63,63,63,63,63,63,63,63,63,63,63,63,63,63,63,63,63],"card_choices":[{"not_picked":["Endless Agony","Quick Slash"],"picked":"Well Laid Plans","floor":1},{"not_picked":["Dagger Spray","Outmaneuver"],"picked":"Backflip","floor":2},{"not_picked":["Sucker Punch","Prepared","Well Laid Plans"],"picked":"SKIP","floor":4},{"not_picked":["Well Laid Plans","Dash","Sucker Punch"],"picked":"SKIP","floor":7},{"not_picked":["Prepared","Sucker Punch"],"picked":"Leg Sweep","floor":11},{"not_picked":["Slice","Eviscerate"],"picked":"Finisher","floor":12},{"not_picked":["Predator","Choke"],"picked":"Sucker Punch","floor":13},{"not_picked":["Dagger Spray","Reflex"],"picked":"Calculated Gamble","floor":14},{"not_picked":["Phantasmal Killer","A Thousand Cuts+1"],"picked":"Malaise","floor":16},{"not_picked":["Tactician","Blade Dance"],"picked":"Flying Knee","floor":18},{"not_picked":["Prepared+1","Outmaneuver+1"],"picked":"Dodge and Roll+1","floor":20},{"not_picked":["Distraction","Cloak And Dagger+1"],"picked":"Acrobatics","floor":22},{"not_picked":["Blade Dance","Bane"],"picked":"Leg Sweep","floor":24},{"not_picked":["Bane","Leg Sweep"],"picked":"Expertise+1","floor":31},{"not_picked":["Doppelganger","Wraith Form v2+1"],"picked":"Envenom+1","floor":33},{"not_picked":["Acrobatics+1","Dodge and Roll"],"picked":"Bouncing Flask","floor":35},{"not_picked":["Deadly Poison","Quick Slash","Finisher+1"],"picked":"SKIP","floor":38},{"not_picked":["Deflect+1","Escape Plan+1"],"picked":"Poisoned Stab","floor":41}],"player_experience":301519,"relics_obtained":[{"floor":7,"key":"Frozen Egg 2"},{"floor":9,"key":"Lantern"},{"floor":12,"key":"Omamori"},{"floor":24,"key":"Vajra"},{"floor":26,"key":"Darkstone Periapt"},{"floor":27,"key":"Dodecahedron"}],"event_choices":[{"damage_healed":0,"gold_gain":0,"player_choice":"Ignored","damage_taken":0,"max_hp_gain":0,"max_hp_loss":0,"event_name":"Golden Wing","floor":5,"gold_loss":0},{"damage_healed":0,"gold_gain":0,"player_choice":"Simplicity","damage_taken":0,"max_hp_gain":0,"max_hp_loss":0,"event_name":"Back to Basics","floor":19,"gold_loss":0,"cards_upgraded":["Defend_G","Defend_G","Defend_G","Defend_G","Defend_G","Strike_G","Strike_G","Strike_G","Strike_G","Strike_G"]},{"damage_healed":0,"gold_gain":0,"player_choice":"Read","damage_taken":0,"max_hp_gain":0,"max_hp_loss":0,"event_name":"The Library","floor":28,"gold_loss":0,"cards_obtained":["Night Terror"]},{"damage_healed":0,"gold_gain":0,"player_choice":"CARD ","damage_taken":12,"max_hp_gain":0,"max_hp_loss":0,"event_name":"Knowing Skull","floor":30,"potions_obtained":[],"gold_loss":0,"cards_obtained":["Discovery"]},{"damage_healed":16,"gold_gain":0,"player_choice":"Writhe","damage_taken":0,"max_hp_gain":0,"max_hp_loss":0,"event_name":"Winding Halls","floor":36,"gold_loss":0,"cards_obtained":["Writhe"]},{"cards_removed":["Well Laid Plans"],"damage_healed":0,"gold_gain":0,"player_choice":"Removed Power","damage_taken":0,"max_hp_gain":0,"max_hp_loss":0,"event_name":"Falling","floor":37,"gold_loss":0}],"is_beta":false,"boss_relics":[{"not_picked":["Tiny House","Eternal Feather"],"picked":"Snecko Eye"},{"not_picked":["WristBlade","Ring of the Serpent"],"picked":"Fusion Hammer"}],"items_purged_floors":[],"is_endless":false,"potions_floor_spawned":[1,2,7,11,13,18,20,35],"killed_by":"Writhing Mass","ascension_level":0}