{"gold_per_floor":[110,122,136,155,86,86,105,105,158,158,177,177,177,196,196,299,299,312,169,15,15,35,35,66,66,66,66,66,66,66,80,80,180,180,195,47,0,0,10,10,42,42,67,67,85,85,112,127,127,127],"floor_reached":51,"playtime":2025,"items_purged":["Pain"],"score":837,"play_id":"afe5f742-ab2f-4798-b7c1-fdcd23ca621b","local_time":"20190224100740","is_ascension_mode":true,"campfire_choices":[{"data":"Bash","floor":6,"key":"SMITH"},{"data":"Body Slam","floor":8,"key":"SMITH"},{"data":"Cleave","floor":10,"key":"SMITH"},{"data":"Defend_R","floor":13,"key":"SMITH"},{"data":"Disarm","floor":15,"key":"SMITH"},{"floor":23,"key":"REST"},{"floor":25,"key":"REST"},{"floor":27,"key":"REST"},{"floor":29,"key":"RECALL"},{"floor":32,"key":"REST"},{"floor":40,"key":"REST"},{"floor":42,"key":"REST"},{"floor":46,"key":"REST"},{"floor":49,"key":"REST"}],"neow_cost":"PERCENT_DAMAGE","seed_source_timestamp":5648442520298,"circlet_count":0,"master_deck":["Strike_R","Strike_R","Strike_R+1","Strike_R","Defend_R","Defend_R","Defend_R","Defend_R+1","Bash+1","Cleave+1","Dropkick+1","Body Slam+1","Ghostly Armor","Disarm+1","Juggernaut","Shrug It Off","Armaments","Shrug It Off","Iron Wave","Uppercut","Juggernaut","Seeing Red","Metallicize","Rage+1","Pommel Strike"],"relics":["Burning Blood","Lantern","Fusion Hammer","Regal Pillow","Whetstone","Self Forming Clay","Bottled Tornado","WarpedTongs","Sozu","Red Mask","Smiling Mask","Centennial Puzzle","Pantograph"],"potions_floor_usage":[4,11,24,31,33,47],"damage_taken":[{"damage":0,"enemies":"2 Louse","floor":1,"turns":3},{"damage":1,"enemies":"Cultist","floor":2,"turns":3},{"damage":1,"enemies":"Small Slimes","floor":3,"turns":4},{"damage":0,"enemies":"3 Louse","floor":4,"turns":1},{"damage":2,"enemies":"Large Slime","floor":7,"turns":7},{"damage":0,"enemies":"Lots of Slimes","floor":11,"turns":2},{"damage":2,"enemies":"3 Louse","floor":14,"turns":3},{"damage":85,"enemies":"Slime Boss","floor":16,"turns":13},{"damage":22,"enemies":"2 Thieves","floor":18,"turns":4},{"damage":0,"enemies":"3 Byrds","floor":22,"turns":7},{"damage":22,"enemies":"Gremlin Leader","floor":24,"turns":8},{"damage":10,"enemies":"Centurion and Healer","floor":31,"turns":6},{"damage":31,"enemies":"Champ","floor":33,"turns":11},{"damage":3,"enemies":"Orb Walker","floor":35,"turns":4},{"damage":23,"enemies":"3 Darklings","floor":39,"turns":4},{"damage":47,"enemies":"Giant Head","floor":41,"turns":8},{"damage":13,"enemies":"Jaw Worm Horde","floor":45,"turns":3},{"damage":41,"enemies":"Reptomancer","floor":47,"turns":4},{"damage":9,"enemies":"Spire Growth","floor":48,"turns":4},{"damage":28,"enemies":"Awakened One","floor":50,"turns":11}],"seed_played":"-6415983635523133277","potions_obtained":[{"floor":2,"key":"Explosive Potion"},{"floor":3,"key":"Weak Potion"},{"floor":7,"key":"GamblersBrew"},{"floor":14,"key":"BloodPotion"},{"floor":22,"key":"Ancient Potion"},{"floor":24,"key":"SkillPotion"},{"floor":31,"key":"GamblersBrew"}],"is_trial":false,"path_per_floor":["M","M","M","M","$","R","M","R","T","R","M","?","R","M","R","B",null,"M","$","$","?","M","R","E","R","T","R","?","R","?","M","R","B",null,"M","$","?","?","M","R","E","R","T","?","M","R","E","M","R","B",null],"character_chosen":"IRONCLAD","items_purchased":["Ghostly Armor","Regal Pillow","Whetstone","Seeing Red"],"campfire_rested":8,"item_purchase_floors":[5,19,20,36],"current_hp_per_floor":[78,83,88,94,94,94,96,96,96,96,96,96,96,96,96,17,96,80,80,80,80,86,96,80,96,96,96,96,96,96,92,96,71,96,96,96,96,96,79,96,55,96,96,96,89,96,61,58,96,74],"gold":127,"neow_bonus":"TWENTY_PERCENT_HP_BONUS","is_prod":false,"is_daily":false,"chose_seed":false,"campfire_upgraded":5,"win_rate":0,"timestamp":1551024460,"path_taken":["M","M","M","M","$","R","M","R","T","R","M","?","R","?","R","BOSS","M","?","$","?","M","R","E","R","T","R","?","R","?","M","R","BOSS","M","?","?","?","M","R","E","R","T","?","M","R","E","?","R","BOSS"],"build_version":"2019-01-23","purchased_purges":1,"victory":true,"max_hp_per_floor":[96,96,96,96,96,96,96,96,96,96,96,96,96,96,96,96,96,96,96,96,96,96,96,96,96,96,96,96,96,96,96,96,96,96,96,96,96,96,96,96,96,96,96,96,96,96,96,96,96,96],"card_choices":[{"not_picked":["Seeing Red","Combust"],"picked":"Cleave","floor":1},{"not_picked":["Anger","Thunderclap"],"picked":"Carnage","floor":2},{"not_picked":["Thunderclap","Evolve"],"picked":"Dropkick","floor":3},{"not_picked":["Reckless Charge","Wild Strike"],"picked":"Body Slam","floor":4},{"not_picked":["Warcry","Ghostly Armor","Flame Barrier"],"picked":"SKIP","floor":7},{"not_picked":["Blood for Blood","Dropkick","Feel No Pain"],"picked":"SKIP","floor":11},{"not_picked":["Twin Strike","Flex"],"picked":"Disarm","floor":14},{"not_picked":["Bludgeon","Limit Break"],"picked":"Juggernaut","floor":16},{"not_picked":["Thunderclap+1","Feel No Pain"],"picked":"Shrug It Off","floor":18},{"not_picked":["Blood for Blood","Twin Strike"],"picked":"Shrug It Off","floor":22},{"not_picked":["Flex","Infernal Blade"],"picked":"Iron Wave","floor":24},{"not_picked":["Heavy Blade","Pummel"],"picked":"Uppercut","floor":31},{"not_picked":["Exhume","Reaper"],"picked":"Juggernaut","floor":33},{"not_picked":["Havoc","Searing Blow+1","Warcry"],"picked":"SKIP","floor":35},{"not_picked":["Anger","Rupture+1","Warcry"],"picked":"SKIP","floor":39},{"not_picked":["Power Through+1","True Grit"],"picked":"Metallicize","floor":41},{"not_picked":["Heavy Blade","Pommel Strike"],"picked":"Rage+1","floor":45},{"not_picked":["Whirlwind","Dropkick"],"picked":"Pommel Strike","floor":47},{"not_picked":["Hemokinesis+1","Clothesline","Seeing Red"],"picked":"SKIP","floor":48}],"player_experience":330557,"relics_obtained":[{"floor":9,"key":"Lantern"},{"floor":24,"key":"Self Forming Clay"},{"floor":26,"key":"Bottled Tornado"},{"floor":41,"key":"Smiling Mask"},{"floor":43,"key":"Centennial Puzzle"},{"floor":47,"key":"Pantograph"}],"event_choices":[{"cards_removed":["Carnage"],"damage_healed":0,"gold_gain":0,"player_choice":"Offered Uncommon","damage_taken":0,"max_hp_gain":0,"max_hp_loss":0,"event_name":"Bonfire Elementals","floor":12,"gold_loss":0},{"damage_healed":0,"gold_gain":0,"player_choice":"Read","damage_taken":0,"max_hp_gain":0,"max_hp_loss":0,"event_name":"The Library","floor":21,"gold_loss":0,"cards_obtained":["Armaments"]},{"damage_healed":0,"gold_gain":0,"player_choice":"Ignored","damage_taken":0,"max_hp_gain":0,"max_hp_loss":0,"event_name":"Vampires","floor":28,"gold_loss":0},{"damage_healed":0,"gold_gain":0,"player_choice":"Rummage","damage_taken":0,"relics_obtained":["WarpedTongs"],"max_hp_gain":0,"max_hp_loss":0,"event_name":"Accursed Blacksmith","floor":30,"gold_loss":0,"cards_obtained":["Pain"]},{"damage_healed":0,"gold_gain":0,"player_choice":"Paid","damage_taken":0,"relics_obtained":["Red Mask"],"max_hp_gain":0,"max_hp_loss":0,"event_name":"Tomb of Lord Red Mask","floor":37,"gold_loss":47},{"cards_removed":["Strike_R"],"damage_healed":0,"gold_gain":0,"player_choice":"Removed Attack","damage_taken":0,"max_hp_gain":0,"max_hp_loss":0,"event_name":"Falling","floor":38,"gold_loss":0},{"damage_healed":0,"gold_gain":0,"player_choice":"Ignored","damage_taken":0,"max_hp_gain":0,"max_hp_loss":0,"event_name":"SecretPortal","floor":44,"gold_loss":0}],"is_beta":false,"boss_relics":[{"not_picked":["Runic Dome","Black Star"],"picked":"Fusion Hammer"},{"not_picked":["Pandora\u0027s Box","Runic Pyramid"],"picked":"Sozu"}],"items_purged_floors":[36],"is_endless":false,"potions_floor_spawned":[2,3,7,14,22,24,31,35,39,47],"ascension_level":3}