{"gold_per_floor":[116,136,156,175,190,222,240,273,297,297,328,348,361,377,377,479,479,491,506,526,544,554,554,586,586,610,643,282,282,193,193,193,288,288,308,327,381,395,406,406,434,444,444,478,478,578,578],"floor_reached":47,"playtime":2630,"items_purged":["Strike_R","Strike_R"],"score":814,"play_id":"6ec288a3-88e9-47a4-8d7f-245d9b0160e8","local_time":"20181117212552","is_ascension_mode":true,"campfire_choices":[{"data":"Uppercut","floor":10,"key":"SMITH"},{"data":"Battle Trance","floor":15,"key":"SMITH"},{"data":"Blood for Blood","floor":23,"key":"SMITH"},{"data":"Pommel Strike","floor":25,"key":"SMITH"},{"floor":29,"key":"REST"},{"data":"Shrug It Off","floor":32,"key":"SMITH"},{"floor":40,"key":"REST"},{"data":"Evolve","floor":45,"key":"SMITH"}],"neow_cost":"NONE","seed_source_timestamp":181281354651278,"circlet_count":0,"master_deck":["Strike_R+1","Strike_R","Strike_R","Defend_R","Defend_R","Defend_R+1","Defend_R+1","Bash","Cleave","Pommel Strike+1","Twin Strike","Iron Wave+1","Uppercut+1","Reaper","Battle Trance+1","Shockwave+1","Blood for Blood+1","Shrug It Off+1","Inflame","Evolve+1","Ghostly Armor","Shrug It Off","Parasite","Flame Barrier+1"],"relics":["Burning Blood","Pen Nib","War Paint","Whetstone","Smiling Mask","Gambling Chip","Sozu","Regal Pillow","Red Skull","MawBank","Membership Card","PreservedInsect","Lizard Tail","Champion Belt","FossilizedHelix","Incense Burner","Potion Belt"],"potions_floor_usage":[6,8,8,11,16,24,27],"damage_taken":[{"damage":4,"enemies":"Cultist","floor":1,"turns":5},{"damage":5,"enemies":"2 Louse","floor":2,"turns":2},{"damage":0,"enemies":"Small Slimes","floor":3,"turns":3},{"damage":8,"enemies":"Red Slaver","floor":4,"turns":3},{"damage":14,"enemies":"Blue Slaver","floor":5,"turns":5},{"damage":15,"enemies":"3 Sentries","floor":6,"turns":6},{"damage":16,"enemies":"Large Slime","floor":7,"turns":7},{"damage":0,"enemies":"Lagavulin","floor":8,"turns":3},{"damage":10,"enemies":"Gremlin Nob","floor":11,"turns":4},{"damage":5,"enemies":"2 Fungi Beasts","floor":12,"turns":3},{"damage":6,"enemies":"Blue Slaver","floor":13,"turns":4},{"damage":10,"enemies":"Exordium Wildlife","floor":14,"turns":4},{"damage":52,"enemies":"Hexaghost","floor":16,"turns":9},{"damage":3,"enemies":"Shell Parasite","floor":18,"turns":3},{"damage":0,"enemies":"Chosen","floor":19,"turns":3},{"damage":16,"enemies":"Snecko","floor":20,"turns":5},{"damage":16,"enemies":"Chosen and Byrds","floor":21,"turns":6},{"damage":21,"enemies":"3 Cultists","floor":22,"turns":5},{"damage":27,"enemies":"Slavers","floor":24,"turns":5},{"damage":40,"enemies":"Book of Stabbing","floor":27,"turns":5},{"damage":49,"enemies":"Champ","floor":33,"turns":9},{"damage":18,"enemies":"Orb Walker","floor":35,"turns":4},{"damage":40,"enemies":"3 Shapes","floor":36,"turns":6},{"damage":44,"enemies":"2 Orb Walkers","floor":37,"turns":5},{"damage":14,"enemies":"Maw","floor":38,"turns":8},{"damage":30,"enemies":"Writhing Mass","floor":39,"turns":7},{"damage":0,"enemies":"Nemesis","floor":41,"turns":5},{"damage":25,"enemies":"4 Shapes","floor":42,"turns":7},{"damage":33,"enemies":"Reptomancer","floor":44,"turns":10},{"damage":63,"enemies":"Giant Head","floor":47,"turns":7}],"seed_played":"8907236410760771705","potions_obtained":[{"floor":1,"key":"Weak Potion"},{"floor":4,"key":"AttackPotion"},{"floor":5,"key":"Explosive Potion"},{"floor":6,"key":"SteroidPotion"},{"floor":13,"key":"PowerPotion"},{"floor":14,"key":"Regen Potion"},{"floor":16,"key":"EntropicBrew"}],"is_trial":false,"path_per_floor":["M","M","M","M","M","E","M","E","T","R","E","M","M","M","R","B",null,"M","M","M","M","M","R","E","R","T","E","$","R","$","?","R","B",null,"M","M","?","M","M","R","E","M","T","E","R","?","E"],"character_chosen":"IRONCLAD","items_purchased":["Membership Card","PreservedInsect","Shrug It Off","Inflame","Evolve"],"campfire_rested":2,"item_purchase_floors":[28,28,28,28,30],"current_hp_per_floor":[74,75,80,78,70,61,51,57,57,57,53,70,76,72,72,41,70,73,79,69,68,65,65,50,50,50,16,16,55,55,55,55,12,63,51,29,11,16,33,72,78,61,61,47,47,47,0],"gold":578,"neow_bonus":"RANDOM_COMMON_RELIC","is_prod":false,"is_daily":false,"chose_seed":false,"campfire_upgraded":6,"win_rate":0,"timestamp":1542486352,"path_taken":["M","M","?","M","M","E","M","E","T","R","E","M","M","M","R","BOSS","M","M","M","M","M","R","E","R","T","E","$","R","$","?","R","BOSS","M","M","?","M","M","R","E","M","T","E","R","?","E"],"build_version":"2018-11-15","purchased_purges":2,"victory":false,"max_hp_per_floor":[80,80,80,80,80,80,80,80,80,80,80,80,80,80,80,80,80,80,80,80,80,80,80,80,80,80,80,80,80,80,80,80,80,80,80,80,80,80,80,80,80,80,80,80,80,80,80],"card_choices":[{"not_picked":["Shrug It Off","True Grit"],"picked":"Cleave","floor":1},{"not_picked":["Havoc","Feel No Pain","Rage"],"picked":"SKIP","floor":2},{"not_picked":["Twin Strike","Body Slam"],"picked":"Pommel Strike","floor":3},{"not_picked":["Rampage","Thunderclap"],"picked":"Twin Strike","floor":4},{"not_picked":["Wild Strike","Cleave"],"picked":"Iron Wave","floor":5},{"not_picked":["Exhume","Carnage","Flex"],"picked":"SKIP","floor":6},{"not_picked":["Thunderclap","Cleave","Fire Breathing"],"picked":"SKIP","floor":7},{"not_picked":["Thunderclap","Inflame"],"picked":"Uppercut","floor":8},{"not_picked":["Pommel Strike","Fiend Fire"],"picked":"Reaper","floor":11},{"not_picked":["Thunderclap","Flex","Sword Boomerang"],"picked":"SKIP","floor":12},{"not_picked":["Perfected Strike","True Grit"],"picked":"Battle Trance","floor":13},{"not_picked":["Sword Boomerang","Flex","Wild Strike"],"picked":"SKIP","floor":14},{"not_picked":["Clothesline","Sword Boomerang","Heavy Blade+1"],"picked":"SKIP","floor":18},{"not_picked":["Heavy Blade","Iron Wave"],"picked":"Shockwave+1","floor":19},{"not_picked":["Pommel Strike","Fire Breathing","Sentinel+1"],"picked":"SKIP","floor":20},{"not_picked":["Wild Strike","Flex+1"],"picked":"Blood for Blood","floor":21},{"not_picked":["Rupture","Heavy Blade","Sever Soul"],"picked":"SKIP","floor":22},{"not_picked":["Dropkick","Flex","Double Tap"],"picked":"SKIP","floor":24},{"not_picked":["Twin Strike","Entrench","Flex+1"],"picked":"SKIP","floor":27},{"not_picked":["Dual Wield","Anger"],"picked":"Ghostly Armor","floor":35},{"not_picked":["Heavy Blade","Anger","Sever Soul+1"],"picked":"SKIP","floor":36},{"not_picked":["Anger+1","Hemokinesis+1"],"picked":"Shrug It Off","floor":38},{"not_picked":["Bloodletting+1","Inflame","Battle Trance+1"],"picked":"SKIP","floor":39},{"not_picked":["Bludgeon","Clothesline+1"],"picked":"Flame Barrier+1","floor":41},{"not_picked":["Infernal Blade+1","Battle Trance","Armaments"],"picked":"SKIP","floor":42},{"not_picked":["Clothesline+1","Perfected Strike+1","Pummel"],"picked":"SKIP","floor":44}],"player_experience":546883,"relics_obtained":[{"floor":6,"key":"War Paint"},{"floor":8,"key":"Whetstone"},{"floor":9,"key":"Smiling Mask"},{"floor":11,"key":"Gambling Chip"},{"floor":24,"key":"Regal Pillow"},{"floor":26,"key":"Red Skull"},{"floor":27,"key":"MawBank"},{"floor":37,"key":"Champion Belt"},{"floor":41,"key":"FossilizedHelix"},{"floor":43,"key":"Incense Burner"},{"floor":44,"key":"Potion Belt"}],"event_choices":[{"damage_healed":0,"gold_gain":0,"player_choice":"Ignored","damage_taken":0,"max_hp_gain":0,"max_hp_loss":0,"event_name":"Ghosts","floor":31,"gold_loss":0},{"damage_healed":0,"gold_gain":0,"player_choice":"Fight","damage_taken":0,"max_hp_gain":0,"max_hp_loss":0,"event_name":"Mysterious Sphere","floor":37,"gold_loss":0},{"damage_healed":0,"gold_gain":100,"player_choice":"Pray","damage_taken":0,"max_hp_gain":0,"max_hp_loss":0,"event_name":"Golden Shrine","floor":46,"gold_loss":0}],"is_beta":false,"boss_relics":[{"not_picked":["Orrery","Eternal Feather"],"picked":"Sozu"},{"not_picked":["Tiny House","Runic Dome"],"picked":"Lizard Tail"}],"items_purged_floors":[28,30],"is_endless":false,"potions_floor_spawned":[1,4,5,6,13,14,16,19,21,24,27,36,37,41,42],"killed_by":"Giant Head","ascension_level":7}