{"gold_per_floor":[114,114,114,114,129,159,174,189,189,189,189,189],"floor_reached":12,"playtime":3576,"items_purged":[],"score":78,"play_id":"aa274efa-121f-40e5-8dc3-17a31622ae77","local_time":"20180627141059","daily_mods":["Diverse","Elite Swarm","Night Terrors"],"is_ascension_mode":false,"campfire_choices":[{"data":"Genetic Algorithm","floor":10,"key":"SMITH"}],"neow_cost":"","seed_source_timestamp":391514287948256,"circlet_count":0,"master_deck":["Strike_B","Strike_B","Strike_B","Defend_B","Defend_B","Defend_B","Defend_B","Zap","Dualcast","Regret","Calculated Gamble","Genetic Algorithm+1","Berserk","Predator","Infinite Blades","Normality"],"special_seed":17709,"relics":["Cracked Core","Anchor","Pen Nib","Dodecahedron","Molten Egg 2"],"potions_floor_usage":[12,12],"damage_taken":[{"damage":1,"enemies":"Jaw Worm","floor":1,"turns":4},{"damage":2,"enemies":"2 Louse","floor":5,"turns":2},{"damage":54,"enemies":"Gremlin Nob","floor":6,"turns":5},{"damage":1,"enemies":"Small Slimes","floor":7,"turns":4},{"damage":1,"enemies":"Red Slaver","floor":8,"turns":3},{"damage":21,"enemies":"Lagavulin","floor":12,"turns":5}],"seed_played":"2115079789110549664","potions_obtained":[{"floor":6,"key":"Weak Potion"},{"floor":7,"key":"FearPotion"}],"is_trial":false,"path_per_floor":["M","?","?","?","M","E","M","M","T","R","?"],"character_chosen":"DEFECT","items_purchased":[],"campfire_rested":0,"item_purchase_floors":[],"current_hp_per_floor":[74,74,74,74,72,18,17,16,16,16,16,0],"gold":189,"neow_bonus":"","is_prod":false,"is_daily":true,"chose_seed":false,"campfire_upgraded":1,"win_rate":0,"timestamp":1530101459,"path_taken":["M","?","?","?","M","E","M","M","T","R","?","E"],"build_version":"2018-06-21v2","purchased_purges":0,"victory":false,"max_hp_per_floor":[75,75,75,75,75,75,75,75,75,75,75,75],"card_choices":[{"not_picked":["Body Slam","Steam","Redo"],"picked":"SKIP","floor":1},{"not_picked":["Warcry","Gash"],"picked":"Genetic Algorithm","floor":5},{"not_picked":["Glass Knife","Reaper"],"picked":"Berserk","floor":6},{"not_picked":["Turbo","Sweeping Beam"],"picked":"Predator","floor":7},{"not_picked":["Iron Wave","Rebound"],"picked":"Infinite Blades","floor":8}],"player_experience":437610,"relics_obtained":[{"floor":6,"key":"Pen Nib"},{"floor":9,"key":"Dodecahedron"}],"event_choices":[{"event_name":"Big Fish","player_choice":"Box","floor":2,"damage_taken":0},{"event_name":"Transmorgrifier","player_choice":"Transform","floor":3,"damage_taken":0},{"event_name":"The Woman in Blue","player_choice":"Bought 0 Potions","floor":4,"damage_taken":0},{"event_name":"Accursed Blacksmith","player_choice":"Rummage","floor":11,"damage_taken":0}],"boss_relics":[],"items_purged_floors":[],"is_endless":false,"potions_floor_spawned":[6,7],"killed_by":"Lagavulin","ascension_level":0}