{"gold_per_floor":[215,225,236,236,254,254,280,280,280,280,280,58,58,77,77,208,208,221,136,149,49,49,49,92,92,115,115,115,130,151,151,151,280,280,299,314,314,332,351,351],"floor_reached":40,"playtime":1796,"items_purged":["Strike_R","Strike_R"],"score":564,"play_id":"1d77107b-1747-4e56-be9b-ede3d5bd98df","local_time":"20180806025101","is_ascension_mode":true,"campfire_choices":[{"data":"True Grit","floor":6,"key":"SMITH"},{"data":"Shrug It Off","floor":8,"key":"SMITH"},{"data":"Demon Form","floor":10,"key":"SMITH"},{"data":"Juggernaut","floor":13,"key":"SMITH"},{"data":"Metallicize","floor":15,"key":"SMITH"},{"data":"Iron Wave","floor":23,"key":"SMITH"},{"data":"Juggernaut","floor":25,"key":"SMITH"},{"data":"Heavy Blade","floor":28,"key":"SMITH"},{"floor":32,"key":"REST"}],"neow_cost":"NONE","seed_source_timestamp":367907021619443,"circlet_count":0,"master_deck":["Defend_R","Defend_R","Bash","Twin Strike","Demon Form+1","True Grit+1","Shrug It Off+1","Juggernaut+1","Metallicize+1","Juggernaut+1","Battle Trance+1","Searing Blow+1","Exhume+1","Iron Wave+1","Iron Wave+1","Heavy Blade+1","Whirlwind","Iron Wave+1","Heavy Blade","Body Slam+1"],"relics":["Burning Blood","Oddly Smooth Stone","Strawberry","Meat on the Bone","Golden Idol","Orichalcum","Astrolabe","Pear","Bottled Tornado","Vajra","Potion Belt","Velvet Choker"],"potions_floor_usage":[16,24,24,24,39],"damage_taken":[{"damage":11,"enemies":"Cultist","floor":1,"turns":4},{"damage":7,"enemies":"Jaw Worm","floor":2,"turns":3},{"damage":15,"enemies":"2 Louse","floor":3,"turns":2},{"damage":12,"enemies":"2 Fungi Beasts","floor":5,"turns":4},{"damage":21,"enemies":"3 Sentries","floor":7,"turns":8},{"damage":2,"enemies":"Red Slaver","floor":14,"turns":4},{"damage":26,"enemies":"The Guardian","floor":16,"turns":11},{"damage":2,"enemies":"Shell Parasite","floor":18,"turns":6},{"damage":52,"enemies":"3 Byrds","floor":20,"turns":6},{"damage":26,"enemies":"Slavers","floor":24,"turns":6},{"damage":28,"enemies":"3 Cultists","floor":29,"turns":6},{"damage":15,"enemies":"Snecko","floor":30,"turns":4},{"damage":57,"enemies":"Collector","floor":33,"turns":8},{"damage":52,"enemies":"3 Darklings","floor":35,"turns":5},{"damage":2,"enemies":"Flame Bruiser 1 Orb","floor":36,"turns":7},{"damage":14,"enemies":"3 Darklings","floor":38,"turns":4},{"damage":36,"enemies":"Transient","floor":39,"turns":5},{"damage":73,"enemies":"Nemesis","floor":40,"turns":6}],"seed_played":"7955001363181675848","potions_obtained":[{"floor":2,"key":"Energy Potion"},{"floor":5,"key":"GamblersBrew"},{"floor":7,"key":"Explosive Potion"},{"floor":20,"key":"Poison Potion"},{"floor":30,"key":"SpeedPotion"},{"floor":33,"key":"Poison Potion"},{"floor":38,"key":"Strength Potion"}],"is_trial":false,"path_per_floor":["M","M","M","T","M","R","E","R","T","R","?","$","R","M","R","B",null,"M","?","M","$","?","R","E","R","T","?","R","M","M","?","R","B",null,"M","M","?","M","M"],"character_chosen":"IRONCLAD","items_purchased":["Orichalcum"],"campfire_rested":1,"item_purchase_floors":[12],"current_hp_per_floor":[75,74,65,65,59,59,51,51,51,51,30,30,30,46,46,38,75,79,89,55,55,55,55,47,47,47,47,47,37,40,40,69,30,80,46,62,62,66,48,0],"gold":351,"neow_bonus":"HUNDRED_GOLD","is_prod":false,"is_daily":false,"chose_seed":false,"campfire_upgraded":8,"win_rate":0,"timestamp":1533516661,"path_taken":["M","M","?","?","M","R","E","R","T","R","?","$","R","?","R","BOSS","M","?","M","$","?","R","E","R","T","?","R","M","?","?","R","BOSS","M","M","?","M","M","E"],"build_version":"2018-08-02","purchased_purges":2,"victory":false,"max_hp_per_floor":[80,80,80,80,80,80,87,87,87,87,87,87,87,87,87,87,87,87,97,97,97,97,97,97,97,97,97,97,97,97,97,97,97,97,97,97,97,97,97,97],"card_choices":[{"not_picked":["Havoc","Armaments"],"picked":"Twin Strike","floor":1},{"not_picked":["Carnage","Rage"],"picked":"Demon Form","floor":2},{"not_picked":["Cleave","Rupture"],"picked":"True Grit","floor":3},{"not_picked":["Burning Pact","Wild Strike"],"picked":"Shrug It Off","floor":5},{"not_picked":["Anger","Wild Strike"],"picked":"Juggernaut","floor":7},{"not_picked":["Seeing Red","True Grit"],"picked":"Metallicize","floor":14},{"not_picked":["Immolate","Brutality"],"picked":"Juggernaut","floor":16},{"not_picked":["Thunderclap","Power Through"],"picked":"Iron Wave","floor":18},{"not_picked":["Searing Blow+1","Warcry","Body Slam"],"picked":"SKIP","floor":20},{"not_picked":["Anger","Clash"],"picked":"Iron Wave+1","floor":24},{"not_picked":["Twin Strike","Metallicize"],"picked":"Whirlwind","floor":29},{"not_picked":["Thunderclap+1","Havoc","Pommel Strike+1"],"picked":"SKIP","floor":30},{"not_picked":["Carnage","Armaments+1"],"picked":"Iron Wave+1","floor":35},{"not_picked":["Headbutt+1","Havoc+1","Flex+1"],"picked":"SKIP","floor":36},{"not_picked":["Corruption+1","Warcry","Wild Strike"],"picked":"SKIP","floor":38},{"not_picked":["Flame Barrier+1","Havoc+1"],"picked":"Body Slam+1","floor":39}],"player_experience":500923,"relics_obtained":[{"floor":4,"key":"Oddly Smooth Stone"},{"floor":7,"key":"Strawberry"},{"floor":9,"key":"Meat on the Bone"},{"floor":24,"key":"Bottled Tornado"},{"floor":26,"key":"Vajra"}],"event_choices":[{"event_name":"Golden Idol","player_choice":"Take Damage","floor":11,"damage_taken":0},{"event_name":"Addict","player_choice":"Obtained Relic","floor":19,"damage_taken":0},{"event_name":"Back to Basics","player_choice":"Elegance","floor":22,"damage_taken":0},{"event_name":"The Library","player_choice":"Read","floor":27,"damage_taken":0},{"event_name":"The Mausoleum","player_choice":"Yes","floor":31,"damage_taken":0},{"event_name":"Transmorgrifier","player_choice":"Transform","floor":37,"damage_taken":0}],"is_beta":false,"boss_relics":[{"not_picked":["Coffee Dripper","Calling Bell"],"picked":"Astrolabe"},{"not_picked":["Eternal Feather","Black Blood"],"picked":"Velvet Choker"}],"items_purged_floors":[12,21],"is_endless":false,"potions_floor_spawned":[2,5,7,20,30,33,38],"killed_by":"Nemesis","ascension_level":5}