{"gold_per_floor":[111,111,34,34,49,49,63,83,83,83,99,116,32,50,50,151,151,169,180,180,199,52,52,52],"floor_reached":24,"playtime":825,"items_purged":[],"score":190,"play_id":"1daa955b-8feb-416b-a53c-a40e30eeccc1","local_time":"20190215174705","is_ascension_mode":false,"campfire_choices":[{"data":"Loop","floor":6,"key":"SMITH"},{"data":"Ball Lightning","floor":10,"key":"SMITH"},{"floor":15,"key":"REST"},{"floor":23,"key":"REST"}],"neow_cost":"NONE","seed_source_timestamp":20264697321784,"circlet_count":0,"master_deck":["Strike_B","Strike_B","Strike_B","Strike_B","Defend_B+1","Defend_B","Defend_B+1","Defend_B","Zap","Dualcast","Recycle","Melter","Ball Lightning+1","Zap","Loop+1","Lockon","Melter","Genetic Algorithm","Lockon","Defragment","Redo","Conserve Battery","Buffer+1","Steam Power+1","Hologram","Aggregate","Loop","Leap","Steam"],"relics":["Cracked Core","Vajra","Eternal Feather"],"potions_floor_usage":[12,16,18,24],"damage_taken":[{"damage":1,"enemies":"2 Louse","floor":1,"turns":4},{"damage":0,"enemies":"Cultist","floor":5,"turns":3},{"damage":0,"enemies":"Jaw Worm","floor":7,"turns":3},{"damage":13,"enemies":"Red Slaver","floor":8,"turns":3},{"damage":10,"enemies":"Looter","floor":11,"turns":2},{"damage":5,"enemies":"2 Fungi Beasts","floor":12,"turns":3},{"damage":3,"enemies":"Exordium Thugs","floor":14,"turns":4},{"damage":46,"enemies":"Hexaghost","floor":16,"turns":6},{"damage":12,"enemies":"2 Thieves","floor":18,"turns":4},{"damage":39,"enemies":"3 Byrds","floor":19,"turns":4},{"damage":33,"enemies":"Snake Plant","floor":21,"turns":5},{"damage":46,"enemies":"Book of Stabbing","floor":24,"turns":7}],"seed_played":"-8040308243023748864","potions_obtained":[{"floor":8,"key":"Poison Potion"},{"floor":12,"key":"Fruit Juice"},{"floor":16,"key":"Fire Potion"},{"floor":21,"key":"GamblersBrew"}],"is_trial":false,"path_per_floor":["M","?","$","?","M","R","M","M","T","R","M","M","$","M","R","B",null,"M","M","?","M","$","R","E"],"character_chosen":"DEFECT","items_purchased":["Melter","Defragment","Redo","Loop","Leap","Steam"],"campfire_rested":2,"item_purchase_floors":[3,13,13,22,22,22],"current_hp_per_floor":[81,65,65,65,65,65,65,52,52,52,42,42,42,39,65,19,87,75,36,36,3,3,44,0],"gold":52,"neow_bonus":"TEN_PERCENT_HP_BONUS","is_prod":false,"is_daily":false,"chose_seed":false,"campfire_upgraded":2,"win_rate":0,"timestamp":1550274425,"path_taken":["M","?","$","?","M","R","?","M","T","R","M","M","$","M","R","BOSS","M","M","?","M","$","R","E"],"build_version":"2019-01-23","purchased_purges":0,"victory":false,"max_hp_per_floor":[82,82,82,82,82,82,82,82,82,82,82,87,87,87,87,87,87,87,87,87,87,87,87,87],"card_choices":[{"not_picked":["Streamline","Stack"],"picked":"Recycle","floor":1},{"not_picked":["Ball Lightning","Recycle"],"picked":"Loop","floor":5},{"not_picked":["Reprogram","Barrage"],"picked":"Lockon","floor":7},{"not_picked":["Gash","FTL"],"picked":"Melter","floor":8},{"not_picked":["Cold Snap","Stack"],"picked":"Genetic Algorithm","floor":11},{"not_picked":["Consume","Recycle"],"picked":"Lockon","floor":12},{"not_picked":["Cold Snap","Go for the Eyes"],"picked":"Conserve Battery","floor":14},{"not_picked":["Core Surge","All For One"],"picked":"Buffer","floor":16},{"not_picked":["Conserve Battery","Streamline+1"],"picked":"Steam Power+1","floor":18},{"not_picked":["Coolheaded","Go for the Eyes"],"picked":"Hologram","floor":19},{"not_picked":["Turbo","Blizzard+1"],"picked":"Aggregate","floor":21}],"player_experience":146703,"relics_obtained":[{"floor":9,"key":"Vajra"}],"event_choices":[{"damage_healed":0,"gold_gain":0,"player_choice":"Entered Light","damage_taken":16,"max_hp_gain":0,"max_hp_loss":0,"event_name":"Shining Light","floor":2,"gold_loss":0,"cards_upgraded":["Defend_B","Defend_B"]},{"damage_healed":0,"gold_gain":0,"player_choice":"2 cards matched","damage_taken":0,"max_hp_gain":0,"max_hp_loss":0,"event_name":"Match and Keep!","floor":4,"gold_loss":0,"cards_obtained":["Ball Lightning","Zap"]},{"damage_healed":0,"gold_gain":0,"player_choice":"2 cards matched","damage_taken":0,"max_hp_gain":0,"max_hp_loss":0,"event_name":"Match and Keep!","floor":4,"gold_loss":0,"cards_obtained":["Ball Lightning","Zap"]},{"damage_healed":0,"gold_gain":0,"player_choice":"Forge","damage_taken":0,"max_hp_gain":0,"max_hp_loss":0,"event_name":"Accursed Blacksmith","floor":20,"gold_loss":0,"cards_upgraded":["Buffer"]}],"is_beta":false,"boss_relics":[{"not_picked":["Ectoplasm","Fusion Hammer"],"picked":"Eternal Feather"}],"items_purged_floors":[],"is_endless":false,"potions_floor_spawned":[8,12,16,21],"killed_by":"Book of Stabbing","ascension_level":0}