{"gold_per_floor":[119,138,152,152,164,198,198,228,273,273,304,317,334,334],"floor_reached":14,"playtime":727,"items_purged":[],"score":168,"play_id":"62cf0665-86e2-4c5c-a9ab-48d1f9d1e584","local_time":"20190127190937","is_ascension_mode":true,"campfire_choices":[{"data":"Rebound","floor":7.0,"key":"SMITH"},{"floor":10.0,"key":"REST"}],"neow_cost":"NONE","seed_source_timestamp":0,"circlet_count":0,"master_deck":["AscendersBane","Strike_B","Strike_B","Strike_B","Defend_B","Defend_B","Defend_B","Defend_B","Zap","Dualcast","White Noise","Genetic Algorithm","Chill","Rebound+1","Core Surge","Conserve Battery","Chill","Cold Snap"],"special_seed":0,"relics":["Cracked Core","Nunchaku","Dodecahedron","Oddly Smooth Stone","Ancient Tea Set"],"potions_floor_usage":[11],"damage_taken":[{"damage":6.0,"enemies":"Jaw Worm","floor":1.0,"turns":4.0},{"damage":13.0,"enemies":"Small Slimes","floor":2.0,"turns":6.0},{"damage":0.0,"enemies":"Cultist","floor":3.0,"turns":4.0},{"damage":20.0,"enemies":"Lots of Slimes","floor":5.0,"turns":5.0},{"damage":16.0,"enemies":"Lagavulin","floor":6.0,"turns":7.0},{"damage":23.0,"enemies":"3 Sentries","floor":8.0,"turns":9.0},{"damage":18,"enemies":"Lagavulin","floor":11,"turns":7},{"damage":9,"enemies":"Looter","floor":12,"turns":3},{"damage":6,"enemies":"Large Slime","floor":13,"turns":8},{"damage":1,"enemies":"Gremlin Gang","floor":14,"turns":3}],"seed_played":"-3904495804242719085","potions_obtained":[{"floor":1.0,"key":"Regen Potion"},{"floor":6.0,"key":"Poison Potion"}],"is_trial":false,"path_per_floor":["M","M","M","?","M","E","R","E","T","R","E","M","M","M"],"character_chosen":"DEFECT","items_purchased":[],"campfire_rested":1,"item_purchase_floors":[],"current_hp_per_floor":[62,49,49,54,34,33,33,10,10,34,16,7,1,0],"gold":334,"neow_bonus":"TRANSFORM_CARD","is_prod":false,"is_daily":false,"chose_seed":false,"campfire_upgraded":1,"win_rate":0,"timestamp":1548612577,"path_taken":["M","M","M","?","M","E","R","E","T","R","E","M","M","M"],"build_version":"2019-01-23","purchased_purges":0,"victory":false,"max_hp_per_floor":[75,75,75,80,80,80,80,80,80,80,80,80,80,80],"card_choices":[{"not_picked":["Rebound","Ball Lightning"],"picked":"Genetic Algorithm","floor":1.0},{"not_picked":["Redo","Hologram"],"picked":"Chill","floor":2.0},{"not_picked":["Beam Cell","Streamline"],"picked":"Rebound","floor":3.0},{"not_picked":["Go for the Eyes","Streamline"],"picked":"Core Surge","floor":5.0},{"not_picked":["Gash","Multi-Cast","Go for the Eyes"],"picked":"SKIP","floor":6.0},{"not_picked":["Sweeping Beam","Gash"],"picked":"Conserve Battery","floor":8.0},{"not_picked":["Conserve Battery","Hologram"],"picked":"Chill","floor":11},{"not_picked":["Double Energy","Hologram","Conserve Battery"],"picked":"SKIP","floor":12},{"not_picked":["Reprogram","Double Energy"],"picked":"Cold Snap","floor":13}],"player_experience":699442,"relics_obtained":[{"floor":6.0,"key":"Nunchaku"},{"floor":8.0,"key":"Dodecahedron"},{"floor":9.0,"key":"Oddly Smooth Stone"},{"floor":11,"key":"Ancient Tea Set"}],"event_choices":[{"damage_healed":0.0,"max_hp_gain":5.0,"max_hp_loss":0.0,"gold_gain":0.0,"event_name":"Big Fish","player_choice":"Donut","floor":4.0,"gold_loss":0.0,"damage_taken":0.0}],"is_beta":false,"boss_relics":[],"items_purged_floors":[],"is_endless":false,"potions_floor_spawned":[1,6],"killed_by":"Gremlin Gang","ascension_level":10}