{"path_per_floor":["M","M","?","?","M","E","M","R","T","T","M","?","R","M","R","B",null,"M","$","?","$","M","R","E"],"character_chosen":"THE_SILENT","items_purchased":["Mercury Hourglass"],"gold_per_floor":[117,130,80,80,92,126,138,138,138,217,235,235,235,255,255,354,354,366,31,31,31,45,45,71],"floor_reached":25,"campfire_rested":1,"playtime":2237,"current_hp_per_floor":[69,62,62,62,57,32,28,28,28,28,28,28,28,28,28,8,70,52,52,39,39,17,39,19],"items_purged":["Pain"],"gold":71,"score":221,"play_id":"f86ad616-3b0d-4579-be2f-7993ddd1488e","is_prod":false,"is_daily":false,"is_ascension_mode":false,"campfire_upgraded":3,"path_taken":["M","?","?","?","?","E","M","R","T","?","M","?","R","M","R","BOSS","M","$","?","?","?","R","E","M"],"build_version":"2018-02-15-PROD1","purchased_purges":1,"victory":false,"master_deck":["Defend_G","Defend_G","Defend_G","Defend_G","Strike_G","Strike_G","Strike_G","Survivor","Neutralize","Crippling Poison+1","Dagger Throw","Noxious Fumes+1","Tools of the Trade","All Out Attack","Calculated Gamble","Backflip","Deadly Poison+1","Venomology","Normality","Normality","Well Laid Plans","Poisoned Stab","Poisoned Stab"],"max_hp_per_floor":[70,70,70,70,70,70,70,70,70,70,70,70,70,70,70,70,70,70,70,75,75,75,75,75],"relics":["Question Card","Du-Vu Doll","Centennial Puzzle","Bottled Tornado","Calling Bell","Dead Branch","Bag of Preparation","Snake Skull","Mercury Hourglass","Bottled Lightning"],"card_choices":[{"not_picked":["Dagger Throw","Acrobatics","Poisoned Stab"],"picked":"Crippling Poison"},{"not_picked":["Dagger Spray","Slice","Prepared"],"picked":"Dagger Throw"},{"not_picked":["Dagger Throw","Prepared","Backstab"],"picked":"Noxious Fumes"},{"not_picked":["Skewer","Escape Plan","Blur"],"picked":"Tools of the Trade"},{"not_picked":["Acrobatics","Heel Hook","Deflect"],"picked":"All Out Attack"},{"not_picked":["Dagger Spray","Blade Dance","Expertise"],"picked":"Calculated Gamble"},{"not_picked":["Terror","Deflect","Quick Slash"],"picked":"Deadly Poison"},{"not_picked":["Die Die Die","Glass Knife","Adrenaline"],"picked":"Venomology"},{"not_picked":["PiercingWail","Outmaneuver","Dodge and Roll"],"picked":"Well Laid Plans"},{"not_picked":["Deflect","Dagger Spray","Skewer"],"picked":"Poisoned Stab"},{"not_picked":["Riddle With Holes","Acrobatics","Outmaneuver"],"picked":"Poisoned Stab"}],"player_experience":133418,"potions_floor_usage":[7,16,22,24,24,25,25,25],"damage_taken":[{"damage":1,"enemies":"Cultist","floor":1,"turns":7},{"damage":7,"enemies":"Small Slimes","floor":2,"turns":7},{"damage":5,"enemies":"Jaw Worm","floor":5,"turns":5},{"damage":25,"enemies":"3 Sentries","floor":6,"turns":10},{"damage":4,"enemies":"Gremlin Gang","floor":7,"turns":6},{"damage":0,"enemies":"Large Slime","floor":11,"turns":4},{"damage":0,"enemies":"Exordium Wildlife","floor":14,"turns":4},{"damage":20,"enemies":"Slime Boss","floor":16,"turns":11},{"damage":18,"enemies":"Spheric Guardian","floor":18,"turns":5},{"damage":22,"enemies":"2 Thieves","floor":22,"turns":3},{"damage":20,"enemies":"Book of Stabbing","floor":24,"turns":7},{"damage":24,"enemies":"Cultist and Chosen","floor":25,"turns":3}],"event_choices":[{"event_name":"The Cleric","player_choice":"Card Removal","floor":3,"damage_taken":0},{"event_name":"Bonfire Elementals","player_choice":"BASIC","floor":4,"damage_taken":0},{"event_name":"Transmorgrifier","player_choice":"Transform","floor":12,"damage_taken":0},{"event_name":"Forgotten Altar","player_choice":"Shed Blood","floor":20,"damage_taken":0}],"boss_relics":[{"not_picked":["Snecko Eye","Runic Pyramid"],"picked":"Calling Bell"}],"potions_floor_spawned":[6,14,18,22],"seed_played":"4724656141741378463","killed_by":"Cultist and Chosen","ascension_level":0,"is_trial":false}