{"path_per_floor":["M","?","?","M","?","E","R","E","T","M","R","E","?","T","R","B",null,"M","?","$","?","M","E","R","E","T","R","?","M","M","M","R","B",null,"M","M","?","?","?","R","E","M","T","$","E","R","$","M","R","B"],"character_chosen":"DEFECT","items_purchased":["Cold Snap","White Noise","Lantern","Mind Blast","Master of Strategy","Creative AI","Pantograph","Fruit Juice","GamblersBrew"],"gold_per_floor":[110,110,110,125,125,153,153,187,187,197,197,231,289,289,289,385,685,696,696,570,820,830,860,860,885,885,885,810,828,840,850,850,949,949,962,980,980,980,980,980,1005,1022,1022,9,38,38,38,54,54,54],"floor_reached":51,"campfire_rested":4,"playtime":3543,"item_purchase_floors":[20,20,44,44,44,44,44,44,44],"current_hp_per_floor":[75,60,60,60,53,42,42,26,26,17,39,35,35,35,57,43,93,78,78,78,84,75,19,48,34,34,63,63,74,88,94,94,79,99,62,69,59,109,109,109,112,96,96,96,103,103,103,107,107,103],"items_purged":["Strike_B"],"gold":54,"score":932,"play_id":"5d6db8bd-e55d-4f9b-a281-0e2bc3874fce","local_time":"20180610181531","is_prod":false,"is_daily":false,"chose_seed":false,"is_ascension_mode":true,"campfire_upgraded":5,"win_rate":0,"timestamp":1528668931,"campfire_choices":[{"data":"Zap","floor":7,"key":"SMITH"},{"floor":11,"key":"REST"},{"floor":15,"key":"REST"},{"floor":24,"key":"REST"},{"floor":27,"key":"REST"},{"data":"Defragment","floor":32,"key":"SMITH"},{"data":"Enlightenment","floor":40,"key":"SMITH"},{"data":"Mind Blast","floor":46,"key":"SMITH"},{"data":"Creative AI","floor":49,"key":"SMITH"}],"path_taken":["M","?","?","M","?","E","R","E","T","M","R","E","?","?","R","BOSS","M","?","$","?","M","E","R","E","T","R","?","M","M","M","R","BOSS","M","M","?","?","?","R","E","M","T","$","E","R","$","M","R","BOSS"],"build_version":"2018-06-08","seed_source_timestamp":63849173824995,"purchased_purges":1,"victory":true,"master_deck":["Defend_B","Defend_B+1","Defend_B+1","Defend_B","Zap+1","Dualcast+1","Seek+1","Streamline+1","Hologram","Defragment+1","Self Repair","White Noise","Rebound","Amplify","Steam","Cold Snap","White Noise","Glacier+1","Hologram+1","Reboot","Fusion","Stack","Defragment+1","Stack+1","Hyperbeam+1","Conserve Battery+1","Coolheaded","Enlightenment+1","Secret Weapon","Panache","Cold Snap+1","Mind Blast+1","Master of Strategy","Creative AI+1","Cold Snap+1"],"max_hp_per_floor":[75,75,75,75,75,75,75,75,75,75,75,75,75,75,75,75,93,93,93,93,99,99,99,99,99,99,99,99,99,99,99,99,99,99,99,99,99,109,109,109,119,119,119,119,119,119,119,119,119,124],"relics":["Cracked Core","Darkstone Periapt","Letter Opener","Sundial","War Paint","Emotion Chip","Gambling Chip","Calling Bell","Art of War","Gremlin Horn","Old Coin","Thread and Needle","Juzu Bracelet","Meat on the Bone","Astrolabe","Pear","Bag of Preparation","Lantern","Pantograph","Mercury Hourglass"],"card_choices":[{"not_picked":["Loop","Gash"],"picked":"Streamline","floor":1},{"not_picked":["Coolheaded","Recycle"],"picked":"Hologram","floor":4},{"not_picked":["Cold Snap","Machine Learning"],"picked":"Defragment","floor":6},{"not_picked":["Force Field","Rebound"],"picked":"Self Repair","floor":8},{"not_picked":["Static Discharge","Conserve Battery"],"picked":"White Noise","floor":10},{"not_picked":["Barrage","Compile Driver"],"picked":"Rebound","floor":12},{"not_picked":["Rainbow","Biased Cognition"],"picked":"Amplify","floor":16},{"not_picked":["Static Discharge","Gash"],"picked":"Steam","floor":18},{"not_picked":["Beam Cell","Darkness"],"picked":"Glacier+1","floor":22},{"not_picked":["Chaos","Go for the Eyes"],"picked":"Hologram+1","floor":23},{"not_picked":["Ball Lightning","Streamline"],"picked":"Reboot","floor":25},{"not_picked":["Force Field","Rebound"],"picked":"Fusion","floor":29},{"not_picked":["Streamline","Static Discharge"],"picked":"Stack","floor":30},{"not_picked":["Lockon","Turbo","Redo"],"picked":"SKIP","floor":31},{"not_picked":["Thunder Strike","Multi-Cast"],"picked":"Core Surge","floor":33},{"not_picked":["Hologram","Aggregate"],"picked":"Conserve Battery+1","floor":35},{"not_picked":["Tempest","Rip and Tear+1"],"picked":"Coolheaded","floor":36},{"not_picked":["Swift Strike","Dark Shackles"],"picked":"Enlightenment","floor":37},{"not_picked":["Flash of Steel","Dramatic Entrance"],"picked":"Secret Weapon","floor":37},{"not_picked":["Purity","Trip"],"picked":"Panache","floor":37},{"not_picked":["Auto Shields","Sweeping Beam"],"picked":"Cold Snap+1","floor":41},{"not_picked":["Lockon+1","Coolheaded","Fusion"],"picked":"SKIP","floor":42},{"not_picked":["Streamline","Rebound","Turbo+1"],"picked":"SKIP","floor":45},{"not_picked":["Rainbow","Gash"],"picked":"Cold Snap+1","floor":48}],"player_experience":273318,"potions_floor_usage":[6,25,29,33,36,50,50],"damage_taken":[{"damage":0,"enemies":"2 Louse","floor":1,"turns":1},{"damage":0,"enemies":"Cultist","floor":4,"turns":2},{"damage":11,"enemies":"Gremlin Nob","floor":6,"turns":3},{"damage":16,"enemies":"Lagavulin","floor":8,"turns":6},{"damage":16,"enemies":"Jaw Worm","floor":10,"turns":4},{"damage":11,"enemies":"3 Sentries","floor":12,"turns":6},{"damage":21,"enemies":"The Guardian","floor":16,"turns":8},{"damage":15,"enemies":"3 Byrds","floor":18,"turns":2},{"damage":16,"enemies":"2 Thieves","floor":22,"turns":4},{"damage":56,"enemies":"Book of Stabbing","floor":23,"turns":6},{"damage":21,"enemies":"Gremlin Leader","floor":25,"turns":7},{"damage":3,"enemies":"Cultist and Chosen","floor":29,"turns":4},{"damage":0,"enemies":"Snecko","floor":30,"turns":7},{"damage":1,"enemies":"Snake Plant","floor":31,"turns":4},{"damage":22,"enemies":"Collector","floor":33,"turns":12},{"damage":37,"enemies":"3 Darklings","floor":35,"turns":3},{"damage":0,"enemies":"Flame Bruiser 1 Orb","floor":36,"turns":6},{"damage":28,"enemies":"2 Orb Walkers","floor":41,"turns":5},{"damage":23,"enemies":"4 Shapes","floor":42,"turns":4},{"damage":0,"enemies":"Giant Head","floor":45,"turns":7},{"damage":10,"enemies":"Maw","floor":48,"turns":8},{"damage":21,"enemies":"Donu and Deca","floor":50,"turns":5}],"relics_obtained":[{"floor":6,"key":"Letter Opener"},{"floor":8,"key":"Sundial"},{"floor":9,"key":"War Paint"},{"floor":12,"key":"Emotion Chip"},{"floor":14,"key":"Gambling Chip"},{"floor":17,"key":"Art of War"},{"floor":17,"key":"Gremlin Horn"},{"floor":17,"key":"Old Coin"},{"floor":23,"key":"Thread and Needle"},{"floor":25,"key":"Juzu Bracelet"},{"floor":26,"key":"Meat on the Bone"},{"floor":41,"key":"Pear"},{"floor":43,"key":"Bag of Preparation"},{"floor":45,"key":"Mercury Hourglass"}],"event_choices":[{"event_name":"Shining Light","player_choice":"Entered Light","floor":2,"damage_taken":0},{"event_name":"Upgrade Shrine","player_choice":"Upgraded","floor":3,"damage_taken":0},{"event_name":"Scrap Ooze","player_choice":"success","floor":5,"damage_taken":7},{"event_name":"Golden Wing","player_choice":"Gained Gold","floor":13,"damage_taken":0},{"event_name":"Fountain of Cleansing","player_choice":"Removed Curse","floor":19,"damage_taken":0},{"event_name":"Golden Shrine","player_choice":"Desecrate","floor":21,"damage_taken":0},{"event_name":"Beggar","player_choice":"Gave Gold","floor":28,"damage_taken":0},{"event_name":"SensoryStone","player_choice":"Memory 3","floor":37,"damage_taken":0},{"event_name":"Bonfire Elementals","player_choice":"RARE","floor":38,"damage_taken":0},{"event_name":"Tomb of Lord Red Mask","player_choice":"Ignored","floor":39,"damage_taken":0}],"boss_relics":[{"not_picked":["Velvet Choker","Inserter"],"picked":"Calling Bell"},{"not_picked":["Orrery","Snecko Eye"],"picked":"Astrolabe"}],"items_purged_floors":[44],"potions_floor_spawned":[1,23,25,30,35,41,48],"seed_played":"-5889998414790268065","ascension_level":2,"potions_obtained":[{"floor":1,"key":"Poison Potion"},{"floor":23,"key":"Explosive Potion"},{"floor":25,"key":"Energy Potion"},{"floor":30,"key":"Weak Potion"},{"floor":35,"key":"PowerPotion"},{"floor":41,"key":"Strength Potion"}],"is_trial":false}