{"path_per_floor":["M","M","?","M","?","E","M","?","T","$","R","M","E","?","R","B",null,"M","$","?","M","M"],"character_chosen":"IRONCLAD","items_purchased":["Ginger","Flame Barrier","Kunai"],"gold_per_floor":[116,131,131,147,322,354,368,368,368,67,67,84,112,212,212,309,309,320,3,3,17,31,31],"floor_reached":23,"campfire_rested":0,"playtime":1057,"item_purchase_floors":[10,19,19],"current_hp_per_floor":[80,80,73,73,73,49,50,50,50,50,50,47,33,33,33,20,80,58,58,58,39,16,0],"items_purged":[],"gold":31,"score":201,"play_id":"a5df064c-cdc7-418b-817e-04cb7affe24f","local_time":"20180526211952","is_prod":false,"is_daily":false,"chose_seed":false,"is_ascension_mode":false,"campfire_upgraded":2,"win_rate":0,"timestamp":1527362392,"campfire_choices":[{"data":"Limit Break","floor":11,"key":"SMITH"},{"data":"Ghostly Armor","floor":15,"key":"SMITH"}],"path_taken":["M","M","?","?","?","E","M","?","T","?","R","?","E","?","R","BOSS","M","?","?","?","?","E"],"build_version":"2018-05-24","seed_source_timestamp":18336520376043,"purchased_purges":0,"victory":false,"master_deck":["Strike_R","Strike_R","Strike_R","Strike_R","Defend_R","Defend_R","Defend_R","Defend_R","Bash","Limit Break+1","Whirlwind+1","Ghostly Armor+1","Doubt","Offering","Thunderclap","Berserk","Flame Barrier","Battle Trance","Blood for Blood+1"],"max_hp_per_floor":[80,80,80,80,80,80,80,80,80,80,80,80,80,80,80,80,80,80,80,80,80,80,80],"relics":["Burning Blood","Anchor","Vajra","Ginger","Matryoshka","Philosopher\u0027s Stone","Kunai"],"card_choices":[{"not_picked":["Havoc","Shrug It Off"],"picked":"Whirlwind","floor":1},{"not_picked":["Clothesline","Iron Wave"],"picked":"Ghostly Armor","floor":2},{"not_picked":["Anger","Body Slam","True Grit"],"picked":"SKIP","floor":4},{"not_picked":["Cleave","Hemokinesis","Clash"],"picked":"SKIP","floor":6},{"not_picked":["Feel No Pain","Searing Blow"],"picked":"Offering","floor":7},{"not_picked":["Clothesline","Wild Strike"],"picked":"Thunderclap","floor":12},{"not_picked":["Twin Strike","Headbutt","Cleave"],"picked":"SKIP","floor":13},{"not_picked":["Juggernaut","Double Tap"],"picked":"Berserk","floor":16},{"not_picked":["Headbutt","Warcry","Armaments"],"picked":"SKIP","floor":18},{"not_picked":["Power Through","Cleave"],"picked":"Battle Trance","floor":21},{"not_picked":["Feel No Pain","Body Slam"],"picked":"Blood for Blood+1","floor":22}],"player_experience":277936,"potions_floor_usage":[22],"damage_taken":[{"damage":4,"enemies":"Small Slimes","floor":1,"turns":5},{"damage":1,"enemies":"2 Louse","floor":2,"turns":3},{"damage":6,"enemies":"Jaw Worm","floor":4,"turns":3},{"damage":30,"enemies":"3 Sentries","floor":6,"turns":12},{"damage":5,"enemies":"Lots of Slimes","floor":7,"turns":4},{"damage":9,"enemies":"Blue Slaver","floor":12,"turns":6},{"damage":20,"enemies":"Gremlin Nob","floor":13,"turns":3},{"damage":19,"enemies":"Slime Boss","floor":16,"turns":8},{"damage":28,"enemies":"Shell Parasite","floor":18,"turns":6},{"damage":25,"enemies":"Spheric Guardian","floor":21,"turns":6},{"damage":29,"enemies":"Slaver and Parasite","floor":22,"turns":6},{"damage":22,"enemies":"Book of Stabbing","floor":23,"turns":4}],"relics_obtained":[{"floor":6,"key":"Anchor"},{"floor":9,"key":"Vajra"},{"floor":13,"key":"Matryoshka"}],"event_choices":[{"event_name":"Golden Wing","player_choice":"Card Removal","floor":3,"damage_taken":0},{"event_name":"Liars Game","player_choice":"agreed","floor":5,"damage_taken":0},{"event_name":"Upgrade Shrine","player_choice":"Upgraded","floor":8,"damage_taken":0},{"event_name":"Wheel of Change","player_choice":"Gold","floor":14,"damage_taken":0},{"event_name":"Ghosts","player_choice":"Ignored","floor":20,"damage_taken":0}],"boss_relics":[{"not_picked":["Calling Bell","Runic Cube"],"picked":"Philosopher\u0027s Stone"}],"items_purged_floors":[],"potions_floor_spawned":[4,16,18,21],"seed_played":"-3545480864978058126","killed_by":"Book of Stabbing","ascension_level":0,"potions_obtained":[{"floor":4,"key":"GamblersBrew"},{"floor":16,"key":"Energy Potion"},{"floor":18,"key":"LiquidBronze"},{"floor":21,"key":"AttackPotion"}],"is_trial":false}