{"gold_per_floor":[117,134,149,99,114,147,147,180,180,192,210,135,161,174,174,272,272,256,268,282,296,296],"floor_reached":22,"playtime":949,"items_purged":["Strike_R"],"score":297,"play_id":"9d042bd5-b450-4f64-a4c6-c13d73f24f5e","local_time":"20181124221201","is_ascension_mode":true,"campfire_choices":[{"floor":7,"key":"REST"},{"floor":15,"key":"REST"}],"neow_cost":"NONE","seed_source_timestamp":790578341969327,"circlet_count":0,"master_deck":["Strike_R","Strike_R","Strike_R","Defend_R","Defend_R","Defend_R","Defend_R","Bash","Cleave","Shrug It Off","Disarm","Whirlwind","Iron Wave","True Grit","Pommel Strike","Bludgeon","Metallicize+1","Headbutt+1"],"relics":["Burning Blood","PreservedInsect","Bird Faced Urn","Anchor","Matryoshka","Kunai","Mark of Pain"],"potions_floor_usage":[6,16,16,19],"damage_taken":[{"damage":3,"enemies":"Jaw Worm","floor":1,"turns":5},{"damage":1,"enemies":"2 Louse","floor":2,"turns":2},{"damage":0,"enemies":"Cultist","floor":3,"turns":3},{"damage":7,"enemies":"2 Fungi Beasts","floor":5,"turns":4},{"damage":56,"enemies":"Gremlin Nob","floor":6,"turns":5},{"damage":19,"enemies":"3 Sentries","floor":8,"turns":5},{"damage":0,"enemies":"Large Slime","floor":10,"turns":4},{"damage":11,"enemies":"Lots of Slimes","floor":11,"turns":6},{"damage":27,"enemies":"Gremlin Nob","floor":13,"turns":4},{"damage":13,"enemies":"Exordium Thugs","floor":14,"turns":6},{"damage":29,"enemies":"Hexaghost","floor":16,"turns":10},{"damage":3,"enemies":"2 Thieves","floor":18,"turns":4},{"damage":21,"enemies":"Spheric Guardian","floor":19,"turns":4},{"damage":34,"enemies":"3 Cultists","floor":20,"turns":6},{"damage":20,"enemies":"Snake Plant","floor":21,"turns":5},{"damage":16,"enemies":"Cultist and Chosen","floor":22,"turns":6}],"seed_played":"6478244223702089010","potions_obtained":[{"floor":2,"key":"Swift Potion"},{"floor":6,"key":"Ancient Potion"},{"floor":10,"key":"SkillPotion"},{"floor":13,"key":"SkillPotion"},{"floor":16,"key":"SteroidPotion"},{"floor":19,"key":"Block Potion"}],"is_trial":false,"path_per_floor":["M","M","M","?","M","E","R","E","T","M","M","$","E","M","R","B",null,"M","M","M","M","M"],"character_chosen":"IRONCLAD","items_purchased":[],"campfire_rested":2,"item_purchase_floors":[],"current_hp_per_floor":[75,80,80,80,79,29,53,40,40,46,41,41,20,13,37,14,64,67,52,24,12,0],"gold":296,"neow_bonus":"RANDOM_COMMON_RELIC","is_prod":false,"is_daily":false,"chose_seed":false,"campfire_upgraded":0,"win_rate":0,"timestamp":1543093921,"path_taken":["M","M","M","?","M","E","R","E","T","M","M","$","E","M","R","BOSS","M","M","M","M","M"],"build_version":"2018-11-15","purchased_purges":1,"victory":false,"max_hp_per_floor":[80,80,80,80,80,80,80,80,80,80,80,80,80,80,80,80,80,80,80,80,80,80],"card_choices":[{"not_picked":["Twin Strike","Shrug It Off"],"picked":"Cleave","floor":1},{"not_picked":["Dual Wield","Warcry"],"picked":"Shrug It Off","floor":2},{"not_picked":["Reckless Charge","Sever Soul"],"picked":"Disarm","floor":3},{"not_picked":["Rupture","Power Through","Burning Pact"],"picked":"SKIP","floor":5},{"not_picked":["Offering","Inflame"],"picked":"Whirlwind","floor":6},{"not_picked":["Warcry","Flex","Limit Break"],"picked":"SKIP","floor":8},{"not_picked":["Pummel","Headbutt"],"picked":"Iron Wave","floor":10},{"not_picked":["Body Slam","Clash"],"picked":"True Grit","floor":11},{"not_picked":["Sever Soul","Shockwave"],"picked":"Pommel Strike","floor":13},{"not_picked":["Pommel Strike","Clothesline","Entrench"],"picked":"SKIP","floor":14},{"not_picked":["Offering","Limit Break"],"picked":"Bludgeon","floor":16},{"not_picked":["Flex","Bloodletting","Clash"],"picked":"SKIP","floor":18},{"not_picked":["Thunderclap","Flex","Warcry+1"],"picked":"SKIP","floor":19},{"not_picked":["Infernal Blade+1","Rampage+1"],"picked":"Metallicize+1","floor":20},{"not_picked":["Cleave","Warcry"],"picked":"Headbutt+1","floor":21}],"player_experience":554850,"relics_obtained":[{"floor":6,"key":"Bird Faced Urn"},{"floor":8,"key":"Anchor"},{"floor":9,"key":"Matryoshka"},{"floor":13,"key":"Kunai"}],"event_choices":[{"cards_removed":["Strike_R"],"damage_healed":0,"gold_gain":0,"player_choice":"Card Removal","damage_taken":0,"max_hp_gain":0,"max_hp_loss":0,"event_name":"The Cleric","floor":4,"gold_loss":50}],"is_beta":false,"boss_relics":[{"not_picked":["Astrolabe","Fusion Hammer"],"picked":"Mark of Pain"}],"items_purged_floors":[12],"is_endless":false,"potions_floor_spawned":[2,6,10,13,16,19],"killed_by":"Cultist and Chosen","ascension_level":8}