{"path_per_floor":["M","M","M","M","M","E","?","E","T","R","?","M","$"],"character_chosen":"DEFECT","items_purchased":["Pantograph"],"gold_per_floor":[119,130,145,159,172,198,248,279,279,279,279,295,56,56],"floor_reached":14,"campfire_rested":1,"playtime":426,"item_purchase_floors":[13],"current_hp_per_floor":[75,73,73,73,52,30,30,2,2,24,24,17,17,0],"items_purged":[],"gold":56,"score":112,"play_id":"48c9fc14-10da-4676-8114-e62f478b8081","local_time":"20180622172820","is_prod":false,"is_daily":false,"chose_seed":false,"is_ascension_mode":true,"campfire_upgraded":0,"win_rate":0,"timestamp":1529681300,"campfire_choices":[{"floor":10,"key":"REST"}],"path_taken":["M","?","M","M","M","E","?","E","T","R","?","?","$","M"],"build_version":"2018-06-21","seed_source_timestamp":50118049606905,"purchased_purges":0,"circlet_count":0,"victory":false,"master_deck":["Strike_B+1","Strike_B+1","Strike_B","Strike_B","Defend_B","Defend_B","Defend_B","Defend_B","Zap+1","Dualcast","Heatsinks","Chill","Streamline","Biased Cognition","Static Discharge"],"max_hp_per_floor":[75,75,75,75,75,75,75,75,75,75,75,75,75,75],"relics":["Cracked Core","Whetstone","Anchor","Turnip","Pantograph"],"card_choices":[{"not_picked":["Conserve Battery","Compile Driver","Stack"],"picked":"SKIP","floor":1},{"not_picked":["Hologram","Beam Cell"],"picked":"Heatsinks","floor":2},{"not_picked":["Rainbow","Beam Cell"],"picked":"Chill","floor":3},{"not_picked":["Genetic Algorithm","Recycle","Rebound"],"picked":"SKIP","floor":4},{"not_picked":["Reinforced Body","Stack"],"picked":"Streamline","floor":5},{"not_picked":["Go for the Eyes","Chaos"],"picked":"Biased Cognition","floor":6},{"not_picked":["Rebound","Hologram","Stack"],"picked":"SKIP","floor":8},{"not_picked":["Coolheaded","Blizzard"],"picked":"Static Discharge","floor":12}],"player_experience":402933,"potions_floor_usage":[6,6,14],"damage_taken":[{"damage":0,"enemies":"Cultist","floor":1,"turns":3},{"damage":2,"enemies":"Jaw Worm","floor":2,"turns":3},{"damage":0,"enemies":"Small Slimes","floor":3,"turns":3},{"damage":0,"enemies":"2 Fungi Beasts","floor":4,"turns":5},{"damage":21,"enemies":"Large Slime","floor":5,"turns":5},{"damage":22,"enemies":"Gremlin Nob","floor":6,"turns":4},{"damage":28,"enemies":"Lagavulin","floor":8,"turns":5},{"damage":7,"enemies":"Red Slaver","floor":12,"turns":3},{"damage":31,"enemies":"Gremlin Gang","floor":14,"turns":3}],"relics_obtained":[{"floor":6,"key":"Whetstone"},{"floor":8,"key":"Anchor"},{"floor":9,"key":"Turnip"}],"event_choices":[{"event_name":"Golden Wing","player_choice":"Gained Gold","floor":7,"damage_taken":0},{"event_name":"Liars Game","player_choice":"disagreed","floor":11,"damage_taken":0}],"boss_relics":[],"items_purged_floors":[],"is_endless":false,"potions_floor_spawned":[2,4,8],"seed_played":"3693712081607832762","killed_by":"Gremlin Gang","ascension_level":2,"potions_obtained":[{"floor":2,"key":"EssenceOfSteel"},{"floor":4,"key":"Energy Potion"},{"floor":8,"key":"SkillPotion"}],"is_trial":false}