{"gold_per_floor":[369,544,229,248,23,23,23,23,23,38,50,50,50,60,60,163,163,182,182,198,211,57,57,90,90,90,90,109,141,141,161,161,260,260,275,288,288,111,81,81,99,99,99,99,119,131,131,145,145,145,145,145,71,71],"floor_reached":54,"playtime":4250,"items_purged":["Doubt","Strike_B"],"score":860,"play_id":"ccf727be-217a-4970-b94a-99dc2d24688c","local_time":"20190118203641","is_ascension_mode":true,"campfire_choices":[{"data":"Static Discharge","floor":6.0,"key":"SMITH"},{"data":"Consume","floor":8.0,"key":"SMITH"},{"data":"Zap","floor":12.0,"key":"SMITH"},{"data":"Biased Cognition","floor":15.0,"key":"SMITH"},{"floor":23.0,"key":"REST"},{"floor":25.0,"key":"REST"},{"floor":30.0,"key":"REST"},{"floor":32.0,"key":"REST"},{"floor":40.0,"key":"REST"},{"floor":42.0,"key":"REST"},{"floor":44.0,"key":"RECALL"},{"floor":47.0,"key":"REST"},{"floor":49.0,"key":"REST"},{"floor":52.0,"key":"REST"}],"neow_cost":"TEN_PERCENT_HP_LOSS","seed_source_timestamp":104566360069000,"circlet_count":0,"master_deck":["Strike_B","Strike_B","Defend_B","Defend_B","Defend_B","Defend_B","Zap+1","Dualcast","Leap","Consume+1","Static Discharge+1","Bandage Up","Loop","Thunder Strike","Storm","Biased Cognition+1","Amplify","Glacier","Static Discharge+1","Echo Form","Conserve Battery+1","Redo+1","Self Repair+1","Undo+1","PanicButton+1","Madness+1","Enlightenment+1","Capacitor","Conserve Battery+1","Go for the Eyes+1","Lockon"],"special_seed":0,"relics":["Cracked Core","Fusion Hammer","Strawberry","Kunai","Toxic Egg 2","Lizard Tail","Pear"],"potions_floor_usage":[],"damage_taken":[{"damage":2.0,"enemies":"Jaw Worm","floor":1.0,"turns":3.0},{"damage":0.0,"enemies":"2 Louse","floor":4.0,"turns":2.0},{"damage":5.0,"enemies":"Small Slimes","floor":10.0,"turns":3.0},{"damage":15.0,"enemies":"Exordium Thugs","floor":11.0,"turns":2.0},{"damage":13.0,"enemies":"Exordium Wildlife","floor":14.0,"turns":4.0},{"damage":19.0,"enemies":"Hexaghost","floor":16.0,"turns":6.0},{"damage":1.0,"enemies":"Spheric Guardian","floor":18.0,"turns":3.0},{"damage":2.0,"enemies":"Chosen","floor":20.0,"turns":3.0},{"damage":26.0,"enemies":"Snake Plant","floor":21.0,"turns":3.0},{"damage":27.0,"enemies":"Gremlin Leader","floor":24.0,"turns":5.0},{"damage":12.0,"enemies":"Shelled Parasite and Fungi","floor":28.0,"turns":2.0},{"damage":30.0,"enemies":"Book of Stabbing","floor":29.0,"turns":4.0},{"damage":18.0,"enemies":"3 Cultists","floor":31.0,"turns":3.0},{"damage":32.0,"enemies":"Automaton","floor":33.0,"turns":4.0},{"damage":16.0,"enemies":"3 Shapes","floor":35.0,"turns":3.0},{"damage":30.0,"enemies":"Orb Walker","floor":36.0,"turns":4.0},{"damage":43.0,"enemies":"Writhing Mass","floor":41.0,"turns":3.0},{"damage":18.0,"enemies":"Maw","floor":45.0,"turns":5.0},{"damage":42.0,"enemies":"Spire Growth","floor":46.0,"turns":5.0},{"damage":54.0,"enemies":"4 Shapes","floor":48.0,"turns":4.0},{"damage":69.0,"enemies":"Time Eater","floor":50.0,"turns":6.0},{"damage":98,"enemies":"Shield and Spear","floor":54,"turns":3}],"seed_played":"-4388455358945886625","potions_obtained":[{"floor":4.0,"key":"SteroidPotion"},{"floor":10.0,"key":"GamblersBrew"},{"floor":16.0,"key":"Weak Potion"},{"floor":20.0,"key":"Block Potion"},{"floor":24.0,"key":"Regen Potion"},{"floor":36.0,"key":"EssenceOfSteel"},{"floor":39.0,"key":"Fruit Juice"},{"floor":39.0,"key":"Energy Potion"},{"floor":45.0,"key":"Block Potion"},{"floor":48.0,"key":"GamblersBrew"}],"is_trial":false,"path_per_floor":["M","?","$","M","$","R","?","R","T","M","M","R","?","M","R","B",null,"M","?","M","M","$","R","E","R","T","$","M","E","R","M","R","B",null,"M","M","?","$","?","R","M","R","T","R","M","M","R","M","R","B",null,"R","$","E"],"character_chosen":"DEFECT","items_purchased":["Consume","Static Discharge","Bandage Up","Thunder Strike","Storm","Echo Form","Capacitor","Lockon"],"campfire_rested":9,"item_purchase_floors":[3,3,3,5,5,22,38,53],"current_hp_per_floor":[66,66,66,68,68,68,61,61,61,60,49,49,49,40,40,25,57,56,56,54,32,32,52,36,58,58,58,46,32,54,40,62,44,67,61,45,35,35,40,64,35,59,69,69,65,37,64,10,37,34,76,90,90,0],"gold":71,"neow_bonus":"TWO_FIFTY_GOLD","is_prod":false,"is_daily":false,"chose_seed":false,"campfire_upgraded":4,"win_rate":0,"timestamp":1547869001,"path_taken":["M","?","$","M","$","R","?","R","T","M","M","R","?","?","R","BOSS","M","?","M","M","$","R","E","R","T","?","M","E","R","M","R","BOSS","M","M","?","$","?","R","M","R","T","R","M","M","R","?","R","BOSS","R","$","E"],"build_version":"2019-01-17v2","purchased_purges":2,"victory":false,"max_hp_per_floor":[68,68,68,68,68,68,68,68,68,68,68,68,68,68,68,68,68,68,68,68,68,68,68,75,75,75,75,75,75,75,75,75,75,75,75,75,75,75,80,80,80,80,90,90,90,90,90,90,90,90,90,90,90,90],"card_choices":[{"not_picked":["Streamline","Turbo"],"picked":"Leap","floor":1.0},{"not_picked":["Stack","Undo"],"picked":"Loop","floor":4.0},{"not_picked":["Doom and Gloom","Conserve Battery","Double Energy"],"picked":"SKIP","floor":10.0},{"not_picked":["Barrage","Double Energy","Coolheaded"],"picked":"SKIP","floor":11.0},{"not_picked":["Beam Cell","Static Discharge"],"picked":"Biased Cognition","floor":14.0},{"not_picked":["Thunder Strike","Biased Cognition"],"picked":"Amplify","floor":16.0},{"not_picked":["Barrage","Gash"],"picked":"Glacier","floor":18.0},{"not_picked":["Cold Snap+1","Barrage","Beam Cell+1"],"picked":"SKIP","floor":20.0},{"not_picked":["Rebound","Coolheaded","Fusion+1"],"picked":"SKIP","floor":21.0},{"not_picked":["Streamline+1","Stack+1","Go for the Eyes"],"picked":"SKIP","floor":24.0},{"not_picked":["Steam","Recycle"],"picked":"Conserve Battery+1","floor":28.0},{"not_picked":["Tempest","Biased Cognition"],"picked":"Redo+1","floor":29.0},{"not_picked":["Cold Snap","Leap+1"],"picked":"Self Repair+1","floor":31.0},{"not_picked":["FTL+1","Hologram+1","Consume+1"],"picked":"SKIP","floor":35.0},{"not_picked":["Sunder+1","Reinforced Body+1"],"picked":"Undo+1","floor":36.0},{"not_picked":["Mayhem","Enlightenment+1"],"picked":"PanicButton+1","floor":37.0},{"not_picked":["Metamorphosis+1","Good Instincts+1"],"picked":"Madness+1","floor":37.0},{"not_picked":["Magnetism","Flash of Steel"],"picked":"Enlightenment+1","floor":37.0},{"not_picked":["Compile Driver","Gash","Go for the Eyes"],"picked":"SKIP","floor":41.0},{"not_picked":["Barrage","Steam+1"],"picked":"Conserve Battery+1","floor":45.0},{"not_picked":["Hologram+1","Streamline","Compile Driver"],"picked":"SKIP","floor":46.0},{"not_picked":["Scrape+1","Conserve Battery+1"],"picked":"Go for the Eyes+1","floor":48.0}],"player_experience":351024,"relics_obtained":[{"floor":24.0,"key":"Strawberry"},{"floor":26.0,"key":"Kunai"},{"floor":29.0,"key":"Toxic Egg 2"},{"floor":43.0,"key":"Pear"}],"event_choices":[{"damage_healed":0.0,"max_hp_gain":0.0,"max_hp_loss":0.0,"gold_gain":175.0,"event_name":"Liars Game","player_choice":"AGREE","floor":2.0,"gold_loss":0.0,"damage_taken":0.0,"cards_obtained":["Doubt"]},{"cards_removed":["Strike_B"],"damage_healed":0.0,"max_hp_gain":0.0,"max_hp_loss":0.0,"gold_gain":0.0,"event_name":"Golden Wing","player_choice":"Card Removal","floor":7.0,"gold_loss":0.0,"damage_taken":7.0},{"damage_healed":0.0,"max_hp_gain":0.0,"max_hp_loss":0.0,"gold_gain":0.0,"event_name":"Scrap Ooze","player_choice":"Fled","floor":13.0,"gold_loss":0.0,"damage_taken":0.0},{"damage_healed":0.0,"max_hp_gain":0.0,"max_hp_loss":0.0,"gold_gain":0.0,"event_name":"Duplicator","player_choice":"Copied","floor":19.0,"gold_loss":0.0,"damage_taken":0.0,"cards_obtained":["Static Discharge"]},{"damage_healed":0.0,"max_hp_gain":0.0,"max_hp_loss":0.0,"gold_gain":0.0,"event_name":"SensoryStone","player_choice":"Memory 3","floor":37.0,"gold_loss":0.0,"damage_taken":10.0},{"damage_healed":0.0,"max_hp_gain":0.0,"max_hp_loss":0.0,"gold_gain":0.0,"event_name":"The Woman in Blue","player_choice":"Bought 2 Potions","floor":39.0,"gold_loss":0.0,"damage_taken":0.0}],"is_beta":false,"boss_relics":[{"not_picked":["Astrolabe","Runic Dome"],"picked":"Fusion Hammer"},{"not_picked":["Snecko Eye","Coffee Dripper"],"picked":"Lizard Tail"}],"items_purged_floors":[3,38],"is_endless":false,"potions_floor_spawned":[4,10,16,20,24,36,45,48],"killed_by":"Shield and Spear","ascension_level":6}