{"gold_per_floor":[114,114,130,89,264,186,186,186,213,266,266,281,293,303,303,406,406,423,423,433,72,91,91,190,190,237,267,267,92,106,116,116,220,220,230,248,108,121,138,138,165,195,207,219,231,274,302,2,2,2],"floor_reached":51,"playtime":2002,"items_purged":["Strike_G","Strike_G","Strike_G"],"score":824,"play_id":"f05ddec4-42f2-4043-bef6-0075b08809ee","local_time":"20190226212926","daily_mods":["Vintage","Heirloom","Time Dilation","Flight"],"is_ascension_mode":false,"campfire_choices":[{"data":"Blade Dance","floor":7,"key":"SMITH"},{"data":"Infinite Blades","floor":8,"key":"SMITH"},{"floor":15,"key":"REST"},{"data":"Accuracy","floor":23,"key":"SMITH"},{"floor":28,"key":"REST"},{"data":"Envenom","floor":32,"key":"SMITH"},{"floor":40,"key":"REST"},{"data":"Accuracy","floor":44,"key":"SMITH"},{"data":"Terror","floor":45,"key":"SMITH"},{"data":"Accuracy","floor":49,"key":"SMITH"}],"neow_cost":"","seed_source_timestamp":30791444875766,"circlet_count":0,"master_deck":["Defend_G+1","Defend_G","Defend_G","Defend_G","Defend_G","Strike_G+1","Strike_G+1","Survivor+1","Neutralize+1","Infinite Blades+1","Blade Dance+1","Bane","Flying Knee","Jack Of All Trades","Accuracy+1","Envenom+1","Poisoned Stab","Accuracy+1","Masterful Stab","Dark Shackles","Terror+1","Blade Dance","Caltrops","After Image","Catalyst+1","Cloak And Dagger+1","Accuracy+1","Backstab","Noxious Fumes","Slice"],"relics":["Ring of the Snake","The Specimen","Shuriken","Omamori","Whetstone","Pen Nib","Orichalcum","Art of War","Dream Catcher","Busted Crown","Pantograph","Blue Candle","Mercury Hourglass","Bottled Lightning","Potion Belt","Mummified Hand","Toxic Egg 2","Centennial Puzzle","Black Star","Kunai","Ancient Tea Set","Pocketwatch","Ginger","Strawberry","MawBank","War Paint","Bottled Flame","Boot","Blood Vial","Gambling Chip"],"potions_floor_usage":[16,20,22,22,27,33,38,41,50,50],"damage_taken":[{"damage":2,"enemies":"Cultist","floor":1,"turns":4},{"damage":2,"enemies":"Small Slimes","floor":3,"turns":4},{"damage":0,"enemies":"2 Louse","floor":12,"turns":2},{"damage":0,"enemies":"2 Fungi Beasts","floor":13,"turns":2},{"damage":1,"enemies":"Red Slaver","floor":14,"turns":3},{"damage":2,"enemies":"Slime Boss","floor":16,"turns":6},{"damage":5,"enemies":"Shell Parasite","floor":18,"turns":5},{"damage":14,"enemies":"2 Thieves","floor":20,"turns":2},{"damage":0,"enemies":"Shelled Parasite and Fungi","floor":22,"turns":3},{"damage":1,"enemies":"Colosseum Slavers","floor":25,"turns":2},{"damage":0,"enemies":"Cultist and Chosen","floor":27,"turns":3},{"damage":0,"enemies":"Snecko","floor":30,"turns":3},{"damage":1,"enemies":"3 Cultists","floor":31,"turns":4},{"damage":7,"enemies":"Collector","floor":33,"turns":3},{"damage":1,"enemies":"3 Shapes","floor":35,"turns":3},{"damage":10,"enemies":"Orb Walker","floor":36,"turns":3},{"damage":6,"enemies":"Sphere and 2 Shapes","floor":38,"turns":3},{"damage":7,"enemies":"Writhing Mass","floor":39,"turns":4},{"damage":0,"enemies":"Nemesis","floor":41,"turns":5},{"damage":0,"enemies":"Transient","floor":42,"turns":5},{"damage":0,"enemies":"Giant Head","floor":46,"turns":6},{"damage":0,"enemies":"Jaw Worm Horde","floor":47,"turns":3},{"damage":29,"enemies":"Time Eater","floor":50,"turns":6}],"seed_played":"8670210021785019240","potions_obtained":[{"floor":1,"key":"SteroidPotion"},{"floor":13,"key":"Poison Potion"},{"floor":14,"key":"GhostInAJar"},{"floor":16,"key":"FearPotion"},{"floor":20,"key":"Block Potion"},{"floor":22,"key":"Weak Potion"},{"floor":31,"key":"Swift Potion"},{"floor":36,"key":"SkillPotion"},{"floor":39,"key":"SneckoOil"},{"floor":41,"key":"PowerPotion"},{"floor":47,"key":"PowerPotion"}],"is_trial":true,"path_per_floor":["M","?","M","$","?","$","R","R","T","T","?","M","M","M","R","B",null,"M","T","M","$","M","R","?","?","T","M","R","$","M","M","R","B",null,"M","M","$","M","M","R","E","M","T","R","R","E","M","$","R","B",null],"character_chosen":"THE_SILENT","items_purchased":["Infinite Blades","Blade Dance","Bane","Poisoned Stab","Accuracy","Masterful Stab","Dark Shackles","Terror","Blade Dance","Caltrops","Catalyst+1","Backstab","Noxious Fumes","Slice"],"campfire_rested":3,"item_purchase_floors":[4,6,6,21,21,21,21,29,29,29,37,48,48,48],"current_hp_per_floor":[68,68,66,66,66,66,66,66,66,66,66,66,66,65,70,68,70,65,65,51,51,51,51,51,50,50,50,70,70,70,69,69,63,70,69,59,59,53,46,67,74,74,74,74,74,74,76,76,76,48],"gold":2,"neow_bonus":"","is_prod":false,"is_daily":false,"chose_seed":false,"campfire_upgraded":7,"win_rate":0,"timestamp":1551238166,"path_taken":["M","?","M","?","?","$","R","R","T","?","?","M","M","M","R","BOSS","M","?","M","$","M","R","?","?","T","M","R","$","M","M","R","BOSS","M","M","$","M","M","R","E","M","T","R","R","E","M","$","R","BOSS"],"build_version":"2019-01-23","purchased_purges":3,"victory":true,"max_hp_per_floor":[70,70,70,70,70,70,70,70,70,70,70,70,70,70,70,70,70,70,70,70,70,70,70,70,70,70,70,70,70,70,70,70,70,70,70,70,70,70,70,70,77,77,77,77,77,77,77,77,77,77],"card_choices":[{"not_picked":["Skewer","Prepared"],"picked":"Accuracy","floor":15},{"not_picked":["Venomology","Night Terror"],"picked":"Envenom","floor":16},{"not_picked":[],"picked":"After Image","floor":33},{"not_picked":[],"picked":"Cloak And Dagger+1","floor":41},{"not_picked":[],"picked":"Accuracy","floor":46}],"player_experience":454717,"relics_obtained":[{"floor":1,"key":"Shuriken"},{"floor":3,"key":"Omamori"},{"floor":9,"key":"Whetstone"},{"floor":10,"key":"Pen Nib"},{"floor":12,"key":"Orichalcum"},{"floor":13,"key":"Art of War"},{"floor":14,"key":"Dream Catcher"},{"floor":18,"key":"Pantograph"},{"floor":19,"key":"Blue Candle"},{"floor":20,"key":"Mercury Hourglass"},{"floor":22,"key":"Bottled Lightning"},{"floor":26,"key":"Potion Belt"},{"floor":27,"key":"Mummified Hand"},{"floor":30,"key":"Toxic Egg 2"},{"floor":31,"key":"Centennial Puzzle"},{"floor":35,"key":"Kunai"},{"floor":36,"key":"Ancient Tea Set"},{"floor":38,"key":"Pocketwatch"},{"floor":39,"key":"Ginger"},{"floor":41,"key":"Strawberry"},{"floor":41,"key":"MawBank"},{"floor":42,"key":"War Paint"},{"floor":43,"key":"Bottled Flame"},{"floor":46,"key":"Boot"},{"floor":46,"key":"Blood Vial"},{"floor":47,"key":"Gambling Chip"}],"event_choices":[{"damage_healed":0,"gold_gain":0,"player_choice":"Upgraded","damage_taken":0,"max_hp_gain":0,"max_hp_loss":0,"event_name":"Upgrade Shrine","floor":2,"gold_loss":0,"cards_upgraded":["Neutralize"]},{"damage_healed":0,"gold_gain":175,"player_choice":"AGREE","damage_taken":0,"max_hp_gain":0,"max_hp_loss":0,"event_name":"Liars Game","floor":5,"gold_loss":0,"cards_obtained":["Doubt"]},{"damage_healed":0,"gold_gain":0,"player_choice":"2 cards matched","damage_taken":0,"max_hp_gain":0,"max_hp_loss":0,"event_name":"Match and Keep!","floor":11,"gold_loss":0,"cards_obtained":["Flying Knee","Jack Of All Trades"]},{"damage_healed":0,"gold_gain":99,"player_choice":"Stole From Cult","damage_taken":0,"max_hp_gain":0,"max_hp_loss":0,"event_name":"Nest","floor":24,"gold_loss":0},{"damage_healed":0,"gold_gain":0,"player_choice":"Fight","damage_taken":0,"max_hp_gain":0,"max_hp_loss":0,"event_name":"Colosseum","floor":25,"gold_loss":0},{"damage_healed":0,"gold_gain":0,"player_choice":"Fled From Nobs","damage_taken":0,"max_hp_gain":0,"max_hp_loss":0,"event_name":"Colosseum","floor":25,"gold_loss":0}],"is_beta":false,"boss_relics":[{"not_picked":["Velvet Choker","Lizard Tail"],"picked":"Busted Crown"},{"not_picked":["Eternal Feather","Tiny House"],"picked":"Black Star"}],"items_purged_floors":[21,37,48],"is_endless":false,"potions_floor_spawned":[1,13,14,16,20,22,31,36,39,41,47],"ascension_level":0}