{"path_per_floor":["M","M","?","M","?","E","M","R","T","M","$","E","R","M","R","B",null,"M","M","?"],"character_chosen":"IRONCLAD","items_purchased":["Thunderclap"],"gold_per_floor":[111,125,125,138,138,174,199,199,199,224,202,236,236,259,259,385,385,408,426,351,351],"floor_reached":21,"campfire_rested":0,"playtime":2240,"item_purchase_floors":[11],"current_hp_per_floor":[80,80,80,80,60,51,56,56,56,48,48,49,49,52,52,29,80,45,48,48,0],"items_purged":[],"gold":351,"score":191,"play_id":"9bec9253-94ac-45f8-ac55-cec748b61393","local_time":"20180525165446","is_prod":false,"is_daily":false,"chose_seed":false,"is_ascension_mode":false,"campfire_upgraded":3,"win_rate":0,"timestamp":1527260086,"campfire_choices":[{"data":"Spot Weakness","floor":8,"key":"SMITH"},{"data":"Rage","floor":13,"key":"SMITH"},{"data":"Iron Wave","floor":15,"key":"SMITH"}],"path_taken":["M","M","?","M","?","E","M","R","T","M","$","E","R","M","R","BOSS","M","M","?","?"],"build_version":"2018-05-24","seed_source_timestamp":263603930770319,"purchased_purges":0,"victory":false,"master_deck":["Strike_R","Strike_R+1","Strike_R","Defend_R","Defend_R","Defend_R","Defend_R","Bash","Shrug It Off","Seeing Red","Rage+1","Uppercut+1","Dark Embrace","Spot Weakness+1","Iron Wave+1","Thunderclap","Fire Breathing","Demon Form","Dropkick"],"max_hp_per_floor":[80,80,80,80,80,80,80,80,80,80,80,80,80,80,80,80,80,80,80,80,80],"relics":["Burning Blood","Golden Idol","Question Card","Darkstone Periapt","Whetstone","Mark of Pain"],"card_choices":[{"not_picked":["Cleave","Pommel Strike"],"picked":"Shrug It Off","floor":1},{"not_picked":["Sword Boomerang","Warcry"],"picked":"Seeing Red","floor":2},{"not_picked":["Wild Strike","True Grit"],"picked":"Uppercut","floor":4},{"not_picked":["Havoc","Shrug It Off"],"picked":"Dark Embrace","floor":6},{"not_picked":["True Grit","Heavy Blade","Carnage"],"picked":"Spot Weakness","floor":7},{"not_picked":["Anger","Twin Strike","Double Tap"],"picked":"Iron Wave","floor":10},{"not_picked":["Disarm","True Grit","Cleave"],"picked":"Fire Breathing","floor":12},{"not_picked":["Cleave","Shrug It Off","Sword Boomerang","Flex"],"picked":"SKIP","floor":14},{"not_picked":["Impervious","Exhume","Bludgeon"],"picked":"Demon Form","floor":16},{"not_picked":["Perfected Strike","Headbutt","Feel No Pain"],"picked":"Dropkick","floor":18},{"not_picked":["Sword Boomerang","Body Slam","True Grit","Pommel Strike"],"picked":"SKIP","floor":19}],"player_experience":268678,"potions_floor_usage":[12,16,16],"damage_taken":[{"damage":2,"enemies":"Small Slimes","floor":1,"turns":4},{"damage":1,"enemies":"Cultist","floor":2,"turns":4},{"damage":0,"enemies":"2 Louse","floor":4,"turns":4},{"damage":15,"enemies":"3 Sentries","floor":6,"turns":11},{"damage":1,"enemies":"Blue Slaver","floor":7,"turns":7},{"damage":14,"enemies":"Exordium Wildlife","floor":10,"turns":8},{"damage":5,"enemies":"Gremlin Nob","floor":12,"turns":3},{"damage":3,"enemies":"2 Fungi Beasts","floor":14,"turns":4},{"damage":29,"enemies":"The Guardian","floor":16,"turns":14},{"damage":41,"enemies":"Spheric Guardian","floor":18,"turns":6},{"damage":3,"enemies":"3 Byrds","floor":19,"turns":5},{"damage":49,"enemies":"Masked Bandits","floor":21,"turns":3}],"relics_obtained":[{"floor":6,"key":"Question Card"},{"floor":9,"key":"Darkstone Periapt"},{"floor":12,"key":"Whetstone"}],"event_choices":[{"event_name":"Transmorgrifier","player_choice":"Transform","floor":3,"damage_taken":0},{"event_name":"Golden Idol","player_choice":"Take Damage","floor":5,"damage_taken":0},{"event_name":"Beggar","player_choice":"Gave Gold","floor":20,"damage_taken":0},{"event_name":"Masked Bandits","player_choice":"Fought over 351 gold","floor":21,"damage_taken":0}],"boss_relics":[{"not_picked":["Eternal Feather","Ectoplasm"],"picked":"Mark of Pain"}],"items_purged_floors":[],"potions_floor_spawned":[2,7,12,16,18],"seed_played":"1041576577715498203","killed_by":"Masked Bandits","ascension_level":0,"potions_obtained":[{"floor":2,"key":"Fire Potion"},{"floor":7,"key":"Ancient Potion"},{"floor":12,"key":"Dexterity Potion"},{"floor":16,"key":"Swift Potion"},{"floor":18,"key":"GamblersBrew"}],"is_trial":false}