{"gold_per_floor":[117,137,100,175,188,188,200,4,52,52,71,71,81,98,98,202,202,219,54,54,67,67],"floor_reached":22,"playtime":1095,"items_purged":[],"score":228,"play_id":"f980993f-0322-4c6a-8ca3-1033eeb23fe5","local_time":"20190219131938","is_ascension_mode":false,"campfire_choices":[{"data":"Searing Blow","floor":6,"key":"SMITH"},{"data":"Searing Blow+1","floor":10,"key":"SMITH"},{"data":"Searing Blow+2","floor":12,"key":"SMITH"},{"floor":15,"key":"REST"}],"neow_cost":"NONE","seed_source_timestamp":16673986411555,"circlet_count":0,"master_deck":["Strike_R","Strike_R","Strike_R","Strike_R","Strike_R","Defend_R","Defend_R","Defend_R","Defend_R","Bash","Cleave","Iron Wave","Searing Blow+3","Battle Trance","Feel No Pain","Twin Strike","Immolate","Shrug It Off","Iron Wave","Bandage Up","Shrug It Off","Metallicize"],"relics":["Burning Blood","Strange Spoon","Regal Pillow"],"potions_floor_usage":[14,16,16,16,16,16,18],"damage_taken":[{"damage":6,"enemies":"2 Louse","floor":1,"turns":3},{"damage":0,"enemies":"Cultist","floor":2,"turns":3},{"damage":0,"enemies":"Small Slimes","floor":5,"turns":3},{"damage":9,"enemies":"Blue Slaver","floor":7,"turns":5},{"damage":14,"enemies":"Lots of Slimes","floor":11,"turns":5},{"damage":17,"enemies":"Exordium Wildlife","floor":13,"turns":5},{"damage":11,"enemies":"3 Louse","floor":14,"turns":3},{"damage":0,"enemies":"Slime Boss","floor":16,"turns":8},{"damage":28,"enemies":"3 Byrds","floor":18,"turns":6},{"damage":29,"enemies":"Chosen","floor":21,"turns":8},{"damage":54,"enemies":"Snake Plant","floor":22,"turns":9}],"seed_played":"-2061532895204794489","potions_obtained":[{"floor":5,"key":"Strength Potion"},{"floor":7,"key":"BloodPotion"},{"floor":13,"key":"Poison Potion"},{"floor":14,"key":"EntropicBrew"}],"is_trial":false,"path_per_floor":["M","M","$","?","M","R","M","$","T","R","M","R","M","M","R","B",null,"M","$","?","M","M"],"character_chosen":"IRONCLAD","items_purchased":["Battle Trance","Strange Spoon","Shrug It Off","Iron Wave","Bandage Up"],"campfire_rested":1,"item_purchase_floors":[3,8,19,19,19],"current_hp_per_floor":[80,80,80,72,78,78,75,75,75,75,67,67,56,59,80,80,80,58,58,58,39,0],"gold":67,"neow_bonus":"THREE_CARDS","is_prod":false,"is_daily":false,"chose_seed":false,"campfire_upgraded":3,"win_rate":0,"timestamp":1550603978,"path_taken":["M","M","$","?","M","R","M","?","T","R","M","R","M","M","R","BOSS","M","$","?","M","M"],"build_version":"2019-01-23","purchased_purges":0,"victory":false,"max_hp_per_floor":[80,80,80,80,80,80,80,80,80,80,80,80,80,80,80,80,80,80,80,80,80,80],"card_choices":[{"not_picked":["Twin Strike","Flame Barrier"],"picked":"Cleave","floor":0},{"not_picked":["Havoc","Clothesline"],"picked":"Iron Wave","floor":1},{"not_picked":["Armaments","Shockwave"],"picked":"Searing Blow","floor":2},{"not_picked":["Carnage","Searing Blow"],"picked":"Feel No Pain","floor":5},{"not_picked":["Wild Strike","Whirlwind"],"picked":"Twin Strike","floor":7},{"not_picked":["Uppercut","Sword Boomerang","Bludgeon"],"picked":"SKIP","floor":11},{"not_picked":["Headbutt","Wild Strike","Clothesline"],"picked":"SKIP","floor":13},{"not_picked":["Sword Boomerang","Flex","True Grit"],"picked":"SKIP","floor":14},{"not_picked":["Brutality","Demon Form"],"picked":"Immolate","floor":16},{"not_picked":["Rampage","Twin Strike","Anger"],"picked":"SKIP","floor":18},{"not_picked":["Clash","Anger"],"picked":"Metallicize","floor":21}],"player_experience":248762,"relics_obtained":[{"floor":9,"key":"Regal Pillow"}],"event_choices":[{"damage_healed":0,"gold_gain":75,"player_choice":"Touch","damage_taken":8,"max_hp_gain":0,"max_hp_loss":0,"event_name":"FaceTrader","floor":4,"gold_loss":0},{"damage_healed":0,"gold_gain":0,"player_choice":"Read","damage_taken":0,"max_hp_gain":0,"max_hp_loss":0,"event_name":"The Library","floor":20,"gold_loss":0,"cards_obtained":["Shrug It Off"]}],"is_beta":false,"boss_relics":[{"not_picked":["Fusion Hammer","Ectoplasm","Runic Dome"]}],"items_purged_floors":[],"is_endless":false,"potions_floor_spawned":[5,7,13,14],"killed_by":"Snake Plant","ascension_level":0}