{"path_per_floor":["M","?","M","?","?","E","M","?","T","M","R","E","M","M","R","B",null,"M","M","M","M","?"],"character_chosen":"THE_SILENT","items_purchased":[],"gold_per_floor":[110,110,128,128,128,159,177,177,177,193,193,227,246,263,263,363,363,378,389,400,411,411,411],"floor_reached":23,"campfire_rested":0,"playtime":2133,"current_hp_per_floor":[70,56,56,56,53,24,24,24,24,28,28,28,38,36,36,30,70,58,55,42,33,33,0],"items_purged":[],"gold":411,"score":205,"play_id":"e7df1747-8a08-40c0-8070-506399fd1dcc","local_time":"20180428220548","is_prod":false,"is_daily":false,"chose_seed":false,"is_ascension_mode":false,"campfire_upgraded":2,"timestamp":1524945948,"path_taken":["M","?","M","?","?","E","M","?","T","?","R","E","?","M","R","BOSS","M","M","M","M","?","E"],"build_version":"2018-04-26","seed_source_timestamp":509171812271569,"purchased_purges":0,"victory":false,"master_deck":["Defend_G","Defend_G","Defend_G","Defend_G","Defend_G","Strike_G","Strike_G","Strike_G","Strike_G","Survivor+1","Neutralize+1","Caltrops+1","Expertise","Regret","Backstab","Flechettes","Heel Hook","Predator+1","Doppelganger","Infinite Blades+1","Terror+1","Dagger Throw+1"],"max_hp_per_floor":[70,70,70,70,70,70,70,70,70,70,70,70,70,70,70,70,70,70,70,70,70,70,70],"relics":["Ring of the Snake","Mummified Hand","Bronze Scales","Orichalcum","Meat on the Bone","Lantern","Black Star"],"card_choices":[{"not_picked":["Footwork","PiercingWail"],"picked":"Caltrops","floor":1},{"not_picked":["Poisoned Stab","All Out Attack"],"picked":"Expertise","floor":3},{"not_picked":["Quick Slash","Deflect"],"picked":"Backstab","floor":10},{"not_picked":["Deadly Poison","PiercingWail"],"picked":"Flechettes","floor":12},{"not_picked":["PiercingWail","Outmaneuver"],"picked":"Heel Hook","floor":13},{"not_picked":["Sucker Punch","Grand Finale"],"picked":"Predator","floor":14},{"not_picked":["Unload","Night Terror"],"picked":"Doppelganger","floor":16},{"not_picked":["Slice","Concentrate"],"picked":"Infinite Blades","floor":18},{"not_picked":["Poisoned Stab","Slice"],"picked":"Terror","floor":19},{"not_picked":["Bane","Acrobatics"],"picked":"Dagger Throw","floor":20}],"player_experience":220735,"potions_floor_usage":[18,23,23,23],"damage_taken":[{"damage":0,"enemies":"Small Slimes","floor":1,"turns":6},{"damage":0,"enemies":"Jaw Worm","floor":3,"turns":5},{"damage":29,"enemies":"3 Sentries","floor":6,"turns":12},{"damage":0,"enemies":"2 Louse","floor":7,"turns":3},{"damage":8,"enemies":"Red Slaver","floor":10,"turns":4},{"damage":12,"enemies":"Lagavulin","floor":12,"turns":11},{"damage":2,"enemies":"3 Louse","floor":13,"turns":2},{"damage":2,"enemies":"Blue Slaver","floor":14,"turns":3},{"damage":18,"enemies":"Hexaghost","floor":16,"turns":9},{"damage":12,"enemies":"2 Thieves","floor":18,"turns":3},{"damage":3,"enemies":"Shell Parasite","floor":19,"turns":5},{"damage":25,"enemies":"3 Cultists","floor":20,"turns":6},{"damage":21,"enemies":"Snake Plant","floor":21,"turns":3},{"damage":37,"enemies":"Gremlin Leader","floor":23,"turns":6}],"event_choices":[{"event_name":"Shining Light","player_choice":"Entered Light","floor":2,"damage_taken":0},{"event_name":"The Lab","player_choice":"Got Potions","floor":4,"damage_taken":0},{"event_name":"Scrap Ooze","player_choice":"success","floor":5,"damage_taken":3},{"event_name":"Big Fish","player_choice":"Box","floor":8,"damage_taken":0},{"event_name":"Ghosts","player_choice":"Ignored","floor":22,"damage_taken":0}],"boss_relics":[{"not_picked":["Pandora\u0027s Box","Eternal Feather"],"picked":"Black Star"}],"potions_floor_spawned":[1,3,10,14,20,21],"seed_played":"-8245728325799995460","killed_by":"Gremlin Leader","ascension_level":0,"is_trial":false}