{"gold_per_floor":[112,112,132,132,142,142,142,170,170,170,183,153,153,166,166,262,312,325,285,250,262,262,262,290,290,290,0,17,17,17,27,27,125,125,144,163,163,163,7,7,20,53,53,53,82,101,47,12,12,12],"floor_reached":51,"playtime":2560,"items_purged":["Writhe","Strike_G"],"score":923,"play_id":"b2ef1ee2-c989-4a11-b8f0-fc21f4a6e2b9","local_time":"20190109194620","is_ascension_mode":true,"campfire_choices":[{"data":"Noxious Fumes","floor":6,"key":"SMITH"},{"data":"Dodge and Roll","floor":13,"key":"SMITH"},{"floor":15,"key":"REST"},{"floor":23,"key":"REST"},{"data":"Well Laid Plans","floor":25,"key":"SMITH"},{"data":"Footwork","floor":29,"key":"SMITH"},{"data":"Footwork","floor":32,"key":"SMITH"},{"floor":40,"key":"DIG"},{"floor":44,"key":"REST"},{"data":"Noxious Fumes","floor":49,"key":"SMITH"}],"neow_cost":"NONE","seed_source_timestamp":36706562342100,"circlet_count":0,"master_deck":["Defend_G","Defend_G","Defend_G+1","Defend_G","Defend_G","Strike_G","Strike_G","Strike_G","Survivor+1","Wraith Form v2+1","Noxious Fumes+1","Dodge and Roll+1","Well Laid Plans+1","Leg Sweep+1","Distraction+1","Deflect+1","Quick Slash","Terror+1","Deadly Poison+1","Bouncing Flask+1","Distraction+1","Footwork+1","Dodge and Roll+1","Footwork+1","Crippling Poison+1","Adrenaline+1","Heel Hook","PiercingWail+1","Corpse Explosion+1","Bullet Time+1","Catalyst+1","Backflip+1","Noxious Fumes+1"],"relics":["Ring of the Snake","GremlinMask","Toxic Egg 2","Meat on the Bone","Mercury Hourglass","Tiny House","Regal Pillow","Shovel","Matryoshka","Membership Card","Omamori","Pen Nib","Velvet Choker","Boot","Orichalcum","Vajra","Calipers","Dodecahedron","Kunai"],"potions_floor_usage":[12,18,24,33,33,50],"damage_taken":[{"damage":1,"enemies":"Jaw Worm","floor":1,"turns":6},{"damage":0,"enemies":"Small Slimes","floor":3,"turns":5},{"damage":6,"enemies":"Cultist","floor":5,"turns":4},{"damage":22,"enemies":"3 Sentries","floor":8,"turns":9},{"damage":0,"enemies":"2 Fungi Beasts","floor":11,"turns":4},{"damage":0,"enemies":"Looter","floor":12,"turns":4},{"damage":0,"enemies":"Blue Slaver","floor":14,"turns":5},{"damage":50,"enemies":"Slime Boss","floor":16,"turns":11},{"damage":0,"enemies":"Shell Parasite","floor":18,"turns":8},{"damage":15,"enemies":"2 Thieves","floor":20,"turns":5},{"damage":13,"enemies":"Shelled Parasite and Fungi","floor":21,"turns":6},{"damage":17,"enemies":"Book of Stabbing","floor":24,"turns":7},{"damage":0,"enemies":"Chosen and Byrds","floor":28,"turns":7},{"damage":3,"enemies":"Centurion and Healer","floor":31,"turns":7},{"damage":35,"enemies":"Champ","floor":33,"turns":13},{"damage":10,"enemies":"3 Shapes","floor":35,"turns":3},{"damage":0,"enemies":"Orb Walker","floor":36,"turns":4},{"damage":23,"enemies":"Transient","floor":41,"turns":5},{"damage":16,"enemies":"Giant Head","floor":42,"turns":9},{"damage":1,"enemies":"Reptomancer","floor":45,"turns":5},{"damage":0,"enemies":"3 Darklings","floor":46,"turns":3},{"damage":29,"enemies":"Time Eater","floor":50,"turns":8}],"seed_played":"3546227156858744404","potions_obtained":[{"floor":3,"key":"FearPotion"},{"floor":8,"key":"GamblersBrew"},{"floor":11,"key":"FearPotion"},{"floor":17,"key":"AttackPotion"},{"floor":20,"key":"SpeedPotion"},{"floor":21,"key":"Ancient Potion"},{"floor":31,"key":"Poison Potion"},{"floor":35,"key":"FearPotion"},{"floor":42,"key":"Dexterity Potion"}],"is_trial":false,"path_per_floor":["M","?","M","?","M","R","?","E","T","?","M","M","R","M","R","B",null,"M","?","M","M","?","R","E","R","T","$","M","R","T","M","R","B",null,"M","M","?","?","$","R","M","E","T","R","E","M","?","$","R","B",null],"character_chosen":"THE_SILENT","items_purchased":["Membership Card","Footwork","Dodge and Roll+1","Corpse Explosion+1","Bullet Time+1","Noxious Fumes"],"campfire_rested":3,"item_purchase_floors":[27,27,27,39,39,48],"current_hp_per_floor":[69,69,69,69,63,63,56,34,34,16,28,40,40,40,61,23,63,63,63,48,47,47,75,58,58,58,58,58,58,58,55,55,32,64,54,54,54,54,54,54,43,39,39,71,70,70,70,70,70,41],"gold":12,"neow_bonus":"ONE_RANDOM_RARE_CARD","is_prod":false,"is_daily":false,"chose_seed":false,"campfire_upgraded":6,"win_rate":0,"timestamp":1547059580,"path_taken":["M","?","M","?","?","R","?","E","T","?","M","M","R","M","R","BOSS","M","?","M","?","?","R","E","R","T","$","M","R","?","M","R","BOSS","M","?","?","?","$","R","M","E","T","R","E","?","?","$","R","BOSS"],"build_version":"2019-01-03v4","purchased_purges":2,"victory":true,"max_hp_per_floor":[70,70,70,70,70,70,70,70,70,70,70,70,70,70,70,70,75,75,75,75,75,75,75,75,75,75,75,75,75,75,75,75,75,75,75,75,75,71,71,71,71,71,71,71,71,71,71,71,71,71],"card_choices":[{"not_picked":["Slice","Finisher","Acrobatics"],"picked":"SKIP","floor":1},{"not_picked":["Prepared","Flying Knee"],"picked":"Noxious Fumes","floor":3},{"not_picked":["Endless Agony","Blade Dance"],"picked":"Dodge and Roll","floor":5},{"not_picked":["Finisher","Deadly Poison"],"picked":"Well Laid Plans","floor":8},{"not_picked":["Phantasmal Killer+1","Well Laid Plans"],"picked":"Leg Sweep+1","floor":11},{"not_picked":["Masterful Stab","Caltrops"],"picked":"Distraction+1","floor":12},{"not_picked":["Backflip+1","Outmaneuver+1"],"picked":"Deflect+1","floor":14},{"not_picked":["Outmaneuver+1","Flying Knee"],"picked":"Quick Slash","floor":17},{"not_picked":["Outmaneuver+1","Slice"],"picked":"Terror+1","floor":18},{"not_picked":["Dodge and Roll+1","Prepared+1"],"picked":"Deadly Poison+1","floor":20},{"not_picked":["Crippling Poison+1","Quick Slash"],"picked":"Bouncing Flask+1","floor":21},{"not_picked":["Glass Knife","Terror+1"],"picked":"Distraction+1","floor":24},{"not_picked":["Masterful Stab","Acrobatics+1"],"picked":"Footwork","floor":28},{"not_picked":["Dodge and Roll+1","Caltrops+1"],"picked":"Crippling Poison+1","floor":31},{"not_picked":["Envenom","Wraith Form v2"],"picked":"Adrenaline+1","floor":33},{"not_picked":["Bouncing Flask+1","Dagger Throw"],"picked":"Heel Hook","floor":35},{"not_picked":["Dagger Throw","Deflect+1"],"picked":"PiercingWail+1","floor":36},{"not_picked":["Flying Knee+1","Calculated Gamble+1"],"picked":"Catalyst+1","floor":41},{"not_picked":["Blade Dance+1","Skewer+1"],"picked":"Backflip+1","floor":42},{"not_picked":["Storm of Steel+1","Flechettes+1","Riddle With Holes"],"picked":"SKIP","floor":45},{"not_picked":["Quick Slash","Infinite Blades","Skewer"],"picked":"SKIP","floor":46}],"player_experience":356936,"relics_obtained":[{"floor":8,"key":"Toxic Egg 2"},{"floor":9,"key":"Meat on the Bone"},{"floor":24,"key":"Shovel"},{"floor":26,"key":"Matryoshka"},{"floor":30,"key":"Omamori"},{"floor":30,"key":"Pen Nib"},{"floor":40,"key":"Boot"},{"floor":42,"key":"Orichalcum"},{"floor":43,"key":"Vajra"},{"floor":43,"key":"Calipers"},{"floor":45,"key":"Dodecahedron"}],"event_choices":[{"damage_healed":0,"gold_gain":0,"player_choice":"Grow","damage_taken":0,"max_hp_gain":0,"max_hp_loss":0,"event_name":"Living Wall","floor":2,"gold_loss":0,"cards_upgraded":["Neutralize"]},{"damage_healed":0,"gold_gain":0,"player_choice":"Trade","damage_taken":0,"relics_obtained":["GremlinMask"],"max_hp_gain":0,"max_hp_loss":0,"event_name":"FaceTrader","floor":4,"gold_loss":0},{"cards_removed":["Strike_G"],"damage_healed":0,"gold_gain":0,"player_choice":"Card Removal","damage_taken":7,"max_hp_gain":0,"max_hp_loss":0,"event_name":"Golden Wing","floor":7,"gold_loss":0},{"damage_healed":0,"gold_gain":0,"player_choice":"Success","damage_taken":18,"relics_obtained":["Mercury Hourglass"],"max_hp_gain":0,"max_hp_loss":0,"event_name":"Scrap Ooze","floor":10,"gold_loss":0},{"damage_healed":0,"gold_gain":0,"player_choice":"Upgraded Two","damage_taken":0,"max_hp_gain":0,"max_hp_loss":0,"event_name":"Designer","floor":19,"gold_loss":40,"cards_upgraded":["Survivor","Defend_G"]},{"damage_healed":0,"gold_gain":0,"player_choice":"Opened","damage_taken":0,"relics_obtained":["Regal Pillow"],"max_hp_gain":0,"max_hp_loss":0,"event_name":"The Mausoleum","floor":22,"gold_loss":0,"cards_obtained":["Writhe"]},{"cards_removed":["Neutralize"],"damage_healed":0,"gold_gain":0,"player_choice":"Removed Attack","damage_taken":0,"max_hp_gain":0,"max_hp_loss":0,"event_name":"Falling","floor":37,"gold_loss":0},{"damage_healed":0,"gold_gain":0,"player_choice":"Max HP","damage_taken":0,"max_hp_gain":0,"max_hp_loss":4,"event_name":"Winding Halls","floor":38,"gold_loss":0},{"damage_healed":0,"gold_gain":0,"player_choice":"Paid Gold","damage_taken":0,"relics_obtained":["Kunai"],"max_hp_gain":0,"max_hp_loss":0,"event_name":"WeMeetAgain","floor":47,"gold_loss":54}],"is_beta":false,"boss_relics":[{"not_picked":["Busted Crown","Calling Bell"],"picked":"Tiny House"},{"not_picked":["Pandora\u0027s Box","Fusion Hammer"],"picked":"Velvet Choker"}],"items_purged_floors":[27,39],"is_endless":false,"potions_floor_spawned":[3,8,11,20,21,31,35,42],"ascension_level":5}