{"gold_per_floor":[210,210,210,224,184,184,209,209,260,293,308,328,328,347,347,442,442,462,475,750,765,118,118,138,148,148,123,123],"floor_reached":28,"playtime":1249,"items_purged":["Regret"],"score":350,"play_id":"981f85ba-2e97-4f30-a149-f004d9df59d3","local_time":"20190228160433","is_ascension_mode":true,"campfire_choices":[{"floor":6,"key":"REST"},{"data":"Shrug It Off","floor":8,"key":"SMITH"},{"floor":13,"key":"REST"},{"floor":15,"key":"REST"},{"floor":23,"key":"REST"}],"neow_cost":"NONE","seed_source_timestamp":13096482659209,"circlet_count":0,"master_deck":["Strike_R","Strike_R+1","Strike_R+1","Strike_R","Strike_R","Defend_R","Defend_R","Defend_R","Defend_R","Bash+1","Pommel Strike+1","Shrug It Off+1","Disarm","Perfected Strike","Rampage","True Grit","Twin Strike","Fiend Fire","Wild Strike+1","Shrug It Off","Perfected Strike","Perfected Strike","Whirlwind","Enlightenment","Flame Barrier","Armaments"],"relics":["Black Blood","Dodecahedron","Paper Frog","Lantern","Red Skull","Anchor","Whetstone","Ginger"],"potions_floor_usage":[7,10,10,10,16,16,19,21,25,28,28],"damage_taken":[{"damage":0,"enemies":"2 Louse","floor":1,"turns":3},{"damage":2,"enemies":"Jaw Worm","floor":4,"turns":3},{"damage":14,"enemies":"3 Sentries","floor":7,"turns":9},{"damage":33,"enemies":"Lagavulin","floor":10,"turns":4},{"damage":0,"enemies":"Cultist","floor":11,"turns":2},{"damage":4,"enemies":"Looter","floor":12,"turns":3},{"damage":18,"enemies":"Exordium Thugs","floor":14,"turns":6},{"damage":0,"enemies":"Slime Boss","floor":16,"turns":7},{"damage":19,"enemies":"Spheric Guardian","floor":18,"turns":4},{"damage":0,"enemies":"Chosen","floor":19,"turns":2},{"damage":47,"enemies":"3 Cultists","floor":21,"turns":6},{"damage":32,"enemies":"Cultist and Chosen","floor":24,"turns":6},{"damage":26,"enemies":"Shelled Parasite and Fungi","floor":25,"turns":4},{"damage":34,"enemies":"Book of Stabbing","floor":28,"turns":4}],"seed_played":"-6088018705972078607","potions_obtained":[{"floor":5,"key":"SteroidPotion"},{"floor":5,"key":"SteroidPotion"},{"floor":5,"key":"Strength Potion"},{"floor":7,"key":"AttackPotion"},{"floor":12,"key":"Fire Potion"},{"floor":14,"key":"SneckoOil"},{"floor":18,"key":"Block Potion"},{"floor":19,"key":"Poison Potion"},{"floor":24,"key":"Ancient Potion"}],"is_trial":false,"path_per_floor":["M","?","T","M","?","R","E","R","T","E","M","M","R","M","R","B",null,"M","M","?","M","$","R","M","M","T","$","E"],"character_chosen":"IRONCLAD","items_purchased":["Perfected Strike","Anchor","Whetstone","Whirlwind","PowerPotion","Fire Potion","Enlightenment","Armaments"],"campfire_rested":4,"item_purchase_floors":[22,22,22,22,22,22,22,27],"current_hp_per_floor":[80,64,64,68,68,80,72,72,72,45,51,53,77,65,80,80,80,71,80,80,43,43,67,45,29,29,29,0],"gold":123,"neow_bonus":"HUNDRED_GOLD","is_prod":false,"is_daily":false,"chose_seed":false,"campfire_upgraded":1,"win_rate":0,"timestamp":1551391473,"path_taken":["M","?","?","?","?","R","E","R","T","E","M","M","R","M","R","BOSS","M","M","?","M","?","R","?","M","T","$","E"],"build_version":"2019-01-23","purchased_purges":1,"victory":false,"max_hp_per_floor":[80,80,80,80,80,80,80,80,80,80,80,80,80,80,80,80,80,80,80,80,80,80,80,80,80,80,80,80],"card_choices":[{"not_picked":["Thunderclap","Burning Pact"],"picked":"Pommel Strike","floor":1},{"not_picked":["Disarm","Evolve"],"picked":"Shrug It Off","floor":4},{"not_picked":["Havoc","Warcry"],"picked":"Disarm","floor":7},{"not_picked":["Rage","Heavy Blade"],"picked":"Perfected Strike","floor":10},{"not_picked":["Carnage","Sword Boomerang"],"picked":"Rampage","floor":11},{"not_picked":["Reckless Charge","Body Slam"],"picked":"True Grit","floor":12},{"not_picked":["Impervious","Flex"],"picked":"Twin Strike","floor":14},{"not_picked":["Limit Break","Offering"],"picked":"Fiend Fire","floor":16},{"not_picked":["Thunderclap","Body Slam"],"picked":"Wild Strike+1","floor":18},{"not_picked":["Anger","Burning Pact"],"picked":"Shrug It Off","floor":19},{"not_picked":["Reckless Charge","Wild Strike+1"],"picked":"Perfected Strike","floor":21},{"not_picked":["Combust","Thunderclap"],"picked":"Flame Barrier","floor":24},{"not_picked":["Burning Pact","Sword Boomerang+1","Heavy Blade"],"picked":"SKIP","floor":25},{"not_picked":["Burning Pact","Sword Boomerang+1","Heavy Blade"],"picked":"SKIP","floor":25}],"player_experience":478082,"relics_obtained":[{"floor":3,"key":"Dodecahedron"},{"floor":7,"key":"Paper Frog"},{"floor":9,"key":"Lantern"},{"floor":10,"key":"Red Skull"},{"floor":26,"key":"Ginger"}],"event_choices":[{"damage_healed":0,"gold_gain":0,"player_choice":"Entered Light","damage_taken":16,"max_hp_gain":0,"max_hp_loss":0,"event_name":"Shining Light","floor":2,"gold_loss":0,"cards_upgraded":["Bash","Pommel Strike"]},{"damage_healed":0,"gold_gain":0,"player_choice":"Bought 3 Potions","damage_taken":0,"max_hp_gain":0,"max_hp_loss":0,"event_name":"The Woman in Blue","floor":5,"gold_loss":0},{"damage_healed":0,"gold_gain":275,"player_choice":"Desecrate","damage_taken":0,"max_hp_gain":0,"max_hp_loss":0,"event_name":"Golden Shrine","floor":20,"gold_loss":0,"cards_obtained":["Regret"]}],"is_beta":false,"boss_relics":[{"not_picked":["Calling Bell","Lizard Tail"],"picked":"Black Blood"}],"items_purged_floors":[22],"is_endless":false,"potions_floor_spawned":[7,12,14,18,19,24],"killed_by":"Book of Stabbing","ascension_level":5}