{"gold_per_floor":[112,128,128,142,22,56,10,20,20,20,49,49,59,77,77,180,180,190,289,299,299,318,318,338,338,365,32,60,77,77],"floor_reached":30,"playtime":964,"items_purged":["Shame"],"score":301,"play_id":"12d9ae21-6de5-4a46-9949-ee31624aedb8","local_time":"20190224090438","is_ascension_mode":true,"campfire_choices":[{"floor":10,"key":"REST"},{"floor":12,"key":"REST"},{"floor":15,"key":"REST"},{"data":"Zap","floor":23,"key":"SMITH"},{"data":"Zap","floor":25,"key":"SMITH"}],"neow_cost":"CURSE","seed_source_timestamp":2936982539102,"circlet_count":0,"master_deck":["Strike_B","Strike_B","Strike_B","Strike_B","Defend_B","Defend_B","Defend_B","Defend_B","Zap+1","Dualcast","Go for the Eyes","Stack","Zap+1","Purity","Leap","Cold Snap","Redo","Gash","Turbo","Ball Lightning","Lockon","Ball Lightning","All For One","Sunder","Leap","Auto Shields+1","Melter","Darkness","Gash"],"relics":["Cracked Core","Emotion Chip","Oddly Smooth Stone","Pen Nib","Bottled Lightning","Philosopher\u0027s Stone","Omamori","Cables","Lantern"],"potions_floor_usage":[6,6,16,16,20,24],"damage_taken":[{"damage":13,"enemies":"Small Slimes","floor":1,"turns":4},{"damage":0,"enemies":"Cultist","floor":2,"turns":3},{"damage":8,"enemies":"Jaw Worm","floor":4,"turns":3},{"damage":13,"enemies":"Lagavulin","floor":6,"turns":8},{"damage":6,"enemies":"Exordium Wildlife","floor":8,"turns":6},{"damage":40,"enemies":"Gremlin Nob","floor":11,"turns":4},{"damage":3,"enemies":"Red Slaver","floor":13,"turns":3},{"damage":11,"enemies":"Looter","floor":14,"turns":2},{"damage":25,"enemies":"The Guardian","floor":16,"turns":9},{"damage":18,"enemies":"Spheric Guardian","floor":18,"turns":4},{"damage":48,"enemies":"3 Byrds","floor":20,"turns":3},{"damage":7,"enemies":"Snake Plant","floor":22,"turns":3},{"damage":5,"enemies":"Cultist and Chosen","floor":24,"turns":6},{"damage":31,"enemies":"Gremlin Leader","floor":28,"turns":6},{"damage":15,"enemies":"Centurion and Healer","floor":29,"turns":4},{"damage":18,"enemies":"Snake Plant","floor":30,"turns":1}],"seed_played":"-7829953193718422065","potions_obtained":[{"floor":2,"key":"AttackPotion"},{"floor":4,"key":"Block Potion"},{"floor":13,"key":"Dexterity Potion"},{"floor":14,"key":"Dexterity Potion"},{"floor":18,"key":"AttackPotion"},{"floor":22,"key":"Poison Potion"}],"is_trial":false,"path_per_floor":["M","M","?","M","$","E","$","M","T","R","E","R","M","M","R","B",null,"M","?","M","?","M","R","M","R","T","$","E","M","M"],"character_chosen":"DEFECT","items_purchased":["Cold Snap","Gash","Cables","Melter"],"campfire_rested":3,"item_purchase_floors":[5,7,27,27],"current_hp_per_floor":[62,62,62,54,54,41,41,35,35,57,17,39,36,25,47,22,75,57,57,9,75,68,68,63,63,63,63,32,17,0],"gold":77,"neow_bonus":"ONE_RARE_RELIC","is_prod":false,"is_daily":false,"chose_seed":false,"campfire_upgraded":2,"win_rate":0,"timestamp":1551020678,"path_taken":["M","M","?","M","$","E","$","M","T","R","E","R","?","?","R","BOSS","M","?","M","?","M","R","M","R","T","$","E","M","M"],"build_version":"2019-01-23","purchased_purges":1,"victory":false,"max_hp_per_floor":[75,75,75,75,75,75,75,75,75,75,75,75,75,75,75,75,75,75,75,75,75,75,75,75,75,75,75,75,75,75],"card_choices":[{"not_picked":["Turbo","Reinforced Body"],"picked":"Go for the Eyes","floor":1},{"not_picked":["Coolheaded","Reprogram"],"picked":"Stack","floor":2},{"not_picked":["Streamline","BootSequence"],"picked":"Leap","floor":4},{"not_picked":["Capacitor","Core Surge"],"picked":"Redo","floor":6},{"not_picked":["Stack","Heatsinks"],"picked":"Turbo","floor":8},{"not_picked":["Stack","Steam"],"picked":"Ball Lightning","floor":11},{"not_picked":["Chill","Undo"],"picked":"Lockon","floor":13},{"not_picked":["Hologram","Beam Cell"],"picked":"Ball Lightning","floor":14},{"not_picked":["Seek","Meteor Strike"],"picked":"All For One","floor":16},{"not_picked":["Coolheaded","Hologram"],"picked":"Sunder","floor":18},{"not_picked":["Conserve Battery","Heatsinks","Barrage"],"picked":"SKIP","floor":20},{"not_picked":["Turbo","Rebound"],"picked":"Leap","floor":22},{"not_picked":["Reboot","FTL"],"picked":"Auto Shields+1","floor":24},{"not_picked":["Storm","Blizzard+1"],"picked":"Darkness","floor":28},{"not_picked":["Turbo","Conserve Battery+1"],"picked":"Gash","floor":29}],"player_experience":327893,"relics_obtained":[{"floor":6,"key":"Oddly Smooth Stone"},{"floor":9,"key":"Pen Nib"},{"floor":11,"key":"Bottled Lightning"},{"floor":26,"key":"Omamori"},{"floor":28,"key":"Lantern"}],"event_choices":[{"damage_healed":0,"gold_gain":0,"player_choice":"2 cards matched","damage_taken":0,"max_hp_gain":0,"max_hp_loss":0,"event_name":"Match and Keep!","floor":3,"gold_loss":0,"cards_obtained":["Zap","Purity"]},{"damage_healed":0,"gold_gain":99,"player_choice":"Stole From Cult","damage_taken":0,"max_hp_gain":0,"max_hp_loss":0,"event_name":"Nest","floor":19,"gold_loss":0},{"damage_healed":66,"gold_gain":0,"player_choice":"Full Heal","damage_taken":0,"max_hp_gain":0,"max_hp_loss":0,"event_name":"Wheel of Change","floor":21,"gold_loss":0}],"is_beta":false,"boss_relics":[{"not_picked":["Eternal Feather","Tiny House"],"picked":"Philosopher\u0027s Stone"}],"items_purged_floors":[5],"is_endless":false,"potions_floor_spawned":[2,4,13,14,18,22],"killed_by":"Snake Plant","ascension_level":3}