{"gold_per_floor":[115,115,131,145,165,190,54,67,114,114,114,155,155,226,226,350,350,365,365,379,399,418,418,457,471,471,471,44,69,85,106,106,106],"floor_reached":33,"playtime":2386,"items_purged":["Injury"],"score":281,"play_id":"6940e0ae-4eae-4d0a-b32a-04517676c638","local_time":"20190224002237","is_ascension_mode":false,"campfire_choices":[{"floor":11.0,"key":"REST"},{"floor":13.0,"key":"REST"},{"floor":15,"key":"REST"},{"floor":23,"key":"REST"},{"floor":27,"key":"REST"},{"floor":32,"key":"REST"}],"neow_cost":"NONE","seed_source_timestamp":0,"circlet_count":0,"master_deck":["Defend_G","Defend_G","Defend_G","Defend_G","Defend_G","Strike_G","Strike_G","Strike_G","Strike_G","Strike_G","Survivor","Neutralize","Quick Slash","Heel Hook","Deadly Poison","Backflip","Blade Dance","Corpse Explosion","Blur","Dodge and Roll","Cloak And Dagger","Envenom","Outmaneuver","Bane","Poisoned Stab+1","Dodge and Roll","Cloak And Dagger+1","After Image","Bandage Up","Outmaneuver"],"special_seed":0,"relics":["Ring of the Snake","Ornamental Fan","Kunai","PreservedInsect","Golden Idol","Anchor","Art of War","Runic Pyramid","Vajra","Bird Faced Urn"],"potions_floor_usage":[22,24,25,29,29,29,33],"damage_taken":[{"damage":0.0,"enemies":"2 Louse","floor":1.0,"turns":4.0},{"damage":0.0,"enemies":"Cultist","floor":3.0,"turns":3.0},{"damage":0.0,"enemies":"Jaw Worm","floor":4.0,"turns":4.0},{"damage":1.0,"enemies":"2 Fungi Beasts","floor":5.0,"turns":4.0},{"damage":15.0,"enemies":"Lagavulin","floor":6.0,"turns":6.0},{"damage":10.0,"enemies":"Exordium Thugs","floor":8.0,"turns":3.0},{"damage":31.0,"enemies":"3 Sentries","floor":12.0,"turns":8.0},{"damage":18.0,"enemies":"3 Sentries","floor":14.0,"turns":3.0},{"damage":56,"enemies":"Hexaghost","floor":16,"turns":15},{"damage":18,"enemies":"Spheric Guardian","floor":18,"turns":7},{"damage":0,"enemies":"Shell Parasite","floor":20,"turns":7},{"damage":3,"enemies":"Snecko","floor":21,"turns":6},{"damage":14,"enemies":"Shelled Parasite and Fungi","floor":22,"turns":7},{"damage":38,"enemies":"Gremlin Leader","floor":24,"turns":8},{"damage":0,"enemies":"Centurion and Healer","floor":25,"turns":8},{"damage":17,"enemies":"Snake Plant","floor":29,"turns":5},{"damage":0,"enemies":"Snecko","floor":30,"turns":5},{"damage":8,"enemies":"Centurion and Healer","floor":31,"turns":5},{"damage":67,"enemies":"Automaton","floor":33,"turns":12}],"seed_played":"9174146947862755844","potions_obtained":[{"floor":1.0,"key":"EntropicBrew"},{"floor":3.0,"key":"GhostInAJar"},{"floor":4.0,"key":"AttackPotion"},{"floor":12.0,"key":"SkillPotion"},{"floor":20,"key":"Energy Potion"},{"floor":21,"key":"Dexterity Potion"},{"floor":24,"key":"Weak Potion"},{"floor":25,"key":"Block Potion"},{"floor":31,"key":"SkillPotion"}],"is_trial":false,"path_per_floor":["M","?","M","M","M","E","$","M","T","?","R","E","R","?","R","B",null,"M","?","M","M","M","R","E","M","T","R","$","M","M","M","R","B"],"character_chosen":"THE_SILENT","items_purchased":["Corpse Explosion","After Image","Bandage Up","Explosive Potion","SkillPotion"],"campfire_rested":6,"item_purchase_floors":[7,28,28,28,28],"current_hp_per_floor":[70,70,70,70,69,54,54,44,44,44,65,34,55,37,58,2,70,52,52,52,49,35,56,18,18,18,39,39,22,26,24,45,0],"gold":106,"neow_bonus":"THREE_CARDS","is_prod":false,"is_daily":false,"chose_seed":false,"campfire_upgraded":0,"win_rate":0,"timestamp":1550989357,"path_taken":["M","?","?","M","M","E","$","?","T","?","R","E","R","?","R","BOSS","M","?","M","M","M","R","E","M","T","R","$","M","?","M","R","BOSS"],"build_version":"2019-01-23","purchased_purges":1,"victory":false,"max_hp_per_floor":[70,70,70,70,70,70,70,70,70,70,70,70,70,70,70,70,70,70,70,70,70,70,70,70,70,70,70,70,70,70,70,70,70],"card_choices":[{"not_picked":["Dodge and Roll","Deadly Poison"],"picked":"Quick Slash","floor":0.0},{"not_picked":["Dagger Throw","Tactician"],"picked":"Heel Hook","floor":1.0},{"not_picked":["Bane","Caltrops"],"picked":"Deadly Poison","floor":3.0},{"not_picked":["Finisher","Quick Slash","Dagger Throw"],"picked":"SKIP","floor":4.0},{"not_picked":["Outmaneuver","Infinite Blades"],"picked":"Backflip","floor":5.0},{"not_picked":["Bouncing Flask","Acrobatics"],"picked":"Blade Dance","floor":6.0},{"not_picked":["Backflip","Outmaneuver"],"picked":"Blur","floor":8.0},{"not_picked":["Blur","Wraith Form v2"],"picked":"Dodge and Roll","floor":12.0},{"not_picked":["Flechettes","Slice"],"picked":"Cloak And Dagger","floor":14.0},{"not_picked":["Venomology","Bullet Time"],"picked":"Envenom","floor":16},{"not_picked":["Heel Hook+1","Slice"],"picked":"Outmaneuver","floor":18},{"not_picked":["PiercingWail","Quick Slash+1"],"picked":"Bane","floor":20},{"not_picked":["Outmaneuver","Backflip"],"picked":"Poisoned Stab+1","floor":21},{"not_picked":["Flechettes","Finisher"],"picked":"Dodge and Roll","floor":22},{"not_picked":["Adrenaline","Slice"],"picked":"Cloak And Dagger+1","floor":24},{"not_picked":["Eviscerate","Quick Slash+1","Acrobatics"],"picked":"SKIP","floor":25},{"not_picked":["Prepared","Corpse Explosion","Expertise"],"picked":"SKIP","floor":29},{"not_picked":["Flying Knee","Dagger Spray"],"picked":"Outmaneuver","floor":30},{"not_picked":["Underhanded Strike+1","Eviscerate","Prepared"],"picked":"SKIP","floor":31}],"player_experience":318401,"relics_obtained":[{"floor":6.0,"key":"Kunai"},{"floor":9.0,"key":"PreservedInsect"},{"floor":12.0,"key":"Anchor"},{"floor":14.0,"key":"Art of War"},{"floor":24,"key":"Vajra"},{"floor":26,"key":"Bird Faced Urn"}],"event_choices":[{"damage_healed":0.0,"max_hp_gain":0.0,"max_hp_loss":0.0,"gold_gain":0.0,"event_name":"WeMeetAgain","player_choice":"Gave Potion","floor":2.0,"gold_loss":0.0,"damage_taken":0.0,"relics_obtained":["Ornamental Fan"]},{"damage_healed":0.0,"max_hp_gain":0.0,"max_hp_loss":0.0,"gold_gain":0.0,"event_name":"Golden Idol","player_choice":"Take Wound","floor":10.0,"gold_loss":0.0,"damage_taken":0.0,"relics_obtained":["Golden Idol"],"cards_obtained":["Injury"]},{"damage_healed":0.0,"max_hp_gain":0.0,"max_hp_loss":0.0,"gold_gain":0.0,"event_name":"Dead Adventurer","player_choice":"Searched \u00271\u0027 times","floor":14.0,"gold_loss":0.0,"damage_taken":0.0},{"damage_healed":0,"gold_gain":0,"player_choice":"Leave","damage_taken":0,"max_hp_gain":0,"max_hp_loss":0,"event_name":"FaceTrader","floor":19,"gold_loss":0}],"is_beta":false,"boss_relics":[{"not_picked":["Calling Bell","HoveringKite"],"picked":"Runic Pyramid"}],"items_purged_floors":[28],"is_endless":false,"potions_floor_spawned":[1,3,4,12,20,21,24,25,31],"killed_by":"Automaton","ascension_level":0}