{"gold_per_floor":[117,147,222,222,233,233,262,262,309,342,342,342,37,50,50,50],"floor_reached":16,"playtime":490,"items_purged":[],"score":131,"play_id":"069a2c9e-ae2f-49d7-a6ea-5dc155a5458b","local_time":"20190212161900","is_ascension_mode":false,"campfire_choices":[{"data":"Distraction","floor":6,"key":"SMITH"},{"data":"Blur","floor":8,"key":"SMITH"},{"floor":11,"key":"REST"},{"floor":15,"key":"REST"}],"neow_cost":"NONE","seed_source_timestamp":17687991027730,"circlet_count":0,"master_deck":["Defend_G+1","Defend_G+1","Defend_G","Defend_G","Defend_G","Strike_G","Strike_G","Strike_G","Strike_G","Strike_G","Survivor","Neutralize","Distraction+1","Regret","Blur+1","Deadly Poison","Dodge and Roll","Skewer","Blade Dance","Flying Knee"],"relics":["Ring of the Snake","NeowsBlessing","Tiny Chest","War Paint","Omamori","Blood Vial","Ninja Scroll","Paper Crane","Toy Ornithopter"],"potions_floor_usage":[10,16],"damage_taken":[{"damage":0,"enemies":"Small Slimes","floor":1,"turns":1},{"damage":0,"enemies":"2 Louse","floor":5,"turns":1},{"damage":0,"enemies":"Lagavulin","floor":7,"turns":1},{"damage":49,"enemies":"Gremlin Nob","floor":10,"turns":6},{"damage":4,"enemies":"Jaw Worm","floor":14,"turns":2},{"damage":52,"enemies":"Slime Boss","floor":16,"turns":13}],"seed_played":"7656197077665674377","potions_obtained":[{"floor":1,"key":"SkillPotion"},{"floor":7,"key":"SpeedPotion"}],"is_trial":false,"path_per_floor":["M","?","?","?","M","R","E","R","T","E","R","T","$","M","R","B"],"character_chosen":"THE_SILENT","items_purchased":["Skewer","Blade Dance","Toy Ornithopter"],"campfire_rested":2,"item_purchase_floors":[13,13,13],"current_hp_per_floor":[70,63,52,52,52,52,52,52,52,5,26,26,26,24,45,0],"gold":50,"neow_bonus":"THREE_ENEMY_KILL","is_prod":false,"is_daily":false,"chose_seed":false,"campfire_upgraded":2,"win_rate":0.0,"timestamp":1550009940,"path_taken":["M","?","?","?","M","R","E","R","T","E","R","?","$","?","R","BOSS"],"build_version":"2019-01-23","purchased_purges":0,"victory":false,"max_hp_per_floor":[70,70,70,70,70,70,70,70,70,70,70,70,70,70,70,70],"card_choices":[{"not_picked":["Endless Agony","Cloak And Dagger"],"picked":"Distraction","floor":1},{"not_picked":["Prepared","Backflip"],"picked":"Blur","floor":5},{"not_picked":["Cloak And Dagger","Prepared"],"picked":"Deadly Poison","floor":7},{"not_picked":["Acrobatics","After Image"],"picked":"Dodge and Roll","floor":10},{"not_picked":["Sucker Punch","Deflect"],"picked":"Flying Knee","floor":14}],"player_experience":86981,"relics_obtained":[{"floor":7,"key":"Omamori"},{"floor":9,"key":"Blood Vial"},{"floor":10,"key":"Ninja Scroll"},{"floor":12,"key":"Paper Crane"}],"event_choices":[{"damage_healed":0,"gold_gain":0,"player_choice":"Success","damage_taken":7,"relics_obtained":["Tiny Chest"],"max_hp_gain":0,"max_hp_loss":0,"event_name":"Scrap Ooze","floor":2,"gold_loss":0},{"damage_healed":0,"gold_gain":75,"player_choice":"Gather Gold","damage_taken":11,"max_hp_gain":0,"max_hp_loss":0,"event_name":"World of Goop","floor":3,"gold_loss":0},{"damage_healed":0,"gold_gain":0,"player_choice":"Box","damage_taken":0,"relics_obtained":["War Paint"],"max_hp_gain":0,"max_hp_loss":0,"event_name":"Big Fish","floor":4,"gold_loss":0,"cards_obtained":["Regret"]}],"is_beta":false,"boss_relics":[],"items_purged_floors":[],"is_endless":false,"potions_floor_spawned":[1,7],"killed_by":"Slime Boss","ascension_level":0}