{"gold_per_floor":[113,132,132,143,6,6,41,58,85,85,95,21,56,68,80,167,179,203,230,167,179,201,213,245,287,299,311,337,361,373,395,407,495,507,530,542,554,576,183,183,211,211,211,230,230,330,342,342,342,342],"floor_reached":50,"playtime":2684,"items_purged":["Strike_G"],"score":1010,"play_id":"eded8f77-9194-4484-8145-263faafdd95b","local_time":"20190204210608","is_ascension_mode":true,"campfire_choices":[{"data":"Neutralize","floor":6,"key":"SMITH"},{"data":"Catalyst","floor":10,"key":"SMITH"},{"data":"Deadly Poison","floor":15,"key":"SMITH"},{"data":"Dodge and Roll","floor":23,"key":"SMITH"},{"data":"After Image","floor":27,"key":"SMITH"},{"floor":30,"key":"REST"},{"floor":32,"key":"REST"},{"data":"Noxious Fumes","floor":40,"key":"SMITH"},{"data":"Footwork","floor":42,"key":"SMITH"},{"floor":49,"key":"REST"}],"neow_cost":"NONE","seed_source_timestamp":967716159791700,"circlet_count":0,"master_deck":["AscendersBane","Defend_G","Defend_G","Defend_G","Defend_G","Defend_G","Strike_G","Survivor","Neutralize+1","Bullet Time","All Out Attack","Catalyst+1","Deadly Poison+1","Glass Knife","Escape Plan","Deadly Poison","PiercingWail","Leg Sweep","Escape Plan","After Image+1","Dodge and Roll+1","Dodge and Roll+1","Malaise","Backflip","Dodge and Roll","Backflip","Deflect","Footwork+1","Deadly Poison","Terror+1","Footwork+1","Backflip+1","Noxious Fumes+1","Deflect+1","A Thousand Cuts","Deflect+1","Deflect","Bandage Up","Writhe","Deadly Poison+1","Backflip+1","Madness","Madness","Deadly Poison"],"relics":["Ring of the Snake","Dream Catcher","Orichalcum","MawBank","Cursed Key","Prayer Wheel","Torii","Sozu","Spirit Poop","Gremlin Horn","Meat on the Bone","Bag of Marbles","Ginger"],"potions_floor_usage":[16,19,25,28,29,41],"damage_taken":[{"damage":2,"enemies":"Cultist","floor":1,"turns":5},{"damage":0,"enemies":"Jaw Worm","floor":2,"turns":3},{"damage":0,"enemies":"Small Slimes","floor":4,"turns":4},{"damage":21,"enemies":"Lagavulin","floor":7,"turns":7},{"damage":2,"enemies":"Exordium Wildlife","floor":8,"turns":4},{"damage":4,"enemies":"2 Fungi Beasts","floor":11,"turns":3},{"damage":19,"enemies":"3 Sentries","floor":13,"turns":10},{"damage":18,"enemies":"The Guardian","floor":16,"turns":9},{"damage":3,"enemies":"Chosen","floor":18,"turns":4},{"damage":11,"enemies":"3 Byrds","floor":19,"turns":8},{"damage":8,"enemies":"Centurion and Healer","floor":22,"turns":7},{"damage":2,"enemies":"Shelled Parasite and Fungi","floor":24,"turns":8},{"damage":16,"enemies":"Slavers","floor":25,"turns":9},{"damage":15,"enemies":"Cultist and Chosen","floor":28,"turns":10},{"damage":9,"enemies":"3 Cultists","floor":29,"turns":7},{"damage":0,"enemies":"Shelled Parasite and Fungi","floor":31,"turns":7},{"damage":9,"enemies":"Champ","floor":33,"turns":17},{"damage":1,"enemies":"3 Shapes","floor":35,"turns":4},{"damage":2,"enemies":"3 Darklings","floor":38,"turns":7},{"damage":0,"enemies":"Giant Head","floor":41,"turns":11},{"damage":11,"enemies":"4 Shapes","floor":44,"turns":6},{"damage":12,"enemies":"Mind Bloom Boss Battle","floor":46,"turns":7},{"damage":25,"enemies":"Transient","floor":47,"turns":5},{"damage":59,"enemies":"Awakened One","floor":50,"turns":5}],"seed_played":"4200959267880120286","potions_obtained":[{"floor":1,"key":"SpeedPotion"},{"floor":2,"key":"SpeedPotion"},{"floor":11,"key":"LiquidBronze"},{"floor":16,"key":"GhostInAJar"},{"floor":18,"key":"Regen Potion"},{"floor":22,"key":"Fire Potion"},{"floor":25,"key":"SteroidPotion"},{"floor":28,"key":"GamblersBrew"}],"is_trial":false,"path_per_floor":["M","M","?","M","$","R","E","M","T","R","M","$","E","?","R","B",null,"M","M","?","?","M","R","M","E","T","R","M","M","R","M","R","B",null,"M","?","?","M","$","R","E","R","T","M","T","?","M","?","R","B"],"character_chosen":"THE_SILENT","items_purchased":["Glass Knife","Leg Sweep","Gremlin Horn","Bandage Up"],"campfire_rested":3,"item_purchase_floors":[5,12,39,39],"current_hp_per_floor":[61,61,61,61,61,61,40,38,38,38,34,34,15,32,32,14,56,53,57,57,57,49,49,47,31,31,31,16,7,27,27,47,38,60,59,59,59,57,57,57,61,61,61,54,54,46,37,29,49,0],"gold":342,"neow_bonus":"ONE_RANDOM_RARE_CARD","is_prod":false,"is_daily":false,"chose_seed":false,"campfire_upgraded":7,"win_rate":0,"timestamp":1549310768,"path_taken":["M","?","?","M","$","R","E","M","T","R","M","?","E","?","R","BOSS","M","M","?","?","M","R","M","E","T","R","M","M","R","M","R","BOSS","M","?","?","?","$","R","E","R","T","M","?","?","M","?","R","BOSS"],"build_version":"2019-01-23","purchased_purges":1,"victory":false,"max_hp_per_floor":[70,70,70,70,70,70,70,70,70,70,70,70,70,70,70,70,70,70,70,67,67,67,67,67,67,67,67,67,67,67,67,67,67,67,67,67,67,67,67,67,67,67,67,67,67,67,67,67,67,67],"card_choices":[{"not_picked":["Eviscerate","Setup"],"picked":"All Out Attack","floor":1},{"not_picked":["Crippling Poison","Quick Slash"],"picked":"Catalyst","floor":2},{"not_picked":["Crippling Poison","Flechettes"],"picked":"Deadly Poison","floor":4},{"not_picked":["Acrobatics","Blade Dance"],"picked":"Escape Plan","floor":7},{"not_picked":["Deflect","Blade Dance"],"picked":"Deadly Poison","floor":8},{"not_picked":["Prepared","Backflip"],"picked":"PiercingWail","floor":11},{"not_picked":["Doppelganger","Distraction"],"picked":"Escape Plan","floor":13},{"not_picked":["Phantasmal Killer","Storm of Steel"],"picked":"After Image","floor":16},{"not_picked":["PiercingWail","Finisher+1"],"picked":"Dodge and Roll","floor":18},{"not_picked":["Prepared","Expertise"],"picked":"Dodge and Roll+1","floor":19},{"not_picked":["Dagger Throw+1","Dagger Spray"],"picked":"Dodge and Roll","floor":22},{"not_picked":["Sucker Punch","Deflect"],"picked":"Backflip","floor":24},{"not_picked":["Caltrops","Phantasmal Killer"],"picked":"Deflect","floor":25},{"not_picked":["Backflip","Well Laid Plans"],"picked":"Footwork+1","floor":28},{"not_picked":["Underhanded Strike","Outmaneuver+1"],"picked":"Deadly Poison","floor":28},{"not_picked":["Envenom","Acrobatics"],"picked":"Terror+1","floor":29},{"not_picked":["Predator","Leg Sweep"],"picked":"Footwork","floor":29},{"not_picked":["Blur","Prepared+1"],"picked":"Backflip+1","floor":30},{"not_picked":["Bane","Quick Slash"],"picked":"Noxious Fumes","floor":31},{"not_picked":["All Out Attack","Sucker Punch","Predator"],"picked":"SKIP","floor":31},{"not_picked":["Escape Plan","Skewer"],"picked":"Deflect+1","floor":32},{"not_picked":["Die Die Die","Glass Knife"],"picked":"A Thousand Cuts","floor":33},{"not_picked":["Underhanded Strike+1","Expertise"],"picked":"Deflect+1","floor":35},{"not_picked":["Backflip","Dagger Spray","Setup"],"picked":"SKIP","floor":35},{"not_picked":["Eviscerate+1","Concentrate"],"picked":"Deflect","floor":38},{"not_picked":["Acrobatics","Bane","Backflip"],"picked":"SKIP","floor":38},{"not_picked":["Storm of Steel","Grand Finale","Quick Slash+1"],"picked":"SKIP","floor":41},{"not_picked":["Cloak And Dagger","Distraction"],"picked":"Deadly Poison+1","floor":44},{"not_picked":["Expertise+1","Blade Dance+1","Bane+1"],"picked":"SKIP","floor":44},{"not_picked":["Endless Agony","Underhanded Strike"],"picked":"Backflip+1","floor":46},{"not_picked":["Setup","Masterful Stab","Acrobatics+1"],"picked":"SKIP","floor":47},{"not_picked":["Quick Slash","Glass Knife","Blade Dance"],"picked":"SKIP","floor":47},{"not_picked":["Flying Knee","PiercingWail"],"picked":"Deadly Poison","floor":49}],"player_experience":470286,"relics_obtained":[{"floor":7,"key":"Dream Catcher"},{"floor":9,"key":"Orichalcum"},{"floor":13,"key":"MawBank"},{"floor":25,"key":"Prayer Wheel"},{"floor":26,"key":"Torii"},{"floor":41,"key":"Meat on the Bone"},{"floor":43,"key":"Bag of Marbles"},{"floor":46,"key":"Ginger"}],"event_choices":[{"cards_removed":["Strike_G"],"damage_healed":0,"gold_gain":0,"player_choice":"Purged","damage_taken":0,"max_hp_gain":0,"max_hp_loss":0,"event_name":"Purifier","floor":3,"gold_loss":0},{"damage_healed":17,"gold_gain":0,"player_choice":"Healed and dodged fight","damage_taken":0,"max_hp_gain":0,"max_hp_loss":0,"event_name":"Mushrooms","floor":14,"gold_loss":0,"cards_obtained":["Parasite"]},{"cards_removed":["Parasite"],"damage_healed":0,"gold_gain":0,"player_choice":"Gave Gold","damage_taken":0,"max_hp_gain":0,"max_hp_loss":0,"event_name":"Beggar","floor":20,"gold_loss":75},{"damage_healed":0,"gold_gain":0,"cards_transformed":["Strike_G","Strike_G"],"player_choice":"Became Test Subject","damage_taken":0,"max_hp_gain":0,"max_hp_loss":0,"event_name":"Drug Dealer","floor":21,"gold_loss":0,"cards_obtained":["Malaise","Backflip"]},{"damage_healed":0,"gold_gain":0,"player_choice":"Memory 1","damage_taken":0,"max_hp_gain":0,"max_hp_loss":0,"event_name":"SensoryStone","floor":36,"gold_loss":0},{"cards_removed":["Injury"],"damage_healed":0,"gold_gain":0,"player_choice":"Offered Curse","damage_taken":0,"relics_obtained":["Spirit Poop"],"max_hp_gain":0,"max_hp_loss":0,"event_name":"Bonfire Elementals","floor":37,"gold_loss":0},{"damage_healed":0,"gold_gain":0,"player_choice":"Fight","damage_taken":0,"max_hp_gain":0,"max_hp_loss":0,"event_name":"MindBloom","floor":46,"gold_loss":0},{"damage_healed":0,"gold_gain":0,"player_choice":"Embrace Madness","damage_taken":8,"max_hp_gain":0,"max_hp_loss":0,"event_name":"Winding Halls","floor":48,"gold_loss":0,"cards_obtained":["Madness","Madness"]}],"is_beta":false,"boss_relics":[{"not_picked":["WristBlade","Runic Dome"],"picked":"Cursed Key"},{"not_picked":["Empty Cage","White Beast Statue"],"picked":"Sozu"}],"items_purged_floors":[39],"is_endless":false,"potions_floor_spawned":[1,2,11,16,18,22,25,28,46,47],"killed_by":"Awakened One","ascension_level":13}