{"gold_per_floor":[114,114,130,130,130,130,145,145,168,50,75,93,113,113,113,233,233,251,272,127,127,127,127,0,0,0,0,99,14,38,63,63,187,487,508,508,5,30,44,44,67,91,159,159,159],"floor_reached":45,"playtime":2114,"items_purged":[],"score":496,"play_id":"34509bcc-9bf0-46b5-9d95-010ae1234461","local_time":"20190217234833","is_ascension_mode":true,"campfire_choices":[{"data":"Inflame","floor":6.0,"key":"SMITH"},{"floor":8.0,"key":"REST"},{"floor":15.0,"key":"REST"},{"floor":23.0,"key":"REST"},{"floor":25.0,"key":"REST"},{"data":"Inflame","floor":27.0,"key":"SMITH"},{"floor":32.0,"key":"REST"},{"data":"Shrug It Off","floor":40,"key":"SMITH"},{"floor":44,"key":"REST"}],"neow_cost":"PERCENT_DAMAGE","seed_source_timestamp":0,"circlet_count":0,"master_deck":["Strike_R","Strike_R","Strike_R","Defend_R","Defend_R","Defend_R","Bash","Whirlwind+1","Inflame+1","Ghostly Armor","Inflame+1","Iron Wave+1","Heavy Blade","Shrug It Off+1","Shrug It Off","Reaper","Heavy Blade","Battle Trance","Heavy Blade","Flex","Rampage+1","Limit Break","Bludgeon","Injury","Blood for Blood+1","Burning Pact","True Grit+1","Ghostly Armor+1","Entrench+1"],"special_seed":0,"relics":["Burning Blood","Self Forming Clay","Golden Idol","Oddly Smooth Stone","Omamori","Orrery","Anchor","MutagenicStrength","Orichalcum","Whetstone","Du-Vu Doll","Calling Bell","Bag of Preparation","Mercury Hourglass","Old Coin","Mummified Hand","Lee\u0027s Waffle","Meat on the Bone"],"potions_floor_usage":[38,41,41,45],"damage_taken":[{"damage":1.0,"enemies":"2 Louse","floor":1.0,"turns":4.0},{"damage":7.0,"enemies":"Jaw Worm","floor":3.0,"turns":5.0},{"damage":0.0,"enemies":"Cultist","floor":7.0,"turns":4.0},{"damage":0.0,"enemies":"Lots of Slimes","floor":11.0,"turns":1.0},{"damage":13.0,"enemies":"Gremlin Gang","floor":12.0,"turns":3.0},{"damage":17.0,"enemies":"Exordium Thugs","floor":13.0,"turns":5.0},{"damage":49.0,"enemies":"Hexaghost","floor":16.0,"turns":11.0},{"damage":21.0,"enemies":"Shell Parasite","floor":18.0,"turns":9.0},{"damage":26.0,"enemies":"Spheric Guardian","floor":19.0,"turns":7.0},{"damage":25.0,"enemies":"Centurion and Healer","floor":30.0,"turns":8.0},{"damage":3.0,"enemies":"Snake Plant","floor":31.0,"turns":2.0},{"damage":103.0,"enemies":"Collector","floor":33.0,"turns":11.0},{"damage":33,"enemies":"3 Darklings","floor":35,"turns":4},{"damage":2,"enemies":"Orb Walker","floor":38,"turns":3},{"damage":6,"enemies":"Maw","floor":39,"turns":6},{"damage":69,"enemies":"Writhing Mass","floor":41,"turns":5},{"damage":46,"enemies":"Jaw Worm Horde","floor":42,"turns":6},{"damage":44,"enemies":"Nemesis","floor":45,"turns":4}],"seed_played":"-7358253394512715567","potions_obtained":[{"floor":11.0,"key":"Fire Potion"},{"floor":13.0,"key":"PowerPotion"},{"floor":16.0,"key":"FairyPotion"},{"floor":18.0,"key":"BloodPotion"},{"floor":30.0,"key":"Energy Potion"},{"floor":31.0,"key":"Dexterity Potion"},{"floor":35,"key":"Explosive Potion"},{"floor":38,"key":"Fire Potion"},{"floor":42,"key":"FearPotion"}],"is_trial":false,"path_per_floor":["M","?","M","?","?","R","M","R","T","$","M","M","M","T","R","B",null,"M","M","$","?","T","R","?","R","T","R","?","?","M","M","R","B",null,"M","?","$","M","M","R","M","M","T","R","E"],"character_chosen":"IRONCLAD","items_purchased":["Inflame","Iron Wave","Anchor","Mummified Hand","Lee\u0027s Waffle","Block Potion"],"campfire_rested":6,"item_purchase_floors":[10,10,20,37,37,37],"current_hp_per_floor":[61,49,48,48,48,48,54,74,74,74,74,67,56,56,74,31,74,59,39,39,39,39,61,61,74,74,74,74,74,55,58,74,20,74,68,68,81,81,81,81,29,14,14,38,0],"gold":159,"neow_bonus":"REMOVE_TWO","is_prod":false,"is_daily":false,"chose_seed":false,"campfire_upgraded":3,"win_rate":0,"timestamp":1550468913,"path_taken":["M","?","M","?","?","R","?","R","T","?","?","M","M","?","R","BOSS","M","M","$","?","?","R","?","R","T","R","?","?","M","?","R","BOSS","M","?","$","?","M","R","M","M","T","R","E"],"build_version":"2019-01-23","purchased_purges":0,"victory":false,"max_hp_per_floor":[80,80,80,74,74,74,74,74,74,74,74,74,74,74,74,74,74,74,74,74,74,74,74,74,74,74,74,74,74,74,74,74,74,74,74,74,81,81,81,81,81,81,81,81,81],"card_choices":[{"not_picked":["Wild Strike","True Grit"],"picked":"Whirlwind","floor":1.0},{"not_picked":["Seeing Red","Shockwave"],"picked":"Inflame","floor":3.0},{"not_picked":["Feel No Pain","Pummel"],"picked":"Ghostly Armor","floor":7.0},{"not_picked":["Cleave","Armaments"],"picked":"Heavy Blade","floor":11.0},{"not_picked":["Clash","Uppercut"],"picked":"Shrug It Off","floor":12.0},{"not_picked":["Clothesline","Exhume"],"picked":"Shrug It Off","floor":13.0},{"not_picked":["Fiend Fire","Offering"],"picked":"Reaper","floor":16.0},{"not_picked":["Metallicize","Second Wind"],"picked":"Heavy Blade","floor":17.0},{"not_picked":["Dropkick","Pommel Strike"],"picked":"Battle Trance","floor":17.0},{"not_picked":["Twin Strike","Clothesline"],"picked":"Heavy Blade","floor":17.0},{"not_picked":["Iron Wave","Sword Boomerang+1"],"picked":"Flex","floor":18.0},{"not_picked":["Armaments","Twin Strike"],"picked":"Rampage","floor":19.0},{"not_picked":["Disarm+1","Intimidate"],"picked":"Limit Break","floor":30.0},{"not_picked":["Combust+1","True Grit","Burning Pact+1"],"picked":"SKIP","floor":31.0},{"not_picked":["Juggernaut","Exhume"],"picked":"Bludgeon","floor":33.0},{"not_picked":["Headbutt","Fire Breathing+1"],"picked":"Blood for Blood+1","floor":35},{"not_picked":["Shrug It Off","Clothesline"],"picked":"True Grit+1","floor":38},{"not_picked":["Perfected Strike","Second Wind+1","Sword Boomerang"],"picked":"SKIP","floor":39},{"not_picked":["Bludgeon","True Grit"],"picked":"Ghostly Armor+1","floor":41},{"not_picked":["Cleave","Clash+1"],"picked":"Entrench+1","floor":42}],"player_experience":195975,"relics_obtained":[{"floor":9.0,"key":"Oddly Smooth Stone"},{"floor":14.0,"key":"Omamori"},{"floor":22.0,"key":"Orichalcum"},{"floor":26.0,"key":"Whetstone"},{"floor":34,"key":"Bag of Preparation"},{"floor":34,"key":"Mercury Hourglass"},{"floor":34,"key":"Old Coin"},{"floor":43,"key":"Meat on the Bone"}],"event_choices":[{"damage_healed":0.0,"max_hp_gain":0.0,"max_hp_loss":0.0,"gold_gain":0.0,"event_name":"Scrap Ooze","player_choice":"Success","floor":2.0,"gold_loss":0.0,"damage_taken":12.0,"relics_obtained":["Self Forming Clay"]},{"damage_healed":0.0,"max_hp_gain":0.0,"max_hp_loss":6.0,"gold_gain":0.0,"event_name":"Golden Idol","player_choice":"Lose Max HP","floor":4.0,"gold_loss":0.0,"damage_taken":0.0,"relics_obtained":["Golden Idol"]},{"damage_healed":0.0,"max_hp_gain":0.0,"max_hp_loss":0.0,"gold_gain":0.0,"event_name":"Accursed Blacksmith","player_choice":"Forge","floor":5.0,"gold_loss":0.0,"damage_taken":0.0,"cards_upgraded":["Whirlwind"]},{"damage_healed":0.0,"max_hp_gain":0.0,"max_hp_loss":0.0,"gold_gain":0.0,"event_name":"Drug Dealer","player_choice":"Inject Mutagens","floor":21.0,"gold_loss":0.0,"damage_taken":0.0,"relics_obtained":["MutagenicStrength"]},{"damage_healed":0.0,"max_hp_gain":0.0,"max_hp_loss":0.0,"gold_gain":0.0,"event_name":"Masked Bandits","player_choice":"Paid Fearfully","floor":24.0,"gold_loss":127.0,"damage_taken":0.0},{"damage_healed":0.0,"max_hp_gain":0.0,"max_hp_loss":0.0,"gold_gain":99.0,"event_name":"Nest","player_choice":"Stole From Cult","floor":28.0,"gold_loss":0.0,"damage_taken":0.0},{"damage_healed":0.0,"max_hp_gain":0.0,"max_hp_loss":0.0,"gold_gain":0.0,"event_name":"Addict","player_choice":"Obtained Relic","floor":29.0,"gold_loss":85.0,"damage_taken":0.0,"relics_obtained":["Du-Vu Doll"]},{"damage_healed":0,"gold_gain":0,"cards_transformed":["Strike_R"],"player_choice":"Transformed","damage_taken":0,"max_hp_gain":0,"max_hp_loss":0,"event_name":"Transmorgrifier","floor":36,"gold_loss":0,"cards_obtained":["Burning Pact"]}],"is_beta":false,"boss_relics":[{"not_picked":["Velvet Choker","Pandora\u0027s Box"],"picked":"Orrery"},{"not_picked":["Black Star","Runic Dome"],"picked":"Calling Bell"}],"items_purged_floors":[],"is_endless":false,"potions_floor_spawned":[11,13,16,18,30,31,35,38,42],"killed_by":"Nemesis","ascension_level":2}