{"path_per_floor":["M","M","?","?","$","R","M","R","T","M","M","E","?","E","R","B",null,"M","M","?","?"],"character_chosen":"THE_SILENT","items_purchased":["Footwork"],"gold_per_floor":[112,130,80,80,13,13,31,31,84,99,112,145,320,346,346,443,443,455,469,469,469],"floor_reached":22,"campfire_rested":0,"playtime":1878,"current_hp_per_floor":[70,70,70,70,70,70,66,66,66,64,59,47,47,46,46,30,70,41,7,7,7],"items_purged":[],"gold":469,"score":193,"play_id":"347fa8e8-80d8-48ba-833d-882ebbf9831c","is_prod":false,"is_daily":false,"is_ascension_mode":false,"campfire_upgraded":3,"path_taken":["M","M","?","?","?","R","?","R","T","M","?","E","?","E","R","BOSS","M","M","?","?","M"],"build_version":"2018-02-22-PROD1","purchased_purges":0,"victory":false,"master_deck":["Defend_G","Defend_G","Defend_G","Defend_G","Strike_G","Strike_G","Strike_G","Strike_G","Survivor","Neutralize+1","Poisoned Stab+1","Terror","Bane+1","Footwork+1","Outmaneuver","Bouncing Flask","Acrobatics","Skewer","Bouncing Flask","A Thousand Cuts+1","Backflip"],"max_hp_per_floor":[70,70,70,70,70,70,70,70,70,70,70,70,70,70,70,70,70,70,70,70,70],"relics":["Ring of the Snake","Vajra","Frozen Egg 2","Omamori","Philosopher\u0027s Stone","Spirit Poop","Centennial Puzzle"],"card_choices":[{"not_picked":["Backflip","Dagger Spray"],"picked":"Poisoned Stab"},{"not_picked":["Bane","Slice"],"picked":"Terror"},{"not_picked":["Deflect","Sucker Punch"],"picked":"Outmaneuver"},{"not_picked":["Riddle With Holes","Flying Knee"],"picked":"Bouncing Flask"},{"not_picked":["Deflect","Flying Knee"],"picked":"Acrobatics"},{"not_picked":["Blade Dance","Flying Knee"],"picked":"Skewer"},{"not_picked":["Well Laid Plans","Terror"],"picked":"Bouncing Flask"},{"not_picked":["Unload","Burst"],"picked":"A Thousand Cuts"},{"not_picked":["Well Laid Plans","Prepared"],"picked":"Backflip"}],"player_experience":137708,"potions_floor_usage":[16,22],"damage_taken":[{"damage":0.0,"enemies":"2 Louse","floor":1.0,"turns":4.0},{"damage":0.0,"enemies":"Jaw Worm","floor":2.0,"turns":3.0},{"damage":4.0,"enemies":"Cultist","floor":7.0,"turns":3.0},{"damage":2.0,"enemies":"3 Louse","floor":10.0,"turns":5.0},{"damage":5.0,"enemies":"Exordium Wildlife","floor":11.0,"turns":4.0},{"damage":12.0,"enemies":"Lagavulin","floor":12.0,"turns":6.0},{"damage":1.0,"enemies":"Gremlin Nob","floor":14.0,"turns":4.0},{"damage":16,"enemies":"Hexaghost","floor":16,"turns":9},{"damage":29,"enemies":"Shell Parasite","floor":18,"turns":4},{"damage":34,"enemies":"2 Thieves","floor":19,"turns":4},{"damage":9,"enemies":"Chosen and Byrds","floor":22,"turns":2}],"event_choices":[{"event_name":"The Cleric","player_choice":"Card Removal","floor":3.0,"damage_taken":0.0},{"event_name":"Transmorgrifier","player_choice":"Transform","floor":4.0,"damage_taken":0.0},{"event_name":"Liars Game","player_choice":"agreed","floor":13.0,"damage_taken":0.0},{"event_name":"Bonfire Elementals","player_choice":"CURSE","floor":20,"damage_taken":0},{"event_name":"Accursed Blacksmith","player_choice":"Rummage","floor":21,"damage_taken":0}],"boss_relics":[{"not_picked":["Tiny House","Runic Pyramid"],"picked":"Philosopher\u0027s Stone"}],"potions_floor_spawned":[2,7,11,19],"seed_played":"-1624132783504893379","killed_by":"Chosen and Byrds","ascension_level":0,"is_trial":false}