{"gold_per_floor":[360,4,22,47,147,147,147,161,232,232,252,252,284,303,303,406,406,418,429,354,367,75,75,106,122,122,122,153,153],"floor_reached":29,"playtime":1125,"items_purged":["Strike_B"],"score":318,"play_id":"638934fe-aeff-4dd7-9787-1b8cf432efd3","local_time":"20180712214400","is_ascension_mode":false,"campfire_choices":[{"data":"Zap","floor":6,"key":"SMITH"},{"data":"Ball Lightning","floor":10,"key":"SMITH"},{"data":"Dualcast","floor":12,"key":"SMITH"},{"data":"Hologram","floor":15,"key":"SMITH"},{"data":"Echo Form","floor":23,"key":"SMITH"},{"floor":27,"key":"REST"}],"neow_cost":"FIFTY_PERCENT_DAMAGE","seed_source_timestamp":9546031699750,"circlet_count":0,"master_deck":["Strike_B","Strike_B","Strike_B","Defend_B","Defend_B+1","Defend_B","Defend_B+1","Zap+1","Dualcast+1","Gash","Go for the Eyes+1","Ball Lightning+1","Gash","Gash","Hologram+1","Echo Form+1","Clumsy","Parasite","Leap+1","Beam Cell+1","Conserve Battery","Loop+1","Gash+1"],"relics":["Cracked Core","Cables","War Paint","Shuriken","Du-Vu Doll","Calling Bell","Centennial Puzzle","Darkstone Periapt","Gambling Chip","Lee\u0027s Waffle","Sundial","Bottled Lightning","Red Mask"],"potions_floor_usage":[13,16,24,24],"damage_taken":[{"damage":0,"enemies":"Cultist","floor":1,"turns":3},{"damage":0,"enemies":"2 Louse","floor":3,"turns":2},{"damage":0,"enemies":"Small Slimes","floor":8,"turns":2},{"damage":0,"enemies":"Exordium Thugs","floor":11,"turns":3},{"damage":10,"enemies":"Lagavulin","floor":13,"turns":7},{"damage":5,"enemies":"Looter","floor":14,"turns":2},{"damage":0,"enemies":"Slime Boss","floor":16,"turns":4},{"damage":1,"enemies":"Chosen","floor":18,"turns":3},{"damage":17,"enemies":"2 Thieves","floor":19,"turns":3},{"damage":22,"enemies":"Snecko","floor":21,"turns":4},{"damage":39,"enemies":"Gremlin Leader","floor":24,"turns":6},{"damage":15,"enemies":"Snake Plant","floor":25,"turns":4},{"damage":35,"floor":28,"turns":4},{"damage":18,"enemies":"Slavers","floor":29,"turns":4}],"seed_played":"1365112392862036298","potions_obtained":[{"floor":8,"key":"PowerPotion"},{"floor":18,"key":"FocusPotion"},{"floor":19,"key":"Poison Potion"},{"floor":24,"key":"SteroidPotion"}],"is_trial":false,"path_per_floor":["M","$","M","T","?","R","?","M","T","R","M","R","E","M","R","B",null,"M","M","?","M","$","R","E","M","T","R","?"],"character_chosen":"DEFECT","items_purchased":["Cables","Regen Potion","Go for the Eyes","Lee\u0027s Waffle","Conserve Battery"],"campfire_rested":1,"item_purchase_floors":[2,2,2,22,22],"current_hp_per_floor":[38,38,38,38,38,38,38,38,38,38,38,38,28,23,23,35,75,74,57,57,35,82,82,43,28,28,52,17,0],"gold":153,"neow_bonus":"TWO_FIFTY_GOLD","is_prod":false,"is_daily":false,"chose_seed":false,"campfire_upgraded":5,"win_rate":0,"timestamp":1531446240,"path_taken":["M","$","?","?","?","R","?","?","T","R","M","R","E","M","R","BOSS","M","M","?","M","$","R","E","?","T","R","?","E"],"build_version":"2018-07-12","purchased_purges":1,"victory":false,"max_hp_per_floor":[75,75,75,75,75,75,75,75,75,75,75,75,75,75,75,75,75,75,75,75,75,82,82,82,82,82,82,82,82],"card_choices":[{"not_picked":["Sweeping Beam","Hello World"],"picked":"Gash","floor":1},{"not_picked":["Darkness","Hello World"],"picked":"Ball Lightning","floor":3},{"not_picked":["Hologram","Heatsinks"],"picked":"Gash","floor":8},{"not_picked":["Coolheaded","Streamline","Tempest"],"picked":"SKIP","floor":11},{"not_picked":["FTL","Turbo"],"picked":"Gash","floor":13},{"not_picked":["Undo","Barrage"],"picked":"Hologram","floor":14},{"not_picked":["All For One","Machine Learning"],"picked":"Echo Form","floor":16},{"not_picked":["Sunder+1","Chaos","Streamline"],"picked":"SKIP","floor":18},{"not_picked":["Reinforced Body+1","Cold Snap"],"picked":"Leap+1","floor":19},{"not_picked":["Sweeping Beam+1","Streamline"],"picked":"Beam Cell+1","floor":21},{"not_picked":["Meteor Strike","Tempest"],"picked":"Loop+1","floor":24},{"not_picked":["Steam+1","Coolheaded","Beam Cell"],"picked":"SKIP","floor":25},{"not_picked":["Turbo","Barrage"],"picked":"Gash+1","floor":28}],"player_experience":278379,"relics_obtained":[{"floor":4,"key":"War Paint"},{"floor":9,"key":"Shuriken"},{"floor":13,"key":"Du-Vu Doll"},{"floor":17,"key":"Centennial Puzzle"},{"floor":17,"key":"Darkstone Periapt"},{"floor":17,"key":"Gambling Chip"},{"floor":24,"key":"Sundial"},{"floor":26,"key":"Bottled Lightning"},{"floor":28,"key":"Red Mask"}],"event_choices":[{"event_name":"Golden Shrine","player_choice":"Pray","floor":5,"damage_taken":0},{"event_name":"Accursed Blacksmith","player_choice":"Forge","floor":7,"damage_taken":0},{"event_name":"Beggar","player_choice":"Gave Gold","floor":20,"damage_taken":0},{"event_name":"Masked Bandits","player_choice":"Fought over 122 gold","floor":28,"damage_taken":0}],"boss_relics":[{"not_picked":["Runic Pyramid","Orrery"],"picked":"Calling Bell"}],"items_purged_floors":[22],"is_endless":false,"potions_floor_spawned":[8,18,19,24],"killed_by":"Slavers","ascension_level":0}