{"gold_per_floor":[18,32,32,32,32,32,52,52,52,107,107,123,48,63,63,167,167,181,201,27,39,57,57,76,76,102,102,117,117,42,42,42,138,138,158,158,0,0,0,0,14,14,92,14,14,29,48,64,64,64],"floor_reached":51,"playtime":1794,"items_purged":["Strike_B","Strike_B"],"score":687,"play_id":"42621b98-ce56-47b6-b513-8a8bf0ddaff4","local_time":"20190217151011","is_ascension_mode":false,"campfire_choices":[{"data":"Conserve Battery","floor":6,"key":"SMITH"},{"data":"Defragment","floor":8,"key":"SMITH"},{"floor":11,"key":"REST"},{"data":"Lockon","floor":15,"key":"SMITH"},{"floor":23,"key":"REST"},{"data":"Buffer","floor":25,"key":"SMITH"},{"data":"Leap","floor":27,"key":"SMITH"},{"floor":32,"key":"REST"},{"data":"Sunder","floor":40,"key":"SMITH"},{"data":"Chaos","floor":45,"key":"SMITH"},{"data":"Stack","floor":49,"key":"SMITH"}],"neow_cost":"NO_GOLD","seed_source_timestamp":13217611663917,"circlet_count":0,"master_deck":["Strike_B+1","Strike_B","Defend_B","Defend_B","Defend_B","Defend_B","Zap","Dualcast","Stack+1","Redo+1","Sweeping Beam","Conserve Battery+1","Defragment+1","Redo","Rebound","Chaos+1","Lockon+1","Buffer+1","Rebound+1","Leap+1","Ball Lightning+1","Leap+1","Melter","Barrage+1","Stack","Stack+1","Barrage+1","Reinforced Body+1","Sunder+1","Electrodynamics","Compile Driver+1","Master of Strategy","Leap+1","Ball Lightning+1","Regret","Chill+1","Leap+1","Leap+1","Hologram+1"],"relics":["Cracked Core","Prayer Wheel","Shuriken","Blood Vial","Vajra","Inserter","Orichalcum","Enchiridion","Cursed Key","Red Mask","Toxic Egg 2"],"potions_floor_usage":[18,18,19,22,28,41,50,50],"damage_taken":[{"damage":1,"enemies":"Jaw Worm","floor":1,"turns":4},{"damage":0,"enemies":"Small Slimes","floor":2,"turns":2},{"damage":2,"enemies":"2 Louse","floor":7,"turns":2},{"damage":0,"enemies":"Looter","floor":12,"turns":3},{"damage":4,"enemies":"Blue Slaver","floor":14,"turns":3},{"damage":28,"enemies":"The Guardian","floor":16,"turns":7},{"damage":31,"enemies":"2 Thieves","floor":18,"turns":5},{"damage":3,"enemies":"Shell Parasite","floor":19,"turns":4},{"damage":12,"enemies":"Snecko","floor":21,"turns":5},{"damage":0,"enemies":"Sentry and Sphere","floor":22,"turns":3},{"damage":0,"enemies":"Cultist and Chosen","floor":24,"turns":6},{"damage":3,"enemies":"Snecko","floor":28,"turns":6},{"damage":18,"enemies":"Champ","floor":33,"turns":13},{"damage":0,"enemies":"Orb Walker","floor":35,"turns":4},{"damage":5,"enemies":"3 Darklings","floor":41,"turns":4},{"damage":5,"enemies":"Writhing Mass","floor":46,"turns":6},{"damage":0,"enemies":"Spire Growth","floor":47,"turns":6},{"damage":0,"enemies":"Jaw Worm Horde","floor":48,"turns":4},{"damage":60,"enemies":"Time Eater","floor":50,"turns":17}],"seed_played":"5900905880611117822","potions_obtained":[{"floor":2,"key":"Strength Potion"},{"floor":7,"key":"Dexterity Potion"},{"floor":18,"key":"Weak Potion"},{"floor":21,"key":"Poison Potion"},{"floor":24,"key":"AttackPotion"},{"floor":35,"key":"Block Potion"},{"floor":46,"key":"SteroidPotion"},{"floor":47,"key":"Dexterity Potion"}],"is_trial":false,"path_per_floor":["M","M","?","?","?","R","M","R","T","T","R","M","$","M","R","B",null,"M","M","$","M","M","R","M","R","T","R","M","?","$","?","R","B",null,"M","?","?","$","?","R","M","?","T","$","R","M","M","M","R","B",null],"character_chosen":"DEFECT","items_purchased":["Melter","Sunder","Chill+1"],"campfire_rested":3,"item_purchase_floors":[20,30,44],"current_hp_per_floor":[74,74,74,59,52,52,50,50,50,50,72,74,74,71,71,45,75,44,43,43,33,35,57,59,59,59,59,58,75,75,59,75,57,75,75,75,75,75,75,75,70,70,70,70,70,66,68,70,70,11],"gold":64,"neow_bonus":"ONE_RARE_RELIC","is_prod":false,"is_daily":false,"chose_seed":false,"campfire_upgraded":8,"win_rate":0,"timestamp":1550437811,"path_taken":["M","M","?","?","?","R","M","R","T","?","R","M","?","M","R","BOSS","M","M","$","M","M","R","M","R","T","R","M","?","$","?","R","BOSS","M","?","?","$","?","R","M","?","T","?","R","M","M","M","R","BOSS"],"build_version":"2019-01-23","purchased_purges":2,"victory":true,"max_hp_per_floor":[75,75,75,75,75,75,75,75,75,75,75,75,75,75,75,75,75,75,75,75,75,75,75,75,75,75,75,75,75,75,75,75,75,75,75,75,75,75,75,75,75,71,71,71,71,71,71,71,71,71],"card_choices":[{"not_picked":["Beam Cell","Skim"],"picked":"Stack","floor":1},{"not_picked":["Consume","Beam Cell"],"picked":"Redo","floor":1},{"not_picked":["Coolheaded","Steam"],"picked":"Sweeping Beam","floor":2},{"not_picked":["Meteor Strike","Sweeping Beam"],"picked":"Conserve Battery","floor":2},{"not_picked":["Sweeping Beam","Consume"],"picked":"Defragment","floor":7},{"not_picked":["Turbo","Compile Driver"],"picked":"Redo","floor":7},{"not_picked":["Hello World","Barrage"],"picked":"Rebound","floor":12},{"not_picked":["Doom and Gloom","Beam Cell"],"picked":"Chaos","floor":12},{"not_picked":["Barrage","Storm"],"picked":"Lockon","floor":14},{"not_picked":["Barrage","Turbo","Rebound"],"picked":"SKIP","floor":14},{"not_picked":["Creative AI","Reboot"],"picked":"Buffer","floor":16},{"not_picked":["Sweeping Beam","Beam Cell"],"picked":"Rebound+1","floor":18},{"not_picked":["Doom and Gloom","Barrage","Leap+1"],"picked":"SKIP","floor":18},{"not_picked":["Doom and Gloom","Barrage"],"picked":"Leap+1","floor":18},{"not_picked":["Chaos","Meteor Strike"],"picked":"Ball Lightning+1","floor":19},{"not_picked":["Aggregate","Coolheaded"],"picked":"Leap","floor":19},{"not_picked":["Beam Cell","Hologram"],"picked":"Barrage+1","floor":21},{"not_picked":["Double Energy","Redo","Cold Snap"],"picked":"SKIP","floor":21},{"not_picked":["Recycle","Coolheaded"],"picked":"Stack","floor":22},{"not_picked":["Barrage","Gash"],"picked":"Stack+1","floor":22},{"not_picked":["Capacitor","Sweeping Beam"],"picked":"Barrage+1","floor":24},{"not_picked":["Multi-Cast","Stack","Storm"],"picked":"SKIP","floor":24},{"not_picked":["Rebound","Barrage"],"picked":"Reinforced Body+1","floor":28},{"not_picked":["Cold Snap","Aggregate","Lockon"],"picked":"SKIP","floor":28},{"not_picked":["Multi-Cast","Amplify"],"picked":"Electrodynamics","floor":33},{"not_picked":["Coolheaded","Scrape+1"],"picked":"Compile Driver+1","floor":35},{"not_picked":["Rip and Tear","Go for the Eyes+1","Coolheaded"],"picked":"SKIP","floor":35},{"not_picked":["PanicButton","Impatience"],"picked":"Master of Strategy","floor":39},{"not_picked":["Storm","Lockon+1"],"picked":"Leap+1","floor":41},{"not_picked":["Streamline","Conserve Battery+1"],"picked":"Ball Lightning+1","floor":41},{"not_picked":["Storm+1","Rip and Tear"],"picked":"Leap+1","floor":46},{"not_picked":["Chill+1","Steam+1","Loop"],"picked":"SKIP","floor":46},{"not_picked":["Cold Snap+1","Fusion+1"],"picked":"Leap+1","floor":47},{"not_picked":["Conserve Battery+1","Doom and Gloom+1","Storm"],"picked":"SKIP","floor":47},{"not_picked":["Turbo+1","Steam+1"],"picked":"Hologram+1","floor":48},{"not_picked":["Skim+1","Streamline+1","Barrage"],"picked":"SKIP","floor":48}],"player_experience":179854,"relics_obtained":[{"floor":9,"key":"Blood Vial"},{"floor":10,"key":"Vajra"},{"floor":26,"key":"Orichalcum"},{"floor":31,"key":"Enchiridion"},{"floor":43,"key":"Toxic Egg 2"}],"event_choices":[{"damage_healed":0,"gold_gain":0,"player_choice":"Ignored","damage_taken":0,"max_hp_gain":0,"max_hp_loss":0,"event_name":"Liars Game","floor":3,"gold_loss":0},{"damage_healed":0,"gold_gain":0,"player_choice":"Entered Light","damage_taken":15,"max_hp_gain":0,"max_hp_loss":0,"event_name":"Shining Light","floor":4,"gold_loss":0,"cards_upgraded":["Redo","Strike_B"]},{"damage_healed":0,"gold_gain":0,"player_choice":"Success","damage_taken":7,"relics_obtained":["Shuriken"],"max_hp_gain":0,"max_hp_loss":0,"event_name":"Scrap Ooze","floor":5,"gold_loss":0},{"damage_healed":25,"gold_gain":0,"player_choice":"Heal","damage_taken":0,"max_hp_gain":0,"max_hp_loss":0,"event_name":"The Library","floor":29,"gold_loss":0},{"damage_healed":0,"gold_gain":0,"player_choice":"Obtained Book","damage_taken":16,"max_hp_gain":0,"max_hp_loss":0,"event_name":"Cursed Tome","floor":31,"gold_loss":0},{"damage_healed":0,"gold_gain":0,"player_choice":"Ignored","damage_taken":0,"max_hp_gain":0,"max_hp_loss":0,"event_name":"Mysterious Sphere","floor":36,"gold_loss":0},{"damage_healed":0,"gold_gain":0,"player_choice":"Paid","damage_taken":0,"relics_obtained":["Red Mask"],"max_hp_gain":0,"max_hp_loss":0,"event_name":"Tomb of Lord Red Mask","floor":37,"gold_loss":158},{"damage_healed":0,"gold_gain":0,"player_choice":"Memory 1","damage_taken":0,"max_hp_gain":0,"max_hp_loss":0,"event_name":"SensoryStone","floor":39,"gold_loss":0},{"damage_healed":0,"gold_gain":0,"player_choice":"Max HP","damage_taken":0,"max_hp_gain":0,"max_hp_loss":4,"event_name":"Winding Halls","floor":42,"gold_loss":0}],"is_beta":false,"boss_relics":[{"not_picked":["Tiny House","Orrery"],"picked":"Inserter"},{"not_picked":["Lizard Tail","Runic Dome"],"picked":"Cursed Key"}],"items_purged_floors":[13,20],"is_endless":false,"potions_floor_spawned":[2,7,18,21,24,35,46,47],"ascension_level":0}