{"gold_per_floor":[14,31,51,51,51,80,92,92,92,110,110,124,124,159,159,256,256,275,6,26,36,55,87,87,87,110,120,120,120,120,130,130,130],"floor_reached":33,"playtime":1511,"items_purged":["Decay"],"score":405,"play_id":"72811435-e4e0-4c93-b450-f34b8e18ce13","local_time":"20190131191235","is_ascension_mode":true,"campfire_choices":[{"data":"Uppercut","floor":8.0,"key":"SMITH"},{"data":"Shrug It Off","floor":11.0,"key":"SMITH"},{"floor":13.0,"key":"REST"},{"data":"Spot Weakness","floor":15.0,"key":"SMITH"},{"data":"Shrug It Off","floor":24,"key":"SMITH"},{"data":"Feed","floor":28,"key":"SMITH"},{"floor":32,"key":"REST"}],"neow_cost":"NO_GOLD","seed_source_timestamp":0,"circlet_count":0,"master_deck":["Strike_R","Strike_R","Strike_R","Strike_R+1","Defend_R","Defend_R","Defend_R","Defend_R","Bash+1","Pommel Strike","Uppercut+1","Dropkick","Shrug It Off+1","Battle Trance","Spot Weakness+1","Feed+1","Parasite","Writhe","Body Slam+1","Shrug It Off+1","Body Slam+1","Disarm","Iron Wave","Headbutt","Decay","Reaper","Writhe","Reaper"],"special_seed":0,"relics":["Burning Blood","Nunchaku","Ornamental Fan","Dodecahedron","Anchor","Calling Bell","Vajra","Self Forming Clay","Turnip","Bag of Preparation","Pocketwatch","Smiling Mask","Bag of Marbles"],"potions_floor_usage":[23,33,33,33],"damage_taken":[{"damage":14.0,"enemies":"Jaw Worm","floor":1.0,"turns":5.0},{"damage":4.0,"enemies":"2 Louse","floor":2.0,"turns":4.0},{"damage":5.0,"enemies":"Cultist","floor":3.0,"turns":4.0},{"damage":12.0,"enemies":"Gremlin Nob","floor":6.0,"turns":3.0},{"damage":12.0,"enemies":"Large Slime","floor":7.0,"turns":6.0},{"damage":30.0,"enemies":"Exordium Thugs","floor":10.0,"turns":5.0},{"damage":0.0,"enemies":"Looter","floor":12.0,"turns":2.0},{"damage":9.0,"enemies":"Lagavulin","floor":14.0,"turns":5.0},{"damage":11.0,"enemies":"Slime Boss","floor":16.0,"turns":7.0},{"damage":12,"enemies":"3 Byrds","floor":18,"turns":6},{"damage":10,"enemies":"Spheric Guardian","floor":20,"turns":5},{"damage":31,"enemies":"Cultist and Chosen","floor":21,"turns":6},{"damage":12,"enemies":"Centurion and Healer","floor":22,"turns":5},{"damage":2,"enemies":"Gremlin Leader","floor":23,"turns":7},{"damage":14,"enemies":"Snake Plant","floor":27,"turns":4},{"damage":0,"enemies":"Cultist and Chosen","floor":31,"turns":5},{"damage":140,"enemies":"Automaton","floor":33,"turns":12}],"seed_played":"7315639705807118226","potions_obtained":[{"floor":1.0,"key":"SpeedPotion"},{"floor":7.0,"key":"Fruit Juice"},{"floor":10.0,"key":"Fire Potion"},{"floor":12.0,"key":"Block Potion"},{"floor":18,"key":"LiquidBronze"},{"floor":21,"key":"PowerPotion"},{"floor":23,"key":"Dexterity Potion"},{"floor":31,"key":"Dexterity Potion"}],"is_trial":false,"path_per_floor":["M","M","M","?","?","E","M","R","T","M","R","M","R","E","R","B",null,"M","$","M","M","M","E","R","?","T","M","R","?","?","M","R","B"],"character_chosen":"IRONCLAD","items_purchased":["Bag of Preparation","Shrug It Off"],"campfire_rested":2,"item_purchase_floors":[19,19],"current_hp_per_floor":[64,66,67,51,51,45,44,44,44,20,20,26,51,48,48,43,75,69,69,65,43,40,44,44,44,44,39,39,39,39,45,73,0],"gold":130,"neow_bonus":"ONE_RARE_RELIC","is_prod":false,"is_daily":false,"chose_seed":false,"campfire_upgraded":5,"win_rate":0,"timestamp":1548958355,"path_taken":["M","M","M","?","?","E","M","R","T","M","R","M","R","E","R","BOSS","M","$","M","M","M","E","R","?","T","M","R","?","?","M","R","BOSS"],"build_version":"2019-01-23","purchased_purges":1,"victory":false,"max_hp_per_floor":[80,80,80,80,80,80,85,85,85,85,85,85,85,85,85,85,85,85,85,85,88,91,91,91,91,91,94,94,94,94,94,94,94],"card_choices":[{"not_picked":["Pummel","Intimidate"],"picked":"Pommel Strike","floor":1.0},{"not_picked":["Anger","Clash"],"picked":"Uppercut","floor":2.0},{"not_picked":["Heavy Blade","Pummel"],"picked":"Dropkick","floor":3.0},{"not_picked":["Barricade","Flex"],"picked":"Shrug It Off","floor":6.0},{"not_picked":["Armaments","Infernal Blade","Wild Strike"],"picked":"SKIP","floor":7.0},{"not_picked":["Fire Breathing","Body Slam"],"picked":"Battle Trance","floor":10.0},{"not_picked":["Twin Strike","Sever Soul","Uppercut"],"picked":"SKIP","floor":12.0},{"not_picked":["Reckless Charge","True Grit"],"picked":"Spot Weakness","floor":14.0},{"not_picked":["Offering","Berserk"],"picked":"Feed","floor":16.0},{"not_picked":["Headbutt","Clash"],"picked":"Body Slam+1","floor":18},{"not_picked":["Thunderclap","Reckless Charge"],"picked":"Body Slam+1","floor":20},{"not_picked":["Sever Soul","Perfected Strike"],"picked":"Disarm","floor":21},{"not_picked":["Searing Blow+1","Pummel"],"picked":"Iron Wave","floor":22},{"not_picked":["Iron Wave","Dual Wield"],"picked":"Headbutt","floor":23},{"not_picked":["Second Wind+1","Rage"],"picked":"Reaper","floor":27},{"not_picked":["Reckless Charge","Thunderclap+1","Second Wind+1"],"picked":"SKIP","floor":31}],"player_experience":420687,"relics_obtained":[{"floor":6.0,"key":"Ornamental Fan"},{"floor":9.0,"key":"Dodecahedron"},{"floor":14.0,"key":"Anchor"},{"floor":17,"key":"Vajra"},{"floor":17,"key":"Self Forming Clay"},{"floor":17,"key":"Turnip"},{"floor":23,"key":"Pocketwatch"},{"floor":26,"key":"Smiling Mask"}],"event_choices":[{"damage_healed":0.0,"max_hp_gain":0.0,"max_hp_loss":0.0,"gold_gain":0.0,"event_name":"Shining Light","player_choice":"Entered Light","floor":4.0,"gold_loss":0.0,"damage_taken":16.0,"cards_upgraded":["Strike_R","Bash"]},{"cards_removed":["Strike_R"],"damage_healed":0.0,"max_hp_gain":0.0,"max_hp_loss":0.0,"gold_gain":0.0,"event_name":"Bonfire Elementals","player_choice":"Offered Basic","floor":5.0,"gold_loss":0.0,"damage_taken":0.0},{"damage_healed":0,"gold_gain":0,"player_choice":"Smashed Altar","damage_taken":0,"max_hp_gain":0,"max_hp_loss":0,"event_name":"Forgotten Altar","floor":25,"gold_loss":0,"cards_obtained":["Decay"]},{"damage_healed":0,"gold_gain":0,"player_choice":"Opened","damage_taken":0,"relics_obtained":["Bag of Marbles"],"max_hp_gain":0,"max_hp_loss":0,"event_name":"The Mausoleum","floor":29,"gold_loss":0,"cards_obtained":["Writhe"]},{"damage_healed":0,"gold_gain":0,"player_choice":"Copied","damage_taken":0,"max_hp_gain":0,"max_hp_loss":0,"event_name":"Duplicator","floor":30,"gold_loss":0,"cards_obtained":["Reaper"]}],"is_beta":false,"boss_relics":[{"not_picked":["Black Star","Runic Dome"],"picked":"Calling Bell"}],"items_purged_floors":[19],"is_endless":false,"potions_floor_spawned":[1,7,10,12,18,21,23,31],"killed_by":"Automaton","ascension_level":9}