{"gold_per_floor":[110,63,82,157,173,173,189,189,189,189,203,278,228,238,238,338,338,354,364,64,80,5,5,25,25,25,25,43,43,43,68,68,167,167,181,181,195,212,223,223,223,223,223,223,223,223,223,242,242,242],"floor_reached":50,"playtime":1920,"items_purged":[],"score":475,"play_id":"5754fddc-24b8-4a1c-9c83-cc9cb125cac1","local_time":"20190218171235","is_ascension_mode":true,"campfire_choices":[{"data":"Electrodynamics","floor":6,"key":"SMITH"},{"floor":8,"key":"REST"},{"data":"Redo","floor":10,"key":"SMITH"},{"floor":15,"key":"REST"},{"floor":23,"key":"REST"},{"floor":25,"key":"REST"},{"data":"Hello World","floor":27,"key":"SMITH"},{"floor":29,"key":"REST"},{"floor":32,"key":"REST"},{"floor":40,"key":"REST"},{"floor":42,"key":"REST"},{"floor":44,"key":"REST"},{"data":"Leap","floor":46,"key":"SMITH"},{"floor":49,"key":"REST"}],"neow_cost":"PERCENT_DAMAGE","seed_source_timestamp":23907875171464,"circlet_count":0,"master_deck":["Defend_B","Defend_B","Defend_B","Zap","Dualcast","Electrodynamics+1","Coolheaded","Redo+1","Stack","Leap","Capacitor","Leap+1","Conserve Battery","Hyperbeam","Fusion+1","Turbo","Hello World+1","Compile Driver+1","Capacitor+1","Sunder","Reinforced Body","Rainbow","Sweeping Beam+1","Ball Lightning+1","Double Energy+1","Good Instincts"],"relics":["Cracked Core","Mercury Hourglass","Lizard Tail","Lantern","Anchor","Art of War","WingedGreaves","Empty Cage","Singing Bowl"],"potions_floor_usage":[16,16,24,28,31,50,50,50],"damage_taken":[{"damage":0,"enemies":"Cultist","floor":1,"turns":2},{"damage":0,"enemies":"Jaw Worm","floor":3,"turns":3},{"damage":2,"enemies":"2 Louse","floor":5,"turns":3},{"damage":5,"enemies":"Blue Slaver","floor":7,"turns":4},{"damage":6,"enemies":"Looter","floor":11,"turns":3},{"damage":1,"enemies":"3 Louse","floor":14,"turns":2},{"damage":38,"enemies":"Hexaghost","floor":16,"turns":11},{"damage":25,"enemies":"Shell Parasite","floor":18,"turns":8},{"damage":10,"enemies":"Chosen","floor":19,"turns":5},{"damage":16,"enemies":"Snecko","floor":21,"turns":6},{"damage":2,"enemies":"Centurion and Healer","floor":24,"turns":2},{"damage":3,"enemies":"3 Cultists","floor":28,"turns":3},{"damage":23,"enemies":"Book of Stabbing","floor":31,"turns":7},{"damage":70,"enemies":"Automaton","floor":33,"turns":14},{"damage":4,"enemies":"3 Shapes","floor":35,"turns":3},{"damage":5,"enemies":"Orb Walker","floor":37,"turns":4},{"damage":52,"enemies":"Writhing Mass","floor":38,"turns":5},{"damage":31,"enemies":"Maw","floor":39,"turns":8},{"damage":34,"enemies":"Spire Growth","floor":48,"turns":6},{"damage":76,"enemies":"Time Eater","floor":50,"turns":11}],"seed_played":"-2010903964725935168","potions_obtained":[{"floor":3,"key":"PowerPotion"},{"floor":7,"key":"LiquidBronze"},{"floor":14,"key":"SkillPotion"},{"floor":19,"key":"FocusPotion"},{"floor":24,"key":"SkillPotion"},{"floor":28,"key":"Block Potion"},{"floor":37,"key":"SteroidPotion"},{"floor":48,"key":"Regen Potion"}],"is_trial":false,"path_per_floor":["M","$","M","?","M","R","M","R","T","R","M","?","?","M","R","B",null,"M","M","$","M","?","R","M","R","T","R","M","R","?","E","R","B",null,"M","?","M","M","M","R","?","R","T","R","?","R","?","M","R","B"],"character_chosen":"DEFECT","items_purchased":["Redo","Lantern","Anchor"],"campfire_rested":10,"item_purchase_floors":[2,20,20],"current_hp_per_floor":[54,54,54,47,45,45,40,62,62,62,56,45,45,44,66,28,75,50,40,40,24,24,46,44,66,66,66,63,75,75,52,74,4,75,71,71,66,14,24,45,45,66,66,71,71,71,71,39,60,0],"gold":242,"neow_bonus":"THREE_RARE_CARDS","is_prod":false,"is_daily":false,"chose_seed":false,"campfire_upgraded":4,"win_rate":0,"timestamp":1550531555,"path_taken":["M","?","M","?","?","R","M","R","T","R","M","?","?","M","R","BOSS","M","M","$","M","?","R","M","R","T","R","M","R","?","E","R","BOSS","M","?","M","M","M","R","?","R","T","R","?","R","?","M","R","BOSS"],"build_version":"2019-01-23","purchased_purges":0,"victory":false,"max_hp_per_floor":[75,75,75,75,75,75,75,75,75,75,75,75,75,75,75,75,75,75,75,75,75,75,75,75,75,75,75,75,75,75,75,75,75,75,75,71,71,71,71,71,71,71,71,71,71,71,71,73,73,73],"card_choices":[{"not_picked":["Multi-Cast","Machine Learning"],"picked":"Electrodynamics","floor":0},{"not_picked":["Streamline","Darkness"],"picked":"Coolheaded","floor":1},{"not_picked":["Sweeping Beam","Steam"],"picked":"Stack","floor":3},{"not_picked":["BootSequence","Turbo"],"picked":"Leap","floor":5},{"not_picked":["Rebound","Force Field"],"picked":"Capacitor","floor":7},{"not_picked":["Gash","Steam"],"picked":"Leap","floor":11},{"not_picked":["Sweeping Beam","Storm"],"picked":"Conserve Battery","floor":14},{"not_picked":["Creative AI","Multi-Cast"],"picked":"Hyperbeam","floor":16},{"not_picked":["Redo","Turbo"],"picked":"Fusion+1","floor":18},{"not_picked":["Streamline","Gash+1"],"picked":"Turbo","floor":19},{"not_picked":["Reinforced Body","Sweeping Beam"],"picked":"Hello World","floor":21},{"not_picked":["Beam Cell","Genetic Algorithm"],"picked":"Compile Driver+1","floor":24},{"not_picked":["Leap","Steam Power"],"picked":"Capacitor+1","floor":28},{"not_picked":["Steam","FTL"],"picked":"Reinforced Body","floor":31},{"not_picked":["Meteor Strike","Multi-Cast"],"picked":"Rainbow","floor":33},{"not_picked":["Streamline","Rebound"],"picked":"Sweeping Beam+1","floor":35},{"not_picked":["Turbo+1","Loop+1"],"picked":"Ball Lightning+1","floor":37},{"not_picked":["Conserve Battery+1","Barrage"],"picked":"Double Energy+1","floor":38},{"not_picked":["Compile Driver+1","Steam"],"picked":"Blizzard+1","floor":39},{"not_picked":["Bandage Up","Panache"],"picked":"Good Instincts","floor":41},{"not_picked":["Barrage","FTL","Beam Cell"],"picked":"Singing Bowl","floor":48}],"player_experience":215933,"relics_obtained":[{"floor":9,"key":"Mercury Hourglass"},{"floor":26,"key":"Art of War"},{"floor":31,"key":"WingedGreaves"},{"floor":43,"key":"Singing Bowl"}],"event_choices":[{"damage_healed":0,"gold_gain":75,"player_choice":"Touch","damage_taken":7,"max_hp_gain":0,"max_hp_loss":0,"event_name":"FaceTrader","floor":4,"gold_loss":0},{"damage_healed":0,"gold_gain":75,"player_choice":"Gather Gold","damage_taken":11,"max_hp_gain":0,"max_hp_loss":0,"event_name":"World of Goop","floor":12,"gold_loss":0},{"cards_removed":["Strike_B"],"damage_healed":0,"gold_gain":0,"player_choice":"Card Removal","damage_taken":0,"max_hp_gain":0,"max_hp_loss":0,"event_name":"The Cleric","floor":13,"gold_loss":50},{"cards_removed":["Strike_B"],"damage_healed":0,"gold_gain":0,"player_choice":"Gave Gold","damage_taken":0,"max_hp_gain":0,"max_hp_loss":0,"event_name":"Beggar","floor":22,"gold_loss":75},{"damage_healed":0,"gold_gain":0,"cards_transformed":["Strike_B"],"player_choice":"Transformed","damage_taken":0,"max_hp_gain":0,"max_hp_loss":0,"event_name":"Transmorgrifier","floor":30,"gold_loss":0,"cards_obtained":["Sunder"]},{"damage_healed":0,"gold_gain":0,"player_choice":"Max HP","damage_taken":0,"max_hp_gain":0,"max_hp_loss":4,"event_name":"Winding Halls","floor":36,"gold_loss":0},{"damage_healed":0,"gold_gain":0,"player_choice":"Memory 1","damage_taken":0,"max_hp_gain":0,"max_hp_loss":0,"event_name":"SensoryStone","floor":41,"gold_loss":0},{"damage_healed":0,"gold_gain":0,"player_choice":"Ignored","damage_taken":0,"max_hp_gain":0,"max_hp_loss":0,"event_name":"Tomb of Lord Red Mask","floor":45,"gold_loss":0},{"cards_removed":["Blizzard"],"damage_healed":0,"gold_gain":0,"player_choice":"Removed Attack","damage_taken":0,"max_hp_gain":0,"max_hp_loss":0,"event_name":"Falling","floor":47,"gold_loss":0}],"is_beta":false,"boss_relics":[{"not_picked":["Fusion Hammer","Coffee Dripper"],"picked":"Lizard Tail"},{"not_picked":["Runic Pyramid","Snecko Eye"],"picked":"Empty Cage"}],"items_purged_floors":[],"is_endless":false,"potions_floor_spawned":[3,7,14,19,24,28,37,48],"killed_by":"Time Eater","ascension_level":1}