{"gold_per_floor":[118,118,133,83,99,99,114,114,114,114,154,175,175,115,115,236,236,259,174,187,112,212,256,256,256],"floor_reached":25,"playtime":791,"items_purged":["Strike_B"],"score":263,"play_id":"f95799bc-c6c2-470a-a9e1-3fb6a4c9e0c9","local_time":"20181109173630","is_ascension_mode":true,"campfire_choices":[{"data":"Zap","floor":6,"key":"SMITH"},{"data":"Dualcast","floor":8,"key":"SMITH"},{"floor":13,"key":"REST"},{"data":"Barrage","floor":15,"key":"SMITH"},{"floor":24,"key":"REST"}],"neow_cost":"NONE","seed_source_timestamp":2543134074607200,"circlet_count":0,"master_deck":["Defend_B","Defend_B","Defend_B","Zap+1","Dualcast+1","Rainbow","Ball Lightning","FTL","Sweeping Beam","Barrage+1","Leap","Fission","Streamline+1","Steam+1","Consume+1","Cold Snap","Defragment+1"],"relics":["Cracked Core","Golden Idol","Symbiotic Virus","Kunai","The Courier","Astrolabe","Meat on the Bone","Ice Cream"],"potions_floor_usage":[23,25],"damage_taken":[{"damage":10,"enemies":"Jaw Worm","floor":1,"turns":3},{"damage":0,"enemies":"2 Louse","floor":3,"turns":2},{"damage":0,"enemies":"Cultist","floor":5,"turns":3},{"damage":14,"enemies":"Red Slaver","floor":7,"turns":3},{"damage":10,"enemies":"Gremlin Nob","floor":11,"turns":4},{"damage":6,"enemies":"Looter","floor":12,"turns":2},{"damage":43,"enemies":"Slime Boss","floor":16,"turns":8},{"damage":0,"enemies":"Spheric Guardian","floor":18,"turns":2},{"damage":26,"enemies":"Chosen","floor":20,"turns":5},{"damage":62,"enemies":"Slavers","floor":23,"turns":6},{"damage":37,"enemies":"Gremlin Leader","floor":25,"turns":2}],"seed_played":"-5135147431994724419","potions_obtained":[{"floor":3,"key":"Regen Potion"},{"floor":11,"key":"Ancient Potion"},{"floor":12,"key":"Poison Potion"},{"floor":23,"key":"LiquidBronze"}],"is_trial":false,"path_per_floor":["M","?","M","?","M","R","M","R","T","?","E","M","R","$","R","B",null,"M","?","M","?","?","E","R","E"],"character_chosen":"DEFECT","items_purchased":[],"campfire_rested":2,"item_purchase_floors":[],"current_hp_per_floor":[65,65,65,65,65,65,51,51,51,44,34,28,50,50,50,7,75,75,75,49,49,49,13,35,0],"gold":256,"neow_bonus":"ONE_RANDOM_RARE_CARD","is_prod":false,"is_daily":false,"chose_seed":false,"campfire_upgraded":3,"win_rate":0,"timestamp":1541781390,"path_taken":["M","?","M","?","M","R","M","R","T","?","E","M","R","$","R","BOSS","M","?","M","?","?","E","R","E"],"build_version":"2018-11-08","purchased_purges":1,"victory":false,"max_hp_per_floor":[75,75,75,75,75,75,75,75,75,75,75,75,75,75,75,75,75,75,75,75,75,75,75,75,75],"card_choices":[{"not_picked":["Coolheaded","Beam Cell"],"picked":"Ball Lightning","floor":1},{"not_picked":["Force Field","Fusion"],"picked":"FTL","floor":3},{"not_picked":["Rebound","Coolheaded"],"picked":"Sweeping Beam","floor":5},{"not_picked":["Go for the Eyes","Streamline"],"picked":"Barrage","floor":7},{"not_picked":["Fusion","Sweeping Beam","Barrage"],"picked":"SKIP","floor":11},{"not_picked":["Stack","Melter"],"picked":"Leap","floor":12},{"not_picked":["Creative AI","Hyperbeam"],"picked":"Fission","floor":16},{"not_picked":["Turbo","Heatsinks"],"picked":"Cold Snap","floor":18},{"not_picked":["Steam Power","Sweeping Beam","Turbo"],"picked":"SKIP","floor":20},{"not_picked":["Steam Power","Beam Cell"],"picked":"Defragment+1","floor":23}],"player_experience":191387,"relics_obtained":[{"floor":9,"key":"Symbiotic Virus"},{"floor":11,"key":"The Courier"},{"floor":23,"key":"Ice Cream"}],"event_choices":[{"damage_healed":0,"gold_gain":0,"player_choice":"Take Wound","damage_taken":0,"relics_obtained":["Golden Idol"],"max_hp_gain":0,"max_hp_loss":0,"event_name":"Golden Idol","floor":2,"gold_loss":0,"cards_obtained":["Injury"]},{"cards_removed":["Strike_B"],"damage_healed":0,"gold_gain":0,"player_choice":"Card Removal","damage_taken":0,"max_hp_gain":0,"max_hp_loss":0,"event_name":"The Cleric","floor":4,"gold_loss":50},{"damage_healed":0,"gold_gain":0,"player_choice":"Success","damage_taken":7,"relics_obtained":["Kunai"],"max_hp_gain":0,"max_hp_loss":0,"event_name":"Scrap Ooze","floor":10,"gold_loss":0},{"damage_healed":0,"gold_gain":0,"player_choice":"Obtained Relic","damage_taken":0,"relics_obtained":["Meat on the Bone"],"max_hp_gain":0,"max_hp_loss":0,"event_name":"Addict","floor":19,"gold_loss":85},{"cards_removed":["Injury"],"damage_healed":0,"gold_gain":0,"player_choice":"Gave Gold","damage_taken":0,"max_hp_gain":0,"max_hp_loss":0,"event_name":"Beggar","floor":21,"gold_loss":75},{"damage_healed":0,"gold_gain":100,"player_choice":"Pray","damage_taken":0,"max_hp_gain":0,"max_hp_loss":0,"event_name":"Golden Shrine","floor":22,"gold_loss":0}],"is_beta":false,"boss_relics":[{"not_picked":["FrozenCore","Tiny House"],"picked":"Astrolabe"}],"items_purged_floors":[14],"is_endless":false,"potions_floor_spawned":[3,11,12,16,23],"killed_by":"Gremlin Leader","ascension_level":4}