{"path_per_floor":["M","M","M","M","M","E","R","M","T","M","E","R","M","M","R","B",null,"M","?","M"],"character_chosen":"DEFECT","items_purchased":[],"gold_per_floor":[119,133,148,160,173,208,208,227,227,243,270,270,284,302,302,402,402,414,414,433,433],"floor_reached":21,"campfire_rested":3,"playtime":1177,"item_purchase_floors":[],"current_hp_per_floor":[74,73,66,54,48,12,34,25,25,12,14,36,25,27,49,29,75,43,43,22,0],"items_purged":[],"gold":433,"score":244,"play_id":"59231958-21b2-4b86-b556-d82b006f25e6","local_time":"20180622164911","is_prod":false,"is_daily":false,"chose_seed":false,"is_ascension_mode":true,"campfire_upgraded":0,"win_rate":0,"timestamp":1529678951,"campfire_choices":[{"floor":7,"key":"REST"},{"floor":12,"key":"REST"},{"floor":15,"key":"REST"}],"path_taken":["M","M","M","M","M","E","R","M","T","M","E","R","M","M","R","BOSS","M","?","M","M"],"build_version":"2018-06-21","seed_source_timestamp":47017692280892,"purchased_purges":0,"circlet_count":0,"victory":false,"master_deck":["Strike_B","Strike_B","Strike_B","Strike_B","Defend_B","Defend_B","Defend_B","Defend_B","Zap","Dualcast","Streamline","Loop","BootSequence","Amplify","Force Field","Reinforced Body","Echo Form+1","Sunder+1","Melter"],"max_hp_per_floor":[75,75,75,75,75,75,75,75,75,75,75,75,75,75,75,75,75,75,75,75,75],"relics":["Cracked Core","Blood Vial","Du-Vu Doll","Matryoshka","Nuclear Battery"],"card_choices":[{"not_picked":["Chill","Barrage"],"picked":"Streamline","floor":1},{"not_picked":["Redo","Blizzard"],"picked":"Loop","floor":2},{"not_picked":["Barrage","Turbo","Coolheaded"],"picked":"SKIP","floor":3},{"not_picked":["All For One","Beam Cell","Scrape"],"picked":"SKIP","floor":4},{"not_picked":["Ball Lightning","Coolheaded","Conserve Battery"],"picked":"SKIP","floor":5},{"not_picked":["Sweeping Beam","Chill"],"picked":"BootSequence","floor":6},{"not_picked":["Compile Driver","Sweeping Beam","Rebound"],"picked":"SKIP","floor":8},{"not_picked":["Coolheaded","Barrage"],"picked":"Amplify","floor":10},{"not_picked":["Hologram","Doom and Gloom","Leap"],"picked":"SKIP","floor":11},{"not_picked":["Chaos","Streamline"],"picked":"Force Field","floor":13},{"not_picked":["Skim","Reprogram"],"picked":"Reinforced Body","floor":14},{"not_picked":["Meteor Strike","Thunder Strike"],"picked":"Echo Form","floor":16},{"not_picked":["Steam","Rebound"],"picked":"Sunder+1","floor":18},{"not_picked":["Streamline","Rebound"],"picked":"Melter","floor":20}],"player_experience":400319,"potions_floor_usage":[5,10,11,11,11,11,11,16,16],"damage_taken":[{"damage":1,"enemies":"2 Louse","floor":1,"turns":3},{"damage":1,"enemies":"Cultist","floor":2,"turns":3},{"damage":7,"enemies":"Jaw Worm","floor":3,"turns":3},{"damage":12,"enemies":"Exordium Thugs","floor":4,"turns":5},{"damage":6,"enemies":"3 Louse","floor":5,"turns":3},{"damage":36,"enemies":"3 Sentries","floor":6,"turns":9},{"damage":11,"enemies":"Exordium Wildlife","floor":8,"turns":6},{"damage":15,"enemies":"Gremlin Gang","floor":10,"turns":4},{"damage":0,"enemies":"Gremlin Nob","floor":11,"turns":3},{"damage":13,"enemies":"Blue Slaver","floor":13,"turns":3},{"damage":0,"enemies":"3 Louse","floor":14,"turns":3},{"damage":22,"enemies":"The Guardian","floor":16,"turns":15},{"damage":32,"enemies":"Shell Parasite","floor":18,"turns":11},{"damage":23,"enemies":"3 Byrds","floor":20,"turns":6},{"damage":24,"enemies":"3 Cultists","floor":21,"turns":5}],"relics_obtained":[{"floor":6,"key":"Blood Vial"},{"floor":9,"key":"Du-Vu Doll"},{"floor":11,"key":"Matryoshka"}],"event_choices":[{"event_name":"Upgrade Shrine","player_choice":"Upgraded","floor":19,"damage_taken":0}],"boss_relics":[{"not_picked":["Eternal Feather","Tiny House"],"picked":"Nuclear Battery"}],"items_purged_floors":[],"is_endless":false,"potions_floor_spawned":[1,2,6,8,10,11,14,16],"seed_played":"-3655754009273674213","killed_by":"3 Cultists","ascension_level":2,"potions_obtained":[{"floor":1,"key":"Weak Potion"},{"floor":2,"key":"GamblersBrew"},{"floor":6,"key":"FearPotion"},{"floor":8,"key":"SpeedPotion"},{"floor":10,"key":"EntropicBrew"},{"floor":11,"key":"SkillPotion"},{"floor":14,"key":"SteroidPotion"},{"floor":16,"key":"Ancient Potion"}],"is_trial":false}