{"path_per_floor":["M","?","$","?","M","E","?","R","T","E","R","M","E","M","R","B",null,"M","M","?","M","M","E","M","M","T","R","$","E","M","M","R"],"character_chosen":"IRONCLAD","items_purchased":["Evolve","Reckless Charge","Anchor","Regen Potion"],"gold_per_floor":[113,113,3,3,18,52,52,52,52,95,95,111,144,162,162,285,285,303,321,321,341,355,388,405,425,425,425,117,149,159,174,174,174],"floor_reached":33,"campfire_rested":0,"playtime":2043,"item_purchase_floors":[3,3,28,28],"current_hp_per_floor":[80,80,80,60,65,27,20,20,20,19,19,25,20,25,25,13,80,68,64,64,67,60,12,17,24,24,24,24,26,37,44,44,0],"items_purged":["Strike_R"],"gold":174,"score":309,"play_id":"331e2dbf-021a-4180-99c8-0c7cf0a1f709","local_time":"20180525230121","is_prod":false,"is_daily":false,"chose_seed":false,"is_ascension_mode":false,"campfire_upgraded":5,"win_rate":0,"timestamp":1527282081,"campfire_choices":[{"data":"Evolve","floor":8,"key":"SMITH"},{"data":"Rampage","floor":11,"key":"SMITH"},{"data":"Rage","floor":15,"key":"SMITH"},{"data":"Blood for Blood","floor":27,"key":"SMITH"},{"data":"Spot Weakness","floor":32,"key":"SMITH"}],"path_taken":["M","?","?","?","M","E","?","R","T","E","R","M","E","?","R","BOSS","M","?","?","M","M","E","M","M","T","R","$","E","?","M","R","BOSS"],"build_version":"2018-05-24","seed_source_timestamp":285800671165591,"purchased_purges":1,"victory":false,"master_deck":["Strike_R+1","Strike_R+1","Strike_R","Defend_R","Defend_R","Defend_R","Defend_R","Bash","Offering","Evolve+1","Reckless Charge","Rage+1","Rampage+1","Wild Strike","Spot Weakness+1","Immolate","Reckless Charge","Iron Wave+1","Wild Strike","Rage+1","Blood for Blood+1","Fire Breathing","Armaments+1"],"max_hp_per_floor":[80,80,80,80,80,80,80,80,80,80,80,80,80,80,80,80,80,80,80,80,80,80,80,80,80,80,80,80,80,80,80,80,80],"relics":["Burning Blood","Happy Flower","Bloody Idol","Vajra","Whetstone","Oddly Smooth Stone","Dream Catcher","Black Star","Art of War","Omamori","Centennial Puzzle","Anchor","Red Skull","Dead Branch"],"card_choices":[{"not_picked":["Twin Strike","Cleave","Body Slam"],"picked":"SKIP","floor":1},{"not_picked":["Hemokinesis","Headbutt"],"picked":"Rage","floor":5},{"not_picked":["Headbutt","Infernal Blade","Clash"],"picked":"SKIP","floor":6},{"not_picked":["Cleave","Clothesline"],"picked":"Rampage","floor":10},{"not_picked":["Bludgeon","Pommel Strike"],"picked":"Wild Strike","floor":12},{"not_picked":["Corruption","Inflame"],"picked":"Spot Weakness","floor":13},{"not_picked":["Rampage","Clash","Heavy Blade"],"picked":"SKIP","floor":14},{"not_picked":["Reaper","Offering"],"picked":"Immolate","floor":16},{"not_picked":["Shrug It Off+1","Carnage"],"picked":"Reckless Charge","floor":18},{"not_picked":["Flex","Burning Pact","Armaments"],"picked":"SKIP","floor":19},{"not_picked":["Anger","Havoc"],"picked":"Iron Wave+1","floor":21},{"not_picked":["Exhume","Thunderclap"],"picked":"Wild Strike","floor":22},{"not_picked":["Twin Strike","Iron Wave+1"],"picked":"Rage+1","floor":23},{"not_picked":["Anger","Pommel Strike","Heavy Blade"],"picked":"SKIP","floor":24},{"not_picked":["Bloodletting","Flex"],"picked":"Blood for Blood","floor":25},{"not_picked":["Heavy Blade","Bloodletting+1"],"picked":"Fire Breathing","floor":29},{"not_picked":["Infernal Blade","Headbutt","Blood for Blood"],"picked":"SKIP","floor":30},{"not_picked":["Sword Boomerang","Bloodletting+1"],"picked":"Armaments+1","floor":31}],"player_experience":275893,"potions_floor_usage":[10,13,21,23,23,29,29,29],"damage_taken":[{"damage":3,"enemies":"Small Slimes","floor":1,"turns":4},{"damage":1,"enemies":"Cultist","floor":5,"turns":4},{"damage":44,"enemies":"Lagavulin","floor":6,"turns":6},{"damage":7,"enemies":"Gremlin Nob","floor":10,"turns":3},{"damage":0,"enemies":"2 Louse","floor":12,"turns":2},{"damage":19,"enemies":"Lagavulin","floor":13,"turns":4},{"damage":1,"enemies":"Exordium Thugs","floor":14,"turns":5},{"damage":18,"enemies":"The Guardian","floor":16,"turns":7},{"damage":18,"enemies":"2 Thieves","floor":18,"turns":4},{"damage":10,"enemies":"Shell Parasite","floor":19,"turns":4},{"damage":8,"enemies":"Sentry and Sphere","floor":21,"turns":3},{"damage":18,"enemies":"3 Cultists","floor":22,"turns":5},{"damage":59,"enemies":"Gremlin Leader","floor":23,"turns":9},{"damage":6,"enemies":"Slaver and Parasite","floor":24,"turns":6},{"damage":4,"enemies":"Snecko","floor":25,"turns":5},{"damage":18,"enemies":"Slavers","floor":29,"turns":3},{"damage":0,"enemies":"Cultist and Chosen","floor":30,"turns":4},{"damage":4,"enemies":"Centurion and Healer","floor":31,"turns":2},{"damage":45,"enemies":"Champ","floor":33,"turns":6}],"relics_obtained":[{"floor":6,"key":"Vajra"},{"floor":9,"key":"Whetstone"},{"floor":10,"key":"Oddly Smooth Stone"},{"floor":13,"key":"Dream Catcher"},{"floor":23,"key":"Art of War"},{"floor":23,"key":"Omamori"},{"floor":26,"key":"Centennial Puzzle"},{"floor":29,"key":"Red Skull"},{"floor":29,"key":"Dead Branch"}],"event_choices":[{"event_name":"Match and Keep!","player_choice":"1 cards matched","floor":2,"damage_taken":0},{"event_name":"Golden Idol","player_choice":"Take Damage","floor":4,"damage_taken":0},{"event_name":"Golden Wing","player_choice":"Card Removal","floor":7,"damage_taken":0},{"event_name":"Forgotten Altar","player_choice":"Gave Idol","floor":20,"damage_taken":0}],"boss_relics":[{"not_picked":["Runic Pyramid","Calling Bell"],"picked":"Black Star"}],"items_purged_floors":[28],"potions_floor_spawned":[5,12,14,19,22,24,25],"seed_played":"-3022092525326645308","killed_by":"Champ","ascension_level":0,"potions_obtained":[{"floor":5,"key":"EssenceOfSteel"},{"floor":12,"key":"BloodPotion"},{"floor":14,"key":"Explosive Potion"},{"floor":19,"key":"EssenceOfSteel"},{"floor":22,"key":"Explosive Potion"},{"floor":24,"key":"FearPotion"},{"floor":25,"key":"AttackPotion"}],"is_trial":false}