{"gold_per_floor":[112,122,122,122,122,122,153,153,153,171,195,195,220,231,231,333,333,333,93,33,33,33,33,33,33,33,33,33,33,33,33,33,33,33,33,33,33,33,33,33,0,0,0,0,0],"floor_reached":45,"playtime":2502,"items_purged":[],"score":470,"play_id":"5574eedf-57f1-4dd7-b813-177d0a5464e4","local_time":"20190215151625","daily_mods":["Heirloom"],"is_ascension_mode":false,"campfire_choices":[{"data":"Shrug It Off","floor":6,"key":"SMITH"},{"data":"Shrug It Off","floor":8,"key":"SMITH"},{"data":"Entrench","floor":15,"key":"SMITH"},{"data":"Anger","floor":24,"key":"SMITH"},{"floor":29,"key":"REST"},{"floor":32,"key":"REST"},{"data":"Rampage","floor":40,"key":"SMITH"}],"neow_cost":"","seed_source_timestamp":8012228716670,"circlet_count":0,"master_deck":["Strike_R","Strike_R","Strike_R","Strike_R","Strike_R","Defend_R","Defend_R","Bash","Headbutt","Shrug It Off+1","Rampage","Shrug It Off+1","Battle Trance","Intimidate","Entrench+1","Clash","Anger+1","Anger","Body Slam","Impervious","Cleave+1","Pommel Strike+1","Demon Form","Warcry","Anger+1","Infernal Blade","Dropkick+1","Rampage+1","Clash","Clash+1","Entrench+1","Perfected Strike+1","Ghostly Armor+1","Body Slam+1","Body Slam+1","Berserk"],"relics":["Burning Blood","Prayer Wheel","Nunchaku","Bottled Lightning","Odd Mushroom","Question Card","Ectoplasm","Kunai","Ginger","Pantograph","Eternal Feather","Red Mask","Omamori","Letter Opener"],"potions_floor_usage":[11,13,22,22,22,23,33,35,42,45,45],"damage_taken":[{"damage":6,"enemies":"Jaw Worm","floor":1,"turns":5},{"damage":6,"enemies":"2 Louse","floor":2,"turns":3},{"damage":27,"enemies":"Gremlin Nob","floor":7,"turns":4},{"damage":0,"enemies":"Small Slimes","floor":10,"turns":3},{"damage":5,"enemies":"The Mushroom Lair","floor":11,"turns":5},{"damage":18,"enemies":"Lagavulin","floor":13,"turns":6},{"damage":2,"enemies":"2 Fungi Beasts","floor":14,"turns":4},{"damage":17,"enemies":"Slime Boss","floor":16,"turns":10},{"damage":12,"enemies":"3 Byrds","floor":18,"turns":5},{"damage":9,"enemies":"2 Thieves","floor":20,"turns":4},{"damage":14,"enemies":"Shelled Parasite and Fungi","floor":22,"turns":4},{"damage":2,"enemies":"Gremlin Leader","floor":23,"turns":5},{"damage":31,"enemies":"Cultist and Chosen","floor":27,"turns":7},{"damage":13,"enemies":"3 Cultists","floor":28,"turns":5},{"damage":17,"enemies":"Shelled Parasite and Fungi","floor":30,"turns":4},{"damage":0,"enemies":"Snecko","floor":31,"turns":4},{"damage":33,"enemies":"Champ","floor":33,"turns":8},{"damage":15,"enemies":"3 Darklings","floor":35,"turns":6},{"damage":12,"enemies":"Orb Walker","floor":36,"turns":3},{"damage":14,"enemies":"Spire Growth","floor":37,"turns":4},{"damage":19,"enemies":"Transient","floor":42,"turns":5},{"damage":87,"enemies":"Giant Head","floor":45,"turns":7}],"seed_played":"5137546384792572247","potions_obtained":[{"floor":1,"key":"Energy Potion"},{"floor":11,"key":"Fire Potion"},{"floor":13,"key":"SpeedPotion"},{"floor":14,"key":"Regen Potion"},{"floor":20,"key":"Energy Potion"},{"floor":22,"key":"Fire Potion"},{"floor":28,"key":"Fire Potion"},{"floor":30,"key":"EssenceOfSteel"},{"floor":35,"key":"Energy Potion"},{"floor":36,"key":"EssenceOfSteel"},{"floor":42,"key":"SteroidPotion"}],"is_trial":true,"path_per_floor":["M","M","$","?","?","R","E","R","T","M","?","?","E","M","R","B",null,"M","$","M","?","M","E","R","?","T","M","M","R","M","M","R","B",null,"M","M","M","$","?","R","?","M","T","T","E"],"character_chosen":"IRONCLAD","items_purchased":["Kunai"],"campfire_rested":2,"item_purchase_floors":[19],"current_hp_per_floor":[80,80,80,73,78,78,57,57,57,63,64,64,52,56,56,45,85,79,79,76,60,61,65,65,65,65,40,33,60,49,55,82,63,90,81,75,67,67,67,88,88,75,75,75,0],"gold":0,"neow_bonus":"","is_prod":false,"is_daily":false,"chose_seed":false,"campfire_upgraded":5,"win_rate":0,"timestamp":1550265385,"path_taken":["M","M","$","?","?","R","E","R","T","?","?","?","E","M","R","BOSS","M","$","M","?","M","E","R","?","T","M","M","R","?","M","R","BOSS","M","M","M","$","?","R","?","M","T","?","E"],"build_version":"2019-01-23","purchased_purges":0,"victory":false,"max_hp_per_floor":[80,80,80,80,85,85,85,85,85,85,85,85,85,85,85,85,85,85,85,85,90,90,90,90,90,90,90,90,90,90,90,90,90,90,90,90,90,90,90,90,90,90,90,90,90],"card_choices":[{"not_picked":["Shockwave","Rupture"],"picked":"Headbutt","floor":1},{"not_picked":["Seeing Red","Disarm"],"picked":"Shrug It Off","floor":1},{"not_picked":["Cleave","Sword Boomerang"],"picked":"Rampage","floor":2},{"not_picked":["Shrug It Off","Spot Weakness","Clash"],"picked":"SKIP","floor":2},{"not_picked":["Spot Weakness","Clash"],"picked":"Shrug It Off","floor":2},{"not_picked":["Armaments","Clash"],"picked":"Battle Trance","floor":7},{"not_picked":["Sword Boomerang","Bloodletting"],"picked":"Intimidate","floor":10},{"not_picked":["Rampage","Armaments"],"picked":"Entrench","floor":10},{"not_picked":["Wild Strike","Corruption"],"picked":"Clash","floor":11},{"not_picked":["Shockwave","Feel No Pain"],"picked":"Anger","floor":13},{"not_picked":["Clothesline","Bloodletting","Perfected Strike"],"picked":"Anger","floor":14},{"not_picked":["Thunderclap","True Grit","Seeing Red"],"picked":"Body Slam","floor":14},{"not_picked":["Immolate","Berserk","Dark Embrace"],"picked":"Impervious","floor":16},{"not_picked":["Carnage","Armaments","Seeing Red+1"],"picked":"Cleave+1","floor":18},{"not_picked":["Disarm","Shrug It Off","Twin Strike","Evolve"],"picked":"SKIP","floor":18},{"not_picked":["Disarm","Shrug It Off","Twin Strike","Evolve"],"picked":"SKIP","floor":18},{"not_picked":["Power Through","Twin Strike","Flame Barrier"],"picked":"Pommel Strike+1","floor":20},{"not_picked":["Sword Boomerang","Shrug It Off","Power Through","Shockwave"],"picked":"SKIP","floor":20},{"not_picked":["Heavy Blade","Armaments","Clothesline"],"picked":"Demon Form","floor":22},{"not_picked":["Sword Boomerang","Corruption","Shockwave"],"picked":"Warcry","floor":22},{"not_picked":["Seeing Red+1","Havoc","Impervious"],"picked":"Anger+1","floor":23},{"not_picked":["True Grit","Clothesline","Shrug It Off+1"],"picked":"Infernal Blade","floor":27},{"not_picked":["Anger","Wild Strike","Iron Wave","Dual Wield+1"],"picked":"SKIP","floor":27},{"not_picked":["Bloodletting","Anger","Pommel Strike"],"picked":"Dropkick+1","floor":28},{"not_picked":["Sword Boomerang","Intimidate","Clothesline+1"],"picked":"Rampage","floor":28},{"not_picked":["Dual Wield","Offering","Cleave"],"picked":"Clash","floor":30},{"not_picked":["Rampage","Pummel","Perfected Strike+1"],"picked":"Clash+1","floor":30},{"not_picked":["Dropkick","Sever Soul","Disarm","Fire Breathing"],"picked":"SKIP","floor":31},{"not_picked":["Havoc","Anger","Cleave","Armaments"],"picked":"SKIP","floor":31},{"not_picked":["Rampage","Flame Barrier+1","Sword Boomerang+1"],"picked":"Entrench+1","floor":35},{"not_picked":["Wild Strike+1","Shrug It Off","Second Wind+1"],"picked":"Perfected Strike+1","floor":35},{"not_picked":["Blood for Blood","Power Through+1","Reckless Charge"],"picked":"Ghostly Armor+1","floor":36},{"not_picked":["Armaments","Rampage","Havoc","Flame Barrier+1"],"picked":"SKIP","floor":36},{"not_picked":["Disarm+1","Feel No Pain","Shockwave+1"],"picked":"Body Slam+1","floor":37},{"not_picked":["Combust+1","Shockwave","Flex+1"],"picked":"Body Slam+1","floor":37},{"not_picked":["Combust","Twin Strike","Thunderclap"],"picked":"Berserk","floor":42},{"not_picked":["Warcry","Heavy Blade+1","Flex","Disarm+1"],"picked":"SKIP","floor":42}],"player_experience":136455,"relics_obtained":[{"floor":7,"key":"Nunchaku"},{"floor":9,"key":"Bottled Lightning"},{"floor":11,"key":"Odd Mushroom"},{"floor":13,"key":"Question Card"},{"floor":23,"key":"Ginger"},{"floor":26,"key":"Pantograph"},{"floor":43,"key":"Omamori"},{"floor":44,"key":"Letter Opener"}],"event_choices":[{"cards_removed":["Defend_R"],"damage_healed":0,"gold_gain":0,"player_choice":"Card Removal","damage_taken":7,"max_hp_gain":0,"max_hp_loss":0,"event_name":"Golden Wing","floor":4,"gold_loss":0},{"damage_healed":0,"gold_gain":0,"player_choice":"Donut","damage_taken":0,"max_hp_gain":5,"max_hp_loss":0,"event_name":"Big Fish","floor":5,"gold_loss":0},{"damage_healed":0,"gold_gain":0,"player_choice":"Fought Mushrooms","damage_taken":0,"max_hp_gain":0,"max_hp_loss":0,"event_name":"Mushrooms","floor":11,"gold_loss":0},{"damage_healed":0,"gold_gain":0,"player_choice":"Ignored","damage_taken":0,"max_hp_gain":0,"max_hp_loss":0,"event_name":"Liars Game","floor":12,"gold_loss":0},{"damage_healed":0,"gold_gain":0,"player_choice":"Shed Blood","damage_taken":21,"max_hp_gain":5,"max_hp_loss":0,"event_name":"Forgotten Altar","floor":21,"gold_loss":0},{"damage_healed":0,"gold_gain":0,"player_choice":"Leave","damage_taken":0,"max_hp_gain":0,"max_hp_loss":0,"event_name":"FaceTrader","floor":25,"gold_loss":0},{"cards_removed":["Defend_R"],"damage_healed":0,"gold_gain":0,"player_choice":"Removed Skill","damage_taken":0,"max_hp_gain":0,"max_hp_loss":0,"event_name":"Falling","floor":39,"gold_loss":0},{"damage_healed":0,"gold_gain":0,"player_choice":"Paid","damage_taken":0,"relics_obtained":["Red Mask"],"max_hp_gain":0,"max_hp_loss":0,"event_name":"Tomb of Lord Red Mask","floor":41,"gold_loss":33}],"is_beta":false,"boss_relics":[{"not_picked":["Runic Dome","Runic Pyramid"],"picked":"Ectoplasm"},{"not_picked":["Runic Cube","Busted Crown"],"picked":"Eternal Feather"}],"items_purged_floors":[],"is_endless":false,"potions_floor_spawned":[1,11,13,14,20,22,28,30,35,36,42],"killed_by":"Giant Head","ascension_level":0}