{"gold_per_floor":[367,265,280,295,306,325,325,73,73,73,84,34,51,70,70,175,175,195,1,14,32,44,44,64,64,64,75,75,75,75,75,75,175,175,189,289,289,289,300,300,310,310,310,310,338,338,338,357,357,357],"floor_reached":51,"playtime":6624,"items_purged":["Shame","Strike_G","Strike_G"],"score":816,"play_id":"c31b223f-5d19-4150-9403-0f54d79d1bcb","local_time":"20190228065100","is_ascension_mode":true,"campfire_choices":[{"data":"Footwork","floor":7,"key":"SMITH"},{"floor":10,"key":"REST"},{"floor":15,"key":"REST"},{"data":"Leg Sweep","floor":23,"key":"SMITH"},{"data":"Neutralize","floor":25,"key":"SMITH"},{"data":"Bouncing Flask","floor":28,"key":"SMITH"},{"data":"Well Laid Plans","floor":30,"key":"SMITH"},{"floor":32,"key":"REST"},{"data":"After Image","floor":40,"key":"SMITH"},{"data":"Backflip","floor":42,"key":"SMITH"},{"data":"Poisoned Stab","floor":44,"key":"SMITH"},{"data":"Madness","floor":47,"key":"SMITH"},{"floor":49,"key":"REST"}],"neow_cost":"CURSE","seed_source_timestamp":999552933314921,"circlet_count":0,"master_deck":["Defend_G","Defend_G","Defend_G","Defend_G","Defend_G","Survivor","Neutralize+1","Poisoned Stab+1","Dagger Spray","Footwork+1","Well Laid Plans+1","Footwork+1","Bouncing Flask+1","After Image+1","Backstab","Leg Sweep+1","Backflip+1","Catalyst+1","Madness+1","Madness","Acrobatics+1"],"relics":["Ring of the Snake","Singing Bowl","Cursed Key","Empty Cage","FossilizedHelix","Mango"],"potions_floor_usage":[14,16,16,27,33,33,45,50],"damage_taken":[{"damage":3,"enemies":"Cultist","floor":1,"turns":5},{"damage":7,"enemies":"Small Slimes","floor":3,"turns":4},{"damage":0,"enemies":"2 Louse","floor":4,"turns":2},{"damage":17,"enemies":"Exordium Wildlife","floor":5,"turns":4},{"damage":11,"enemies":"Large Slime","floor":6,"turns":7},{"damage":3,"enemies":"Blue Slaver","floor":11,"turns":5},{"damage":10,"enemies":"Lots of Slimes","floor":13,"turns":4},{"damage":0,"enemies":"Exordium Wildlife","floor":14,"turns":5},{"damage":4,"enemies":"Hexaghost","floor":16,"turns":10},{"damage":11,"enemies":"Chosen","floor":18,"turns":7},{"damage":3,"enemies":"Spheric Guardian","floor":20,"turns":5},{"damage":8,"enemies":"Snake Plant","floor":21,"turns":6},{"damage":0,"enemies":"Cultist and Chosen","floor":22,"turns":10},{"damage":9,"enemies":"Snecko","floor":24,"turns":6},{"damage":0,"enemies":"3 Cultists","floor":27,"turns":8},{"damage":0,"enemies":"Champ","floor":33,"turns":14},{"damage":4,"enemies":"Orb Walker","floor":35,"turns":8},{"damage":0,"enemies":"Mind Bloom Boss Battle","floor":36,"turns":7},{"damage":0,"enemies":"3 Shapes","floor":39,"turns":7},{"damage":2,"enemies":"3 Darklings","floor":41,"turns":21},{"damage":0,"enemies":"Nemesis","floor":45,"turns":9},{"damage":19,"enemies":"Transient","floor":48,"turns":5},{"damage":36,"enemies":"Donu and Deca","floor":50,"turns":15}],"seed_played":"3911175899560708012","potions_obtained":[{"floor":3,"key":"Dexterity Potion"},{"floor":11,"key":"Block Potion"},{"floor":13,"key":"Dexterity Potion"},{"floor":18,"key":"Poison Potion"},{"floor":21,"key":"Poison Potion"},{"floor":22,"key":"Block Potion"},{"floor":35,"key":"Dexterity Potion"},{"floor":48,"key":"Energy Potion"}],"is_trial":false,"path_per_floor":["M","$","M","M","M","M","R","$","T","R","M","?","M","M","R","B",null,"M","$","M","M","M","R","M","R","T","M","R","?","R","T","R","B",null,"M","?","?","$","M","R","M","R","T","R","E","?","R","M","R","B",null],"character_chosen":"THE_SILENT","items_purchased":["Dagger Spray","Footwork","Bouncing Flask","Backstab"],"campfire_rested":4,"item_purchase_floors":[2,8,8,19],"current_hp_per_floor":[67,67,60,60,43,32,32,32,32,53,52,52,44,46,68,64,76,67,67,66,58,60,60,53,53,53,55,55,55,55,55,80,82,88,84,84,84,84,86,86,86,86,86,86,102,88,88,69,101,65],"gold":357,"neow_bonus":"TWO_FIFTY_GOLD","is_prod":false,"is_daily":false,"chose_seed":false,"campfire_upgraded":9,"win_rate":0,"timestamp":1551304260,"path_taken":["M","$","M","M","?","M","R","$","T","R","M","?","M","M","R","BOSS","M","$","M","M","M","R","M","R","T","M","R","?","R","?","R","BOSS","M","?","?","$","?","R","M","R","T","R","E","?","R","M","R","BOSS"],"build_version":"2019-01-23","purchased_purges":3,"victory":true,"max_hp_per_floor":[70,70,70,70,70,70,70,70,70,70,72,72,74,76,76,76,76,78,78,80,80,82,82,84,84,84,86,86,86,86,86,86,88,88,88,88,88,88,90,90,92,92,92,92,108,108,108,108,108,108],"card_choices":[{"not_picked":["Bane","Endless Agony"],"picked":"Poisoned Stab","floor":1},{"not_picked":["Bane","Outmaneuver","Expertise"],"picked":"SKIP","floor":3},{"not_picked":["Sucker Punch","Cloak And Dagger"],"picked":"Footwork","floor":4},{"not_picked":["Prepared","Sucker Punch","Quick Slash"],"picked":"SKIP","floor":5},{"not_picked":["Dagger Throw","Predator"],"picked":"Well Laid Plans","floor":6},{"not_picked":["Poisoned Stab","Accuracy","Skewer"],"picked":"Singing Bowl","floor":11},{"not_picked":["Cloak And Dagger","Caltrops","Flying Knee"],"picked":"Singing Bowl","floor":13},{"not_picked":["Underhanded Strike","Deflect","Dagger Throw"],"picked":"Singing Bowl","floor":14},{"not_picked":["Unload","Die Die Die"],"picked":"After Image","floor":16},{"not_picked":["Reflex","Eviscerate","Caltrops"],"picked":"Singing Bowl","floor":18},{"not_picked":["Bane+1","Flying Knee","Predator"],"picked":"Singing Bowl","floor":20},{"not_picked":["Predator","Prepared"],"picked":"Leg Sweep","floor":21},{"not_picked":["Quick Slash+1","Masterful Stab","Prepared"],"picked":"Singing Bowl","floor":22},{"not_picked":["Flying Knee","Quick Slash+1","Storm of Steel"],"picked":"Singing Bowl","floor":24},{"not_picked":["Slice","Terror+1","Sucker Punch"],"picked":"Singing Bowl","floor":27},{"not_picked":["Grand Finale","Envenom","A Thousand Cuts"],"picked":"Singing Bowl","floor":33},{"not_picked":["Outmaneuver+1","Sucker Punch+1"],"picked":"Backflip","floor":35},{"not_picked":["Backflip+1","Poisoned Stab"],"picked":"Catalyst+1","floor":36},{"not_picked":["Concentrate+1","Finisher","Riddle With Holes+1"],"picked":"Singing Bowl","floor":39},{"not_picked":["Dagger Spray+1","Terror+1","Acrobatics"],"picked":"Singing Bowl","floor":41},{"not_picked":["Dagger Throw","Predator","Deflect+1"],"picked":"Singing Bowl","floor":45},{"not_picked":["Blade Dance+1","Dagger Throw"],"picked":"Acrobatics+1","floor":48}],"player_experience":477100,"relics_obtained":[{"floor":9,"key":"Singing Bowl"},{"floor":36,"key":"FossilizedHelix"},{"floor":45,"key":"Mango"}],"event_choices":[{"cards_removed":["Strike_G"],"damage_healed":0,"gold_gain":0,"player_choice":"Card Removal","damage_taken":0,"max_hp_gain":0,"max_hp_loss":0,"event_name":"The Cleric","floor":12,"gold_loss":50},{"damage_healed":0,"gold_gain":0,"player_choice":"Ignored","damage_taken":0,"max_hp_gain":0,"max_hp_loss":0,"event_name":"Vampires","floor":29,"gold_loss":0},{"damage_healed":0,"gold_gain":0,"player_choice":"Fight","damage_taken":0,"max_hp_gain":0,"max_hp_loss":0,"event_name":"MindBloom","floor":36,"gold_loss":0},{"damage_healed":0,"gold_gain":0,"player_choice":"Forge","damage_taken":0,"max_hp_gain":0,"max_hp_loss":0,"event_name":"Accursed Blacksmith","floor":37,"gold_loss":0,"cards_upgraded":["Footwork"]},{"damage_healed":0,"gold_gain":0,"player_choice":"Embrace Madness","damage_taken":14,"max_hp_gain":0,"max_hp_loss":0,"event_name":"Winding Halls","floor":46,"gold_loss":0,"cards_obtained":["Madness","Madness"]}],"is_beta":false,"boss_relics":[{"not_picked":["Fusion Hammer","Busted Crown"],"picked":"Cursed Key"},{"not_picked":["Snecko Eye","Runic Dome"],"picked":"Empty Cage"}],"items_purged_floors":[2,8,19],"is_endless":false,"potions_floor_spawned":[3,11,13,18,21,22,24,35,48],"ascension_level":2}