{"gold_per_floor":[211,211,211,224,242,304,316,316,316,334,334,359,374,14,14,110,110,127,127,138,152,80,112,112,131,131,143,156,231,231,241,241,344,344,364,383,78,78,96,122,122,142,142,142,142,142,142,160,160,160],"floor_reached":51,"playtime":8229,"items_purged":["Strike_R","Strike_R"],"score":736,"play_id":"f40021d4-748f-471e-9322-54b905ab7422","local_time":"20190228012844","is_ascension_mode":false,"campfire_choices":[{"data":"Inflame","floor":8,"key":"SMITH"},{"data":"Sword Boomerang","floor":11,"key":"SMITH"},{"data":"Limit Break","floor":15,"key":"SMITH"},{"floor":24,"key":"REST"},{"data":"Armaments","floor":30,"key":"SMITH"},{"data":"Demon Form","floor":32,"key":"SMITH"},{"data":"Barricade","floor":41,"key":"SMITH"},{"data":"Flex","floor":47,"key":"SMITH"},{"data":"Whirlwind","floor":49,"key":"SMITH"}],"neow_cost":"NONE","seed_source_timestamp":978579638368920,"circlet_count":0,"master_deck":["Strike_R","Defend_R","Defend_R","Defend_R","Defend_R","Bash","Inflame+1","Flex+1","Sword Boomerang+1","Iron Wave","Shrug It Off","Twin Strike","Limit Break+1","Thinking Ahead+1","Armaments+1","Demon Form+1","Whirlwind+1","Intimidate+1","Battle Trance","Barricade+1","Shrug It Off+1","Thinking Ahead","Shrug It Off"],"special_seed":0,"relics":["Burning Blood","Tiny Chest","Singing Bowl","Torii","Cursed Key","Thread and Needle","Runic Pyramid","DollysMirror","War Paint"],"potions_floor_usage":[6,6,6,12,16,21,23,50],"damage_taken":[{"damage":5.0,"enemies":"Cultist","floor":1.0,"turns":4.0},{"damage":2,"enemies":"Small Slimes","floor":4,"turns":4},{"damage":5,"enemies":"Jaw Worm","floor":5,"turns":4},{"damage":15,"enemies":"Gremlin Nob","floor":6,"turns":4},{"damage":15,"enemies":"Exordium Thugs","floor":7,"turns":6},{"damage":7,"enemies":"Exordium Wildlife","floor":10,"turns":3},{"damage":13,"enemies":"Lagavulin","floor":12,"turns":5},{"damage":5,"enemies":"Lots of Slimes","floor":13,"turns":4},{"damage":27,"enemies":"Slime Boss","floor":16,"turns":10},{"damage":11,"enemies":"Spheric Guardian","floor":18,"turns":4},{"damage":12,"enemies":"Shell Parasite","floor":20,"turns":4},{"damage":26,"enemies":"Sentry and Sphere","floor":21,"turns":4},{"damage":10,"enemies":"Gremlin Leader","floor":23,"turns":4},{"damage":10,"enemies":"Snecko","floor":25,"turns":6},{"damage":0,"enemies":"Centurion and Healer","floor":27,"turns":4},{"damage":1,"enemies":"Shelled Parasite and Fungi","floor":28,"turns":4},{"damage":2,"enemies":"Cultist and Chosen","floor":31,"turns":5},{"damage":8,"enemies":"Champ","floor":33,"turns":7},{"damage":0,"enemies":"3 Shapes","floor":35,"turns":8},{"damage":3,"enemies":"3 Darklings","floor":36,"turns":6},{"damage":3,"enemies":"Sphere and 2 Shapes","floor":39,"turns":4},{"damage":0,"enemies":"Giant Head","floor":40,"turns":7},{"damage":15,"enemies":"Jaw Worm Horde","floor":42,"turns":5},{"damage":7,"enemies":"3 Darklings","floor":48,"turns":6},{"damage":30,"enemies":"Time Eater","floor":50,"turns":10}],"seed_played":"5574042271122199871","potions_obtained":[{"floor":3,"key":"Dexterity Potion"},{"floor":3,"key":"AttackPotion"},{"floor":3,"key":"SneckoOil"},{"floor":4,"key":"PowerPotion"},{"floor":7,"key":"AttackPotion"},{"floor":16,"key":"Poison Potion"},{"floor":20,"key":"SteroidPotion"},{"floor":21,"key":"PowerPotion"},{"floor":27,"key":"FearPotion"},{"floor":35,"key":"Ancient Potion"}],"is_trial":false,"path_per_floor":["M","?","?","M","M","E","M","R","T","M","R","E","M","$","R","B",null,"M","?","M","M","$","E","R","M","T","M","M","?","R","M","R","B",null,"M","M","$","$","M","E","R","M","T","?","T","?","R","M","R","B",null],"character_chosen":"IRONCLAD","items_purchased":["Thinking Ahead","Armaments","EssenceOfSteel","Battle Trance","DollysMirror"],"campfire_rested":1,"item_purchase_floors":[14,14,14,22,37],"current_hp_per_floor":[80,80,80,80,80,71,62,62,62,61,61,54,55,55,55,34,80,75,75,71,51,51,49,74,72,72,80,87,78,78,84,84,82,92,92,94,94,94,94,96,96,89,89,91,91,91,91,92,92,68],"gold":160,"neow_bonus":"HUNDRED_GOLD","is_prod":false,"is_daily":false,"chose_seed":false,"campfire_upgraded":8,"win_rate":0,"timestamp":1551284924,"path_taken":["M","?","?","M","M","E","M","R","T","?","R","E","M","$","R","BOSS","M","?","M","?","$","E","R","M","T","M","M","?","R","M","R","BOSS","M","M","?","$","M","E","R","M","T","?","?","?","R","M","R","BOSS"],"build_version":"2019-01-23","purchased_purges":2,"victory":true,"max_hp_per_floor":[80,80,80,80,80,80,80,80,80,80,80,80,80,80,80,80,80,80,80,82,82,82,84,84,86,86,88,90,90,90,92,92,92,92,92,94,94,94,94,96,96,98,98,100,100,100,100,102,102,102],"card_choices":[{"not_picked":["Havoc","Clash","Rampage"],"picked":"SKIP","floor":1.0},{"not_picked":["Fire Breathing","Clothesline"],"picked":"Inflame","floor":4},{"not_picked":["Intimidate","Evolve"],"picked":"Flex","floor":5},{"not_picked":["Anger","Body Slam"],"picked":"Sword Boomerang","floor":6},{"not_picked":["Infernal Blade","Anger"],"picked":"Iron Wave","floor":7},{"not_picked":["Combust","Wild Strike"],"picked":"Shrug It Off","floor":10},{"not_picked":["Seeing Red","Thunderclap"],"picked":"Twin Strike","floor":12},{"not_picked":["Flex","Metallicize"],"picked":"Limit Break","floor":13},{"not_picked":["Berserk","Bludgeon"],"picked":"Demon Form","floor":16},{"not_picked":["Metallicize+1","Body Slam+1"],"picked":"Whirlwind","floor":18},{"not_picked":["Flex","Infernal Blade+1","Dropkick+1"],"picked":"Singing Bowl","floor":20},{"not_picked":["Combust","Flex"],"picked":"Intimidate+1","floor":21},{"not_picked":["Wild Strike","Flex","Feed"],"picked":"Singing Bowl","floor":23},{"not_picked":["Reckless Charge","Sever Soul","Perfected Strike"],"picked":"Singing Bowl","floor":25},{"not_picked":["Sword Boomerang","Headbutt+1","Entrench"],"picked":"Singing Bowl","floor":27},{"not_picked":["Clash+1","Searing Blow+1","Armaments"],"picked":"Singing Bowl","floor":28},{"not_picked":["Clothesline","Iron Wave","True Grit"],"picked":"Singing Bowl","floor":31},{"not_picked":["Dark Embrace","Exhume"],"picked":"Barricade","floor":33},{"not_picked":["Sword Boomerang+1","Armaments+1"],"picked":"Shrug It Off","floor":35},{"not_picked":["Warcry","Cleave","Flex+1"],"picked":"Singing Bowl","floor":36},{"not_picked":["Battle Trance+1","Wild Strike"],"picked":"Shrug It Off","floor":39},{"not_picked":["Headbutt+1","Berserk","Reckless Charge"],"picked":"Singing Bowl","floor":40},{"not_picked":["Armaments+1","Combust+1","Flex"],"picked":"Singing Bowl","floor":42},{"not_picked":["Flash of Steel","Panache","Deep Breath"],"picked":"Singing Bowl","floor":44},{"not_picked":["Havoc","Sever Soul+1","Dual Wield+1"],"picked":"Singing Bowl","floor":48}],"player_experience":465257,"relics_obtained":[{"floor":6,"key":"Tiny Chest"},{"floor":9,"key":"Singing Bowl"},{"floor":12,"key":"Torii"},{"floor":23,"key":"Thread and Needle"},{"floor":40,"key":"War Paint"}],"event_choices":[{"cards_removed":["Strike_R"],"damage_healed":0,"gold_gain":0,"player_choice":"Forget","damage_taken":0,"max_hp_gain":0,"max_hp_loss":0,"event_name":"Living Wall","floor":2,"gold_loss":0},{"damage_healed":0,"gold_gain":0,"player_choice":"Got Potions","damage_taken":0,"max_hp_gain":0,"max_hp_loss":0,"event_name":"Lab","floor":3,"gold_loss":0},{"cards_removed":["Strike_R"],"damage_healed":0,"gold_gain":0,"player_choice":"Offered Basic","damage_taken":0,"max_hp_gain":0,"max_hp_loss":0,"event_name":"Bonfire Elementals","floor":19,"gold_loss":0},{"damage_healed":0,"gold_gain":75,"player_choice":"Touch","damage_taken":9,"max_hp_gain":0,"max_hp_loss":0,"event_name":"FaceTrader","floor":29,"gold_loss":0},{"damage_healed":0,"gold_gain":0,"player_choice":"Memory 1","damage_taken":0,"max_hp_gain":0,"max_hp_loss":0,"event_name":"SensoryStone","floor":44,"gold_loss":0},{"damage_healed":0,"gold_gain":0,"player_choice":"Ignored","damage_taken":0,"max_hp_gain":0,"max_hp_loss":0,"event_name":"Mysterious Sphere","floor":46,"gold_loss":0}],"is_beta":false,"boss_relics":[{"not_picked":["Snecko Eye","Orrery"],"picked":"Cursed Key"},{"not_picked":["Tiny House","Black Blood"],"picked":"Runic Pyramid"}],"items_purged_floors":[14,37],"is_endless":false,"potions_floor_spawned":[4,5,7,16,20,21,27,35,39,42,48],"ascension_level":0}