{"gold_per_floor":[117,117,117,127,127,127,156,34,58,58,90,90,7,19,19,124,124,141,159,159,78,96,96,113,113,113,113],"floor_reached":27,"playtime":1319,"items_purged":[],"score":219,"play_id":"cf21a6b4-34c6-467d-a87f-c101c60e4785","local_time":"20190211010641","is_ascension_mode":false,"campfire_choices":[{"data":"Zap","floor":6,"key":"SMITH"},{"floor":10,"key":"REST"},{"floor":12,"key":"REST"},{"data":"Static Discharge","floor":15,"key":"SMITH"},{"floor":23,"key":"REST"}],"neow_cost":"NONE","seed_source_timestamp":54240347566610,"circlet_count":0,"master_deck":["Strike_B","Defend_B","Defend_B","Zap+1","Dualcast","Melter","Rebound","Static Discharge+1","Stack","Glacier","Self Repair","Redo","Thunder Strike","Thunder Strike","Barrage+1","Multi-Cast+1","Sunder+1","Doom and Gloom+1","Ball Lightning","Self Repair","Darkness+1","BootSequence","Zap","Redo"],"relics":["Cracked Core","Ornamental Fan","Regal Pillow","Smiling Mask","Astrolabe","Orichalcum"],"potions_floor_usage":[18,19,27],"damage_taken":[{"damage":1,"enemies":"Jaw Worm","floor":1,"turns":3},{"damage":1,"enemies":"Cultist","floor":4,"turns":3},{"damage":33,"enemies":"Gremlin Nob","floor":7,"turns":5},{"damage":34,"enemies":"Lagavulin","floor":11,"turns":6},{"damage":0,"enemies":"Small Slimes","floor":14,"turns":3},{"damage":35,"enemies":"The Guardian","floor":16,"turns":10},{"damage":24,"enemies":"Shell Parasite","floor":18,"turns":5},{"damage":21,"enemies":"2 Thieves","floor":19,"turns":3},{"damage":3,"enemies":"Sentry and Sphere","floor":22,"turns":3},{"damage":30,"enemies":"Snake Plant","floor":24,"turns":3},{"damage":71,"enemies":"Slavers","floor":27,"turns":5}],"seed_played":"4918442854120828522","potions_obtained":[{"floor":14,"key":"SteroidPotion"},{"floor":16,"key":"Poison Potion"},{"floor":18,"key":"SkillPotion"}],"is_trial":false,"path_per_floor":["M","?","?","M","?","R","E","$","T","R","E","R","$","M","R","B",null,"M","M","?","$","M","R","M","?","T","E"],"character_chosen":"DEFECT","items_purchased":["Static Discharge","Stack","Self Repair","Redo","Self Repair"],"campfire_rested":3,"item_purchase_floors":[8,8,13,13,21],"current_hp_per_floor":[81,81,81,80,73,73,40,40,40,79,45,82,82,82,82,47,82,65,44,44,44,55,82,66,66,66,0],"gold":113,"neow_bonus":"TEN_PERCENT_HP_BONUS","is_prod":false,"is_daily":false,"chose_seed":false,"campfire_upgraded":2,"win_rate":0.0,"timestamp":1549868801,"path_taken":["M","?","?","?","?","R","E","$","T","R","E","R","$","M","R","BOSS","M","M","?","?","?","R","M","?","T","E"],"build_version":"2019-01-23","purchased_purges":0,"victory":false,"max_hp_per_floor":[82,82,82,82,82,82,82,82,82,82,82,82,82,82,82,82,82,82,82,82,82,82,82,82,82,82,82],"card_choices":[{"not_picked":["Cold Snap","Compile Driver"],"picked":"Melter","floor":1},{"not_picked":["Gash","Go for the Eyes"],"picked":"Coolheaded","floor":4},{"not_picked":["Beam Cell","Skim"],"picked":"Rebound","floor":7},{"not_picked":["Scrape","Storm"],"picked":"Glacier","floor":11},{"not_picked":["Compile Driver","Undo"],"picked":"Thunder Strike","floor":14},{"not_picked":["Rainbow","Seek"],"picked":"Thunder Strike","floor":16},{"not_picked":["Fusion+1","Steam"],"picked":"Doom and Gloom+1","floor":18},{"not_picked":["Turbo","Cold Snap+1"],"picked":"Ball Lightning","floor":19},{"not_picked":["Stack","Sweeping Beam"],"picked":"Darkness+1","floor":22},{"not_picked":["Steam Power","Fusion"],"picked":"BootSequence","floor":24}],"player_experience":41422,"relics_obtained":[{"floor":7,"key":"Ornamental Fan"},{"floor":9,"key":"Regal Pillow"},{"floor":11,"key":"Smiling Mask"},{"floor":26,"key":"Orichalcum"}],"event_choices":[{"damage_healed":0,"gold_gain":0,"player_choice":"Ignored","damage_taken":0,"max_hp_gain":0,"max_hp_loss":0,"event_name":"Liars Game","floor":2,"gold_loss":0},{"cards_removed":["Defend_B"],"damage_healed":0,"gold_gain":0,"player_choice":"Offered Basic","damage_taken":0,"max_hp_gain":0,"max_hp_loss":0,"event_name":"Bonfire Elementals","floor":3,"gold_loss":0},{"cards_removed":["Strike_B"],"damage_healed":0,"gold_gain":0,"player_choice":"Card Removal","damage_taken":7,"max_hp_gain":0,"max_hp_loss":0,"event_name":"Golden Wing","floor":5,"gold_loss":0},{"cards_removed":["Strike_B"],"damage_healed":0,"gold_gain":0,"player_choice":"Purged","damage_taken":0,"max_hp_gain":0,"max_hp_loss":0,"event_name":"Purifier","floor":20,"gold_loss":0},{"damage_healed":0,"gold_gain":0,"player_choice":"2 cards matched","damage_taken":0,"max_hp_gain":0,"max_hp_loss":0,"event_name":"Match and Keep!","floor":25,"gold_loss":0,"cards_obtained":["Zap","Redo"]}],"is_beta":false,"boss_relics":[{"not_picked":["Orrery","Philosopher\u0027s Stone"],"picked":"Astrolabe"}],"items_purged_floors":[],"is_endless":false,"potions_floor_spawned":[14,16,18],"killed_by":"Slavers","ascension_level":0}