{"path_per_floor":["M","M","M","?","?","E","R","M","T","E","?","M","M","E","R","B",null,"M","?","M","M","$"],"character_chosen":"DEFECT","items_purchased":["Cables","Storm"],"gold_per_floor":[110,125,139,139,139,173,173,184,184,210,210,227,246,277,277,376,376,390,390,407,427,58,58],"floor_reached":23,"campfire_rested":2,"playtime":1054,"item_purchase_floors":[22,22],"current_hp_per_floor":[75,72,65,53,53,25,47,36,36,30,30,27,24,10,32,10,75,61,61,54,32,32,0],"items_purged":["Writhe"],"gold":58,"score":234,"play_id":"2471a4e8-2adf-43ae-9fe0-9fdd1b1d238e","local_time":"20180622151852","is_prod":false,"is_daily":false,"chose_seed":false,"is_ascension_mode":true,"campfire_upgraded":0,"win_rate":0,"timestamp":1529673532,"campfire_choices":[{"floor":7,"key":"REST"},{"floor":15,"key":"REST"}],"path_taken":["M","M","?","?","?","E","R","M","T","E","?","M","M","E","R","BOSS","M","?","M","M","?","E"],"build_version":"2018-06-21","seed_source_timestamp":41721195004983,"purchased_purges":1,"circlet_count":0,"victory":false,"master_deck":["Strike_B","Strike_B","Strike_B","Strike_B","Defend_B","Defend_B","Defend_B","Defend_B","Zap","Dualcast+1","Static Discharge+1","Defragment","Skim","Heatsinks","Reinforced Body+1","Streamline","Core Surge","Loop","Machine Learning","Sunder","White Noise","Reinforced Body","Self Repair","Storm"],"max_hp_per_floor":[75,75,75,75,75,75,75,75,75,75,75,75,75,75,75,75,75,75,75,75,75,75,75],"relics":["Cracked Core","Sundial","Prayer Wheel","Ice Cream","War Paint","Gremlin Horn","Inserter","Dream Catcher","Cables"],"card_choices":[{"not_picked":["Turbo","Rebound"],"picked":"Static Discharge","floor":1},{"not_picked":["Sunder","Ball Lightning"],"picked":"Defragment","floor":2},{"not_picked":["Turbo","Chaos"],"picked":"Skim","floor":3},{"not_picked":["Rebound","Steam"],"picked":"Heatsinks","floor":6},{"not_picked":["Coolheaded","Beam Cell","Chaos"],"picked":"SKIP","floor":8},{"not_picked":["Sweeping Beam","Compile Driver","Rainbow"],"picked":"SKIP","floor":8},{"not_picked":["Ball Lightning","Chill"],"picked":"Reinforced Body","floor":10},{"not_picked":["Hologram","Rebound","Stack"],"picked":"SKIP","floor":12},{"not_picked":["Ball Lightning","Gash","Beam Cell"],"picked":"SKIP","floor":12},{"not_picked":["Aggregate","Stack"],"picked":"Streamline","floor":13},{"not_picked":["Compile Driver","Aggregate"],"picked":"Core Surge","floor":13},{"not_picked":["Reprogram","Fusion"],"picked":"Loop","floor":14},{"not_picked":["Multi-Cast","Seek"],"picked":"Machine Learning","floor":16},{"not_picked":["Rebound","Streamline"],"picked":"Sunder","floor":18},{"not_picked":["Steam Power","Recycle","Hello World"],"picked":"SKIP","floor":18},{"not_picked":["Barrage","Redo"],"picked":"White Noise","floor":20},{"not_picked":["Turbo","Hologram"],"picked":"Reinforced Body","floor":20},{"not_picked":["Recycle","Gash+1"],"picked":"Self Repair","floor":21},{"not_picked":["Hologram","Redo","Barrage"],"picked":"SKIP","floor":21}],"player_experience":395098,"potions_floor_usage":[10,10,13,14,18],"damage_taken":[{"damage":0,"enemies":"Cultist","floor":1,"turns":4},{"damage":3,"enemies":"2 Louse","floor":2,"turns":3},{"damage":7,"enemies":"Jaw Worm","floor":3,"turns":4},{"damage":28,"enemies":"Gremlin Nob","floor":6,"turns":4},{"damage":11,"enemies":"Looter","floor":8,"turns":4},{"damage":6,"enemies":"3 Sentries","floor":10,"turns":6},{"damage":3,"enemies":"Blue Slaver","floor":12,"turns":6},{"damage":3,"enemies":"2 Fungi Beasts","floor":13,"turns":4},{"damage":14,"enemies":"Gremlin Nob","floor":14,"turns":4},{"damage":22,"enemies":"Hexaghost","floor":16,"turns":8},{"damage":14,"enemies":"Shell Parasite","floor":18,"turns":9},{"damage":7,"enemies":"Chosen","floor":20,"turns":5},{"damage":22,"enemies":"Snecko","floor":21,"turns":8},{"damage":34,"enemies":"Book of Stabbing","floor":23,"turns":4}],"relics_obtained":[{"floor":6,"key":"Prayer Wheel"},{"floor":9,"key":"Ice Cream"},{"floor":10,"key":"War Paint"},{"floor":14,"key":"Gremlin Horn"}],"event_choices":[{"event_name":"Scrap Ooze","player_choice":"success","floor":4,"damage_taken":12},{"event_name":"Living Wall","player_choice":"Grow","floor":5,"damage_taken":0},{"event_name":"Liars Game","player_choice":"disagreed","floor":11,"damage_taken":0},{"event_name":"The Mausoleum","player_choice":"Yes","floor":19,"damage_taken":0}],"boss_relics":[{"not_picked":["Empty Cage","Busted Crown"],"picked":"Inserter"}],"items_purged_floors":[22],"is_endless":false,"potions_floor_spawned":[3,6,8,12,16,21],"seed_played":"-1305957731944115839","killed_by":"Book of Stabbing","ascension_level":2,"potions_obtained":[{"floor":3,"key":"Strength Potion"},{"floor":6,"key":"Poison Potion"},{"floor":8,"key":"Block Potion"},{"floor":12,"key":"Block Potion"},{"floor":16,"key":"SkillPotion"},{"floor":21,"key":"SmokeBomb"}],"is_trial":false}