{"gold_per_floor":[148,148,158,170,170,170,201,53,125,145,203,222,222,20,20,121,121,121],"floor_reached":18,"playtime":794,"items_purged":[],"score":216,"play_id":"c21b1398-a0bb-495b-8e03-e5b40b53d552","local_time":"20190305133649","is_ascension_mode":true,"campfire_choices":[{"data":"Perfected Strike","floor":6,"key":"SMITH"},{"floor":13,"key":"REST"},{"data":"Uppercut","floor":15,"key":"SMITH"}],"neow_cost":"NONE","seed_source_timestamp":14652252995804,"circlet_count":0,"master_deck":["Strike_R","Strike_R","Strike_R","Strike_R","Strike_R+1","Defend_R","Defend_R","Defend_R","Defend_R","Bash","Armaments+1","Perfected Strike+1","Twin Strike+1","Uppercut+1","Dropkick","Pommel Strike","Reaper"],"relics":["Burning Blood","Tiny Chest","Whetstone","Pen Nib","Gremlin Horn","Brimstone","Eternal Feather"],"potions_floor_usage":[7,16,16],"damage_taken":[{"damage":11,"enemies":"2 Louse","floor":1,"turns":4},{"damage":1,"enemies":"Cultist","floor":3,"turns":3},{"damage":7,"enemies":"Small Slimes","floor":4,"turns":3},{"damage":32,"enemies":"Gremlin Nob","floor":7,"turns":4},{"damage":10,"enemies":"Exordium Thugs","floor":10,"turns":3},{"damage":3,"enemies":"Looter","floor":12,"turns":3},{"damage":34,"enemies":"The Guardian","floor":16,"turns":5},{"damage":78,"enemies":"3 Byrds","floor":18,"turns":4}],"seed_played":"-1952666056531081111","potions_obtained":[{"floor":4,"key":"GamblersBrew"},{"floor":7,"key":"PowerPotion"},{"floor":10,"key":"Block Potion"}],"is_trial":false,"path_per_floor":["M","?","M","M","?","R","E","$","T","M","?","M","R","$","R","B",null,"M"],"character_chosen":"IRONCLAD","items_purchased":["Pen Nib","Brimstone"],"campfire_rested":1,"item_purchase_floors":[8,14],"current_hp_per_floor":[67,67,72,71,76,76,50,50,50,46,46,49,74,74,74,46,75,0],"gold":121,"neow_bonus":"RANDOM_COMMON_RELIC","is_prod":false,"is_daily":false,"chose_seed":false,"campfire_upgraded":2,"win_rate":0,"timestamp":1551814609,"path_taken":["M","?","?","M","?","R","E","?","T","M","?","M","R","$","R","BOSS","M"],"build_version":"2019-01-23","purchased_purges":0,"victory":false,"max_hp_per_floor":[80,80,80,80,85,85,85,85,85,85,85,85,85,85,85,85,85,85],"card_choices":[{"not_picked":["Wild Strike","Dual Wield"],"picked":"Armaments","floor":1},{"not_picked":["Rage","Entrench"],"picked":"Perfected Strike","floor":3},{"not_picked":["Inflame","Clothesline"],"picked":"Twin Strike","floor":4},{"not_picked":["Second Wind","Rage"],"picked":"Uppercut","floor":7},{"not_picked":["Twin Strike","Infernal Blade"],"picked":"Dropkick","floor":10},{"not_picked":["Clothesline","Iron Wave"],"picked":"Pommel Strike","floor":12},{"not_picked":["Berserk","Juggernaut"],"picked":"Reaper","floor":16}],"player_experience":550751,"relics_obtained":[{"floor":7,"key":"Whetstone"},{"floor":9,"key":"Gremlin Horn"}],"event_choices":[{"damage_healed":0,"gold_gain":0,"player_choice":"Upgraded","damage_taken":0,"max_hp_gain":0,"max_hp_loss":0,"event_name":"Upgrade Shrine","floor":2,"gold_loss":0,"cards_upgraded":["Armaments"]},{"damage_healed":0,"gold_gain":0,"player_choice":"Donut","damage_taken":0,"max_hp_gain":5,"max_hp_loss":0,"event_name":"Big Fish","floor":5,"gold_loss":0},{"damage_healed":0,"gold_gain":58,"player_choice":"Gained Gold","damage_taken":0,"max_hp_gain":0,"max_hp_loss":0,"event_name":"Golden Wing","floor":11,"gold_loss":0}],"is_beta":false,"boss_relics":[{"not_picked":["Empty Cage","White Beast Statue"],"picked":"Eternal Feather"}],"items_purged_floors":[],"is_endless":false,"potions_floor_spawned":[4,7,10],"killed_by":"3 Byrds","ascension_level":7}