{"gold_per_floor":[119,119,129,145,160,188,188,198,198,233,114,114,141,161,161,258,258,271,282,296,40,40,40,66,66,89,122,122,150,150,170,170,269,269,286,286,305,305,320,346,346,362,430,430,430],"floor_reached":45,"playtime":2017,"items_purged":["Strike_B","Strike_B"],"score":706,"play_id":"57ab4471-2c1d-43a6-961c-212af7cee4ea","local_time":"20190111044259","is_ascension_mode":true,"campfire_choices":[{"floor":7,"key":"REST"},{"floor":12,"key":"REST"},{"floor":15,"key":"REST"},{"data":"Dualcast","floor":23,"key":"SMITH"},{"floor":25,"key":"REST"},{"floor":28,"key":"REST"},{"data":"Defragment","floor":30,"key":"SMITH"},{"floor":32,"key":"REST"},{"floor":41,"key":"REST"},{"floor":44,"key":"REST"}],"neow_cost":"NONE","seed_source_timestamp":171038108763801,"circlet_count":0,"master_deck":["Strike_B+1","Strike_B+1","Defend_B","Defend_B","Defend_B","Defend_B","Zap","Dualcast+1","Cold Snap","Glacier","Steam","Cold Snap","White Noise","Defragment+1","Coolheaded","Defragment","Electrodynamics","Barrage","Conserve Battery","Dramatic Entrance","Barrage","Redo","Buffer","FTL","FTL+1","Madness","Madness","Defragment+1"],"relics":["FrozenCore","Potion Belt","Mercury Hourglass","Sundial","The Courier","Bronze Scales","Membership Card","Strawberry","DataDisk","Juzu Bracelet","Incense Burner","Orrery","Frozen Egg 2","Bottled Lightning"],"potions_floor_usage":[10,20,27,29,40,40,45],"damage_taken":[{"damage":7,"enemies":"Jaw Worm","floor":1,"turns":4},{"damage":0,"enemies":"2 Louse","floor":3,"turns":2},{"damage":0,"enemies":"Small Slimes","floor":4,"turns":3},{"damage":0,"enemies":"Blue Slaver","floor":5,"turns":4},{"damage":39,"enemies":"Gremlin Nob","floor":6,"turns":6},{"damage":3,"enemies":"Looter","floor":8,"turns":3},{"damage":5,"enemies":"3 Sentries","floor":10,"turns":5},{"damage":13,"enemies":"Gremlin Nob","floor":13,"turns":5},{"damage":6,"enemies":"2 Fungi Beasts","floor":14,"turns":2},{"damage":21,"enemies":"Slime Boss","floor":16,"turns":11},{"damage":0,"enemies":"Spheric Guardian","floor":18,"turns":7},{"damage":6,"enemies":"3 Byrds","floor":19,"turns":3},{"damage":5,"enemies":"3 Cultists","floor":20,"turns":5},{"damage":28,"enemies":"Gremlin Leader","floor":24,"turns":7},{"damage":32,"enemies":"Slavers","floor":27,"turns":3},{"damage":10,"enemies":"Book of Stabbing","floor":29,"turns":6},{"damage":7,"enemies":"Snake Plant","floor":31,"turns":4},{"damage":17,"enemies":"Automaton","floor":33,"turns":11},{"damage":2,"enemies":"3 Shapes","floor":35,"turns":5},{"damage":26,"enemies":"3 Darklings","floor":37,"turns":7},{"damage":9,"enemies":"Jaw Worm Horde","floor":39,"turns":4},{"damage":22,"enemies":"Reptomancer","floor":40,"turns":8},{"damage":0,"enemies":"Sphere and 2 Shapes","floor":42,"turns":5},{"damage":65,"enemies":"Giant Head","floor":45,"turns":13}],"seed_played":"-2878816979477202053","potions_obtained":[{"floor":4,"key":"GamblersBrew"},{"floor":6,"key":"Block Potion"},{"floor":14,"key":"Block Potion"},{"floor":20,"key":"SpeedPotion"},{"floor":24,"key":"SpeedPotion"},{"floor":27,"key":"Swift Potion"},{"floor":40,"key":"Weak Potion"}],"is_trial":false,"path_per_floor":["M","?","M","M","M","E","R","M","T","E","$","R","E","M","R","B",null,"M","M","M","$","?","R","E","R","T","E","R","E","R","M","R","B",null,"M","?","M","?","M","E","R","M","T","R","E"],"character_chosen":"DEFECT","items_purchased":["Defragment","Membership Card","Dramatic Entrance"],"campfire_rested":8,"item_purchase_floors":[11,21,21],"current_hp_per_floor":[61,46,46,46,46,7,29,26,26,21,21,43,30,24,46,25,63,63,57,52,52,52,52,31,55,55,23,47,37,37,30,54,37,71,69,69,43,33,24,2,26,26,26,50,0],"gold":430,"neow_bonus":"RANDOM_COMMON_RELIC","is_prod":false,"is_daily":false,"chose_seed":false,"campfire_upgraded":2,"win_rate":0,"timestamp":1547178179,"path_taken":["M","?","M","M","M","E","R","M","T","E","$","R","E","M","R","BOSS","M","M","M","$","?","R","E","R","T","E","R","E","R","M","R","BOSS","M","?","M","?","M","E","R","M","T","R","E"],"build_version":"2019-01-03v4","purchased_purges":2,"victory":false,"max_hp_per_floor":[75,75,75,75,75,75,75,75,75,75,75,75,75,75,75,75,75,75,75,75,75,75,75,82,82,82,82,82,82,82,82,82,82,82,82,82,82,82,82,82,82,82,82,82,82],"card_choices":[{"not_picked":["Redo","Sweeping Beam"],"picked":"Cold Snap","floor":1},{"not_picked":["Coolheaded","Rebound"],"picked":"Glacier","floor":3},{"not_picked":["Gash","Heatsinks"],"picked":"Steam","floor":4},{"not_picked":["Auto Shields","Stack"],"picked":"Cold Snap","floor":5},{"not_picked":["Reboot","Sweeping Beam"],"picked":"White Noise","floor":6},{"not_picked":["Sunder","Heatsinks"],"picked":"Defragment","floor":8},{"not_picked":["Go for the Eyes","Melter"],"picked":"Coolheaded","floor":10},{"not_picked":["Sunder","All For One","Lockon"],"picked":"SKIP","floor":13},{"not_picked":["Coolheaded","Go for the Eyes","Undo"],"picked":"SKIP","floor":14},{"not_picked":["Creative AI","Core Surge"],"picked":"Electrodynamics","floor":16},{"not_picked":["Coolheaded","Fusion"],"picked":"Barrage","floor":18},{"not_picked":["Reprogram","Reinforced Body"],"picked":"Conserve Battery","floor":19},{"not_picked":["Stack","Beam Cell","Doom and Gloom"],"picked":"SKIP","floor":20},{"not_picked":["Rip and Tear","Meteor Strike"],"picked":"Barrage","floor":24},{"not_picked":["Gash","Streamline"],"picked":"Redo","floor":27},{"not_picked":["Conserve Battery+1","Reboot","Barrage"],"picked":"SKIP","floor":29},{"not_picked":["Sweeping Beam","Doom and Gloom","Conserve Battery+1"],"picked":"SKIP","floor":31},{"not_picked":["Hyperbeam","Biased Cognition"],"picked":"Buffer","floor":33},{"not_picked":["Reinforced Body+1","Streamline"],"picked":"FTL","floor":34},{"not_picked":["Conserve Battery+1","Turbo+1","Cold Snap+1"],"picked":"SKIP","floor":35},{"not_picked":["Sweeping Beam+1","Reprogram+1"],"picked":"FTL+1","floor":37},{"not_picked":["Gash","Leap+1","Doom and Gloom"],"picked":"SKIP","floor":39},{"not_picked":["Loop","Sweeping Beam"],"picked":"Defragment+1","floor":40},{"not_picked":["Streamline+1","Fusion+1","Hologram"],"picked":"SKIP","floor":42}],"player_experience":666814,"relics_obtained":[{"floor":6,"key":"Mercury Hourglass"},{"floor":9,"key":"Sundial"},{"floor":10,"key":"The Courier"},{"floor":13,"key":"Bronze Scales"},{"floor":24,"key":"Strawberry"},{"floor":26,"key":"DataDisk"},{"floor":27,"key":"Juzu Bracelet"},{"floor":29,"key":"Incense Burner"},{"floor":40,"key":"Frozen Egg 2"},{"floor":43,"key":"Bottled Lightning"}],"event_choices":[{"damage_healed":0,"gold_gain":0,"player_choice":"Entered Light","damage_taken":15,"max_hp_gain":0,"max_hp_loss":0,"event_name":"Shining Light","floor":2,"gold_loss":0,"cards_upgraded":["Strike_B","Strike_B"]},{"damage_healed":0,"gold_gain":0,"player_choice":"Ignored","damage_taken":0,"max_hp_gain":0,"max_hp_loss":0,"event_name":"Ghosts","floor":22,"gold_loss":0},{"damage_healed":0,"gold_gain":0,"player_choice":"Ignored","damage_taken":0,"max_hp_gain":0,"max_hp_loss":0,"event_name":"Tomb of Lord Red Mask","floor":36,"gold_loss":0},{"damage_healed":0,"gold_gain":0,"player_choice":"Embrace Madness","damage_taken":10,"max_hp_gain":0,"max_hp_loss":0,"event_name":"Winding Halls","floor":38,"gold_loss":0,"cards_obtained":["Madness","Madness"]}],"is_beta":false,"boss_relics":[{"not_picked":["Pandora\u0027s Box","Calling Bell"],"picked":"FrozenCore"},{"not_picked":["Velvet Choker","Coffee Dripper"],"picked":"Orrery"}],"items_purged_floors":[11,21],"is_endless":false,"potions_floor_spawned":[4,6,14,20,24,27,40],"killed_by":"Giant Head","ascension_level":7}