{"gold_per_floor":[15,35,35,7,7,7,43,43,70,93,111,149,149,164,164,294,294,314,314,314,333,40,61,12,28,80,96,96,117,132,132],"floor_reached":31,"playtime":1572,"items_purged":[],"score":239,"play_id":"e3922323-455a-4efa-8f37-02dbcc6b6f1c","local_time":"20190305143829","is_ascension_mode":false,"campfire_choices":[{"data":"Zap","floor":6,"key":"SMITH"},{"data":"Sunder","floor":8,"key":"SMITH"},{"floor":13,"key":"REST"},{"floor":15,"key":"REST"},{"floor":28,"key":"RECALL"}],"neow_cost":"NO_GOLD","seed_source_timestamp":17574912050080,"circlet_count":0,"master_deck":["Strike_B","Strike_B","Strike_B","Defend_B","Defend_B","Defend_B","Zap+1","Dualcast","Blizzard","Ball Lightning","Sunder+1","Ball Lightning","Redo","Double Energy","Stack","Leap","Stack","Reboot","Defragment","Cold Snap","Leap","Sweeping Beam","Double Energy","Seek","Melter","Cold Snap+1","Chill","Beam Cell","Rebound"],"relics":["Cracked Core","Golden Idol","Odd Mushroom","Anchor","Singing Bowl","Orrery","MutagenicStrength","Sundial","Ancient Tea Set"],"potions_floor_usage":[7,11,12,21,21,27,30,31],"damage_taken":[{"damage":1,"enemies":"Cultist","floor":1,"turns":3},{"damage":0,"enemies":"2 Louse","floor":2,"turns":1},{"damage":1,"enemies":"The Mushroom Lair","floor":7,"turns":2},{"damage":0,"enemies":"Small Slimes","floor":10,"turns":2},{"damage":0,"enemies":"3 Louse","floor":11,"turns":1},{"damage":18,"enemies":"3 Sentries","floor":12,"turns":4},{"damage":0,"enemies":"Exordium Wildlife","floor":14,"turns":2},{"damage":55,"enemies":"The Guardian","floor":16,"turns":11},{"damage":4,"enemies":"Chosen","floor":18,"turns":5},{"damage":10,"enemies":"Shell Parasite","floor":21,"turns":3},{"damage":4,"enemies":"Snecko","floor":23,"turns":6},{"damage":0,"enemies":"Cultist and Chosen","floor":25,"turns":4},{"damage":1,"enemies":"Snake Plant","floor":27,"turns":5},{"damage":11,"enemies":"3 Cultists","floor":29,"turns":5},{"damage":22,"enemies":"Snecko","floor":30,"turns":4},{"damage":29,"enemies":"Gremlin Leader","floor":31,"turns":6}],"seed_played":"7307028633455688929","potions_obtained":[{"floor":1,"key":"Swift Potion"},{"floor":2,"key":"FearPotion"},{"floor":10,"key":"Explosive Potion"},{"floor":16,"key":"Energy Potion"},{"floor":18,"key":"FearPotion"},{"floor":27,"key":"Ancient Potion"},{"floor":30,"key":"Weak Potion"}],"is_trial":false,"path_per_floor":["M","M","$","?","?","R","?","R","T","M","M","E","R","M","R","B",null,"M","?","?","M","$","M","$","M","T","M","R","M","M","E"],"character_chosen":"DEFECT","items_purchased":["Sundial","Weak Potion","Beam Cell"],"campfire_rested":2,"item_purchase_floors":[22,22,24],"current_hp_per_floor":[74,74,74,74,56,56,55,55,55,55,55,37,59,59,75,20,75,71,71,71,61,61,57,57,59,59,60,60,49,29,0],"gold":132,"neow_bonus":"TRANSFORM_TWO_CARDS","is_prod":false,"is_daily":false,"chose_seed":false,"campfire_upgraded":2,"win_rate":0,"timestamp":1551818309,"path_taken":["M","?","$","?","?","R","?","R","T","M","M","E","R","M","R","BOSS","M","?","?","?","$","M","?","M","T","?","R","?","M","E"],"build_version":"2019-01-23","purchased_purges":0,"victory":false,"max_hp_per_floor":[75,75,75,75,75,75,75,75,75,75,75,75,75,75,75,75,75,75,75,75,75,75,75,75,77,77,79,79,79,81,81],"card_choices":[{"not_picked":["FTL","BootSequence"],"picked":"Sunder","floor":1},{"not_picked":["Glacier","Turbo"],"picked":"Ball Lightning","floor":2},{"not_picked":["Turbo","Hello World"],"picked":"Redo","floor":7},{"not_picked":["Undo","Self Repair"],"picked":"Double Energy","floor":10},{"not_picked":["Streamline","Amplify"],"picked":"Stack","floor":11},{"not_picked":["Gash","Compile Driver"],"picked":"Leap","floor":12},{"not_picked":["Steam","Coolheaded"],"picked":"Stack","floor":14},{"not_picked":["Hyperbeam","All For One"],"picked":"Reboot","floor":16},{"not_picked":["Stack","Skim"],"picked":"Defragment","floor":17},{"not_picked":["Barrage","Steam"],"picked":"Cold Snap","floor":17},{"not_picked":["Cold Snap","Redo"],"picked":"Leap","floor":17},{"not_picked":["Genetic Algorithm","Compile Driver"],"picked":"Sweeping Beam","floor":17},{"not_picked":["Chill","Turbo"],"picked":"Double Energy","floor":17},{"not_picked":["Go for the Eyes","Auto Shields"],"picked":"Seek","floor":18},{"not_picked":["Gash","Stack"],"picked":"Cold Snap+1","floor":21},{"not_picked":["Streamline","Creative AI"],"picked":"Chill","floor":23},{"not_picked":["Beam Cell+1","Go for the Eyes","Consume"],"picked":"Singing Bowl","floor":25},{"not_picked":["Go for the Eyes","Redo","Meteor Strike"],"picked":"Singing Bowl","floor":27},{"not_picked":["Turbo","Steam"],"picked":"Rebound","floor":29},{"not_picked":["Barrage","BootSequence","Ball Lightning"],"picked":"Singing Bowl","floor":30}],"player_experience":553617,"relics_obtained":[{"floor":7,"key":"Odd Mushroom"},{"floor":9,"key":"Anchor"},{"floor":12,"key":"Singing Bowl"},{"floor":26,"key":"Ancient Tea Set"}],"event_choices":[{"damage_healed":0,"gold_gain":0,"player_choice":"Left Gold","damage_taken":0,"max_hp_gain":0,"max_hp_loss":0,"event_name":"World of Goop","floor":4,"gold_loss":28},{"damage_healed":0,"gold_gain":0,"player_choice":"Take Damage","damage_taken":18,"relics_obtained":["Golden Idol"],"max_hp_gain":0,"max_hp_loss":0,"event_name":"Golden Idol","floor":5,"gold_loss":0},{"damage_healed":0,"gold_gain":0,"player_choice":"Fought Mushrooms","damage_taken":0,"max_hp_gain":0,"max_hp_loss":0,"event_name":"Mushrooms","floor":7,"gold_loss":0},{"damage_healed":0,"gold_gain":0,"player_choice":"Read","damage_taken":0,"max_hp_gain":0,"max_hp_loss":0,"event_name":"The Library","floor":19,"gold_loss":0,"cards_obtained":["Melter"]},{"damage_healed":0,"gold_gain":0,"player_choice":"Inject Mutagens","damage_taken":0,"relics_obtained":["MutagenicStrength"],"max_hp_gain":0,"max_hp_loss":0,"event_name":"Drug Dealer","floor":20,"gold_loss":0}],"is_beta":false,"boss_relics":[{"not_picked":["Runic Dome","Calling Bell"],"picked":"Orrery"}],"items_purged_floors":[],"is_endless":false,"potions_floor_spawned":[1,2,10,16,18,27,30],"killed_by":"Gremlin Leader","ascension_level":0}