{"gold_per_floor":[209,384,34,34,45,74,91,91,115,115,115,131,131,165,165,266,266,278,304,403,403,403,403,437,464,476,488,500,512,161,161,161,259,259,278,288,388,1,12,12],"floor_reached":40,"playtime":1876,"items_purged":["Doubt","Strike_B"],"score":433,"play_id":"e4a2ff54-62f3-4c6d-82a0-d258b1f66e8d","local_time":"20190224203438","is_ascension_mode":false,"campfire_choices":[{"data":"Doom and Gloom","floor":11,"key":"SMITH"},{"data":"Self Repair","floor":13,"key":"SMITH"},{"floor":15,"key":"REST"},{"floor":23,"key":"REST"},{"floor":27,"key":"REST"},{"data":"Lockon","floor":29,"key":"SMITH"},{"data":"Scrape","floor":32,"key":"SMITH"}],"neow_cost":"NONE","seed_source_timestamp":43424588470539,"circlet_count":0,"master_deck":["Strike_B","Strike_B","Strike_B","Defend_B","Defend_B","Defend_B","Defend_B","Zap+1","Dualcast","Gash","Self Repair+1","Doom and Gloom+1","Leap","Scrape+1","Undo","Coolheaded","Stack","Electrodynamics","Biased Cognition","Redo+1","Tempest+1","Coolheaded","Steam+1","Lockon+1","Static Discharge","Auto Shields","Echo Form","Cold Snap","Consume","Cold Snap+1","Static Discharge+1","Doom and Gloom","Hologram+1"],"relics":["Cracked Core","Runic Capacitor","Happy Flower","Juzu Bracelet","Gambling Chip","Black Star","Red Mask","MawBank","Prayer Wheel","Singing Bowl","Question Card","Regal Pillow","Busted Crown","Dead Branch","Ancient Tea Set"],"potions_floor_usage":[14,14,24,24,31,39,39],"damage_taken":[{"damage":1,"enemies":"Jaw Worm","floor":1,"turns":3},{"damage":8,"enemies":"Small Slimes","floor":5,"turns":3},{"damage":30,"enemies":"3 Sentries","floor":6,"turns":8},{"damage":6,"enemies":"Cultist","floor":7,"turns":3},{"damage":5,"enemies":"Looter","floor":12,"turns":3},{"damage":16,"enemies":"Lagavulin","floor":14,"turns":6},{"damage":28,"enemies":"The Guardian","floor":16,"turns":12},{"damage":22,"enemies":"Shell Parasite","floor":18,"turns":6},{"damage":41,"enemies":"Masked Bandits","floor":19,"turns":4},{"damage":25,"enemies":"Book of Stabbing","floor":24,"turns":4},{"damage":5,"enemies":"Spheric Guardian","floor":25,"turns":3},{"damage":5,"enemies":"Colosseum Slavers","floor":31,"turns":2},{"damage":48,"enemies":"Champ","floor":33,"turns":13},{"damage":16,"enemies":"3 Shapes","floor":35,"turns":3},{"damage":6,"enemies":"3 Darklings","floor":36,"turns":2},{"damage":0,"enemies":"Mind Bloom Boss Battle","floor":37,"turns":5},{"damage":14,"enemies":"Maw","floor":39,"turns":6},{"damage":72,"enemies":"Nemesis","floor":40,"turns":6}],"seed_played":"-6058100281904314198","potions_obtained":[{"floor":6,"key":"Weak Potion"},{"floor":12,"key":"SteroidPotion"},{"floor":16,"key":"Regen Potion"},{"floor":19,"key":"Weak Potion"},{"floor":24,"key":"SkillPotion"},{"floor":37,"key":"SkillPotion"}],"is_trial":false,"path_per_floor":["M","?","$","?","M","E","M","?","T","?","R","M","R","E","R","B",null,"M","?","?","?","?","R","E","M","T","R","T","R","$","?","R","B",null,"M","M","?","$","M","E"],"character_chosen":"DEFECT","items_purchased":["Self Repair","Doom and Gloom","Runic Capacitor","Leap","Regal Pillow","Static Discharge","Auto Shields","Ancient Tea Set","Doom and Gloom","SkillPotion"],"campfire_rested":3,"item_purchase_floors":[3,3,3,3,30,30,30,38,38,38],"current_hp_per_floor":[74,74,74,74,73,50,51,51,51,51,51,46,46,40,62,44,75,63,32,32,32,32,54,51,56,56,75,75,75,75,70,70,32,75,61,55,75,75,63,0],"gold":12,"neow_bonus":"HUNDRED_GOLD","is_prod":false,"is_daily":false,"chose_seed":false,"campfire_upgraded":4,"win_rate":0,"timestamp":1551062078,"path_taken":["M","?","$","?","M","E","?","?","T","?","R","M","R","E","R","BOSS","M","?","?","?","?","R","E","M","T","R","?","R","?","?","R","BOSS","M","M","?","$","M","E"],"build_version":"2019-01-23","purchased_purges":2,"victory":false,"max_hp_per_floor":[75,75,75,75,75,75,75,75,75,75,75,75,75,75,75,75,75,75,75,75,75,75,75,75,75,75,75,75,75,75,75,75,75,75,77,77,77,77,79,79],"card_choices":[{"not_picked":["Steam","Chill"],"picked":"Gash","floor":1},{"not_picked":["Aggregate","Leap"],"picked":"Scrape","floor":5},{"not_picked":["Double Energy","Hologram"],"picked":"Undo","floor":6},{"not_picked":["Aggregate","Reinforced Body"],"picked":"Coolheaded","floor":7},{"not_picked":["Sweeping Beam","Hologram"],"picked":"Stack","floor":12},{"not_picked":["Rebound","Leap"],"picked":"Electrodynamics","floor":14},{"not_picked":["Fission","Rainbow"],"picked":"Biased Cognition","floor":16},{"not_picked":["Lockon+1","BootSequence"],"picked":"Redo+1","floor":18},{"not_picked":["Reprogram","Hologram"],"picked":"Tempest+1","floor":19},{"not_picked":["Reprogram","Streamline"],"picked":"Coolheaded","floor":24},{"not_picked":["Sweeping Beam+1","Hello World"],"picked":"Steam+1","floor":25},{"not_picked":["Sweeping Beam","Beam Cell"],"picked":"Lockon","floor":25},{"not_picked":["Multi-Cast","Machine Learning","Core Surge"],"picked":"Echo Form","floor":33},{"not_picked":["Genetic Algorithm"],"picked":"Cold Snap","floor":35},{"not_picked":["Tempest","Stack"],"picked":"Singing Bowl","floor":35},{"not_picked":["Capacitor+1"],"picked":"Consume","floor":36},{"not_picked":["Go for the Eyes"],"picked":"Cold Snap+1","floor":36},{"not_picked":["Leap"],"picked":"Static Discharge+1","floor":37},{"not_picked":["Rebound+1"],"picked":"Hologram+1","floor":39},{"not_picked":["Force Field","Coolheaded+1"],"picked":"Singing Bowl","floor":39}],"player_experience":366538,"relics_obtained":[{"floor":6,"key":"Happy Flower"},{"floor":9,"key":"Juzu Bracelet"},{"floor":14,"key":"Gambling Chip"},{"floor":19,"key":"Red Mask"},{"floor":24,"key":"MawBank"},{"floor":24,"key":"Prayer Wheel"},{"floor":26,"key":"Singing Bowl"},{"floor":28,"key":"Question Card"},{"floor":37,"key":"Dead Branch"}],"event_choices":[{"damage_healed":0,"gold_gain":175,"player_choice":"AGREE","damage_taken":0,"max_hp_gain":0,"max_hp_loss":0,"event_name":"Liars Game","floor":2,"gold_loss":0,"cards_obtained":["Doubt"]},{"damage_healed":0,"gold_gain":0,"player_choice":"Forge","damage_taken":0,"max_hp_gain":0,"max_hp_loss":0,"event_name":"Accursed Blacksmith","floor":4,"gold_loss":0,"cards_upgraded":["Zap"]},{"damage_healed":0,"gold_gain":0,"player_choice":"Searched \u00271\u0027 times","damage_taken":0,"max_hp_gain":0,"max_hp_loss":0,"event_name":"Dead Adventurer","floor":8,"gold_loss":0},{"damage_healed":0,"gold_gain":0,"player_choice":"Leave","damage_taken":0,"max_hp_gain":0,"max_hp_loss":0,"event_name":"FaceTrader","floor":10,"gold_loss":0},{"damage_healed":0,"gold_gain":0,"player_choice":"Fought Bandits","damage_taken":0,"max_hp_gain":0,"max_hp_loss":0,"event_name":"Masked Bandits","floor":19,"gold_loss":0},{"damage_healed":0,"gold_gain":99,"player_choice":"Stole From Cult","damage_taken":0,"max_hp_gain":0,"max_hp_loss":0,"event_name":"Nest","floor":20,"gold_loss":0},{"damage_healed":0,"gold_gain":0,"player_choice":"Ignored","damage_taken":0,"max_hp_gain":0,"max_hp_loss":0,"event_name":"Beggar","floor":21,"gold_loss":0},{"damage_healed":0,"gold_gain":0,"player_choice":"Ignored","damage_taken":0,"max_hp_gain":0,"max_hp_loss":0,"event_name":"Vampires","floor":22,"gold_loss":0},{"damage_healed":0,"gold_gain":0,"player_choice":"Fight","damage_taken":0,"max_hp_gain":0,"max_hp_loss":0,"event_name":"Colosseum","floor":31,"gold_loss":0},{"damage_healed":0,"gold_gain":0,"player_choice":"Fled From Nobs","damage_taken":0,"max_hp_gain":0,"max_hp_loss":0,"event_name":"Colosseum","floor":31,"gold_loss":0},{"damage_healed":0,"gold_gain":0,"player_choice":"Fight","damage_taken":0,"max_hp_gain":0,"max_hp_loss":0,"event_name":"MindBloom","floor":37,"gold_loss":0}],"is_beta":false,"boss_relics":[{"not_picked":["Astrolabe","Runic Dome"],"picked":"Black Star"},{"not_picked":["FrozenCore","Coffee Dripper"],"picked":"Busted Crown"}],"items_purged_floors":[30,38],"is_endless":false,"potions_floor_spawned":[6,12,16,19,24,37],"killed_by":"Nemesis","ascension_level":0}