{"gold_per_floor":[119,137,137,157,432,464,464,478,478,491,491],"floor_reached":11,"playtime":1292,"items_purged":[],"score":75,"play_id":"df3d02bc-c1da-41bb-8cb0-a8ca15fc2cb2","local_time":"20190305153809","is_ascension_mode":false,"campfire_choices":[{"floor":7,"key":"REST"}],"neow_cost":"NONE","seed_source_timestamp":1710718090493445,"circlet_count":0,"master_deck":["Strike_R","Strike_R","Strike_R","Strike_R","Strike_R","Defend_R","Defend_R","Defend_R","Defend_R+1","Bash","Shrug It Off","Corruption","Iron Wave","Body Slam","Burning Pact+1","Body Slam","Limit Break","Regret","Inflame","Regret","Double Tap","Armaments","Body Slam"],"relics":["Orrery","Gremlin Horn","War Paint"],"potions_floor_usage":[8,11],"damage_taken":[{"damage":0,"enemies":"Small Slimes","floor":1,"turns":4},{"damage":7,"enemies":"Jaw Worm","floor":2,"turns":4},{"damage":1,"enemies":"Cultist","floor":4,"turns":4},{"damage":41,"enemies":"Gremlin Nob","floor":6,"turns":5},{"damage":15,"enemies":"3 Louse","floor":8,"turns":5},{"damage":12,"enemies":"Blue Slaver","floor":10,"turns":5},{"damage":29,"enemies":"Gremlin Gang","floor":11,"turns":4}],"seed_played":"7354893906771213142","potions_obtained":[{"floor":2,"key":"Block Potion"},{"floor":8,"key":"SkillPotion"}],"is_trial":false,"path_per_floor":["M","M","?","M","?","E","R","M","T","M","M"],"character_chosen":"IRONCLAD","items_purchased":[],"campfire_rested":1,"item_purchase_floors":[],"current_hp_per_floor":[80,73,73,72,72,31,55,40,40,28,0],"gold":491,"neow_bonus":"BOSS_RELIC","is_prod":false,"is_daily":false,"chose_seed":false,"campfire_upgraded":0,"win_rate":0,"timestamp":1551767889,"path_taken":["M","M","?","M","?","E","R","?","T","M","M"],"build_version":"2019-01-23","purchased_purges":0,"victory":false,"max_hp_per_floor":[80,80,80,80,80,80,80,80,80,80,80],"card_choices":[{"not_picked":["Wild Strike","Dual Wield"],"picked":"Shrug It Off","floor":0},{"not_picked":["Pommel Strike","Shrug It Off"],"picked":"Corruption","floor":0},{"not_picked":["Ghostly Armor","Twin Strike"],"picked":"Iron Wave","floor":0},{"not_picked":["Perfected Strike","Anger"],"picked":"Body Slam","floor":0},{"not_picked":["Heavy Blade","Sword Boomerang"],"picked":"Burning Pact","floor":0},{"not_picked":["Warcry","Rampage"],"picked":"Body Slam","floor":1},{"not_picked":["Thunderclap","Armaments"],"picked":"Limit Break","floor":2},{"not_picked":["Headbutt","Shockwave"],"picked":"Inflame","floor":4},{"not_picked":["Body Slam","Burning Pact"],"picked":"Double Tap","floor":6},{"not_picked":["Clash","Pommel Strike"],"picked":"Armaments","floor":8},{"not_picked":["Havoc","Hemokinesis"],"picked":"Body Slam","floor":10}],"player_experience":78695,"relics_obtained":[{"floor":6,"key":"War Paint"}],"event_choices":[{"damage_healed":0,"gold_gain":0,"player_choice":"Box","damage_taken":0,"relics_obtained":["Gremlin Horn"],"max_hp_gain":0,"max_hp_loss":0,"event_name":"Big Fish","floor":3,"gold_loss":0,"cards_obtained":["Regret"]},{"damage_healed":0,"gold_gain":275,"player_choice":"Desecrate","damage_taken":0,"max_hp_gain":0,"max_hp_loss":0,"event_name":"Golden Shrine","floor":5,"gold_loss":0,"cards_obtained":["Regret"]}],"is_beta":false,"boss_relics":[],"items_purged_floors":[],"is_endless":false,"potions_floor_spawned":[2,8],"killed_by":"Gremlin Gang","ascension_level":0}