{"path_per_floor":["M","M","?","M","M","R","M","R","T","E","M","?","R","E","R","B",null,"M","?","?","?","M","E","?","E","T","M","M","$","M","M","R","B",null,"M","?","?","T","?","E","$","E","T","R","T","R","M","E","R","B"],"character_chosen":"THE_SILENT","items_purchased":["Shuriken"],"gold_per_floor":[115,126,126,144,158,158,168,168,216,250,261,261,261,295,295,395,395,409,409,409,409,419,447,447,481,481,494,513,188,204,220,220,319,319,339,393,0,24,24,52,52,82,82,82,82,82,93,119,119,119],"floor_reached":51,"campfire_rested":0,"playtime":6572,"current_hp_per_floor":[70,70,70,70,70,70,70,70,70,53,53,58,58,50,50,26,75,74,58,44,44,27,19,19,19,26,17,17,17,16,15,25,5,87,87,61,61,61,61,53,53,32,32,44,44,56,74,84,96,64],"items_purged":["Strike_G"],"gold":119,"score":708,"play_id":"c9794b4f-b3e1-40d6-82c9-1fc8d2d84a0c","local_time":"20180305225622","is_prod":false,"is_daily":false,"is_ascension_mode":false,"campfire_upgraded":8,"timestamp":1520286982,"path_taken":["M","M","?","?","?","R","M","R","T","E","M","?","R","E","R","BOSS","M","?","?","?","M","E","?","E","T","M","M","$","?","M","R","BOSS","M","?","?","?","?","E","?","E","T","R","?","R","M","E","R","BOSS"],"build_version":"2018-03-01-PROD1","purchased_purges":1,"victory":true,"master_deck":["Defend_G+1","Defend_G+1","Defend_G+1","Defend_G+1","Defend_G+1","Strike_G+1","Strike_G+1","Strike_G+1","Survivor+1","Neutralize+1","PiercingWail","Backstab+1","Distraction+1","Prepared+1","Doppelganger+1","Acrobatics+1","Tools of the Trade+1","Eviscerate+1","Poisoned Stab+1","Crippling Poison+1","Infinite Blades+1","After Image+1","Noxious Fumes+1","Noxious Fumes+1","Parasite","Pain","Injury","Prepared+1","Catalyst+1","Eviscerate","Night Terror","Backstab+1","Prepared+1"],"max_hp_per_floor":[70,70,70,70,70,70,70,70,70,70,70,75,75,75,75,75,75,75,75,80,80,80,80,80,80,87,87,87,87,87,87,87,87,87,87,101,101,101,101,101,101,101,101,101,101,101,101,101,101,101],"relics":["Ring of the Snake","Whetstone","Bronze Scales","Tough Bandages","Eternal Feather","Enchiridion","Matryoshka","War Paint","Strawberry","Mercury Hourglass","Shuriken","Calling Bell","Centennial Puzzle","Torii","Paper Crane","Mango","Red Mask","Meat on the Bone","Lantern","Bag of Marbles","Anchor","Du-Vu Doll","Bird Faced Urn","Orichalcum"],"card_choices":[{"not_picked":["Slice","Deflect"],"picked":"PiercingWail"},{"not_picked":["Acrobatics","Crippling Poison"],"picked":"Backstab"},{"not_picked":["Backflip","Deadly Poison"],"picked":"Distraction"},{"not_picked":["Eviscerate","Bane"],"picked":"Prepared"},{"not_picked":["Sucker Punch","Cloak And Dagger"],"picked":"Doppelganger"},{"not_picked":["Flechettes","Dagger Throw"],"picked":"Acrobatics"},{"not_picked":["Doppelganger","Phantasmal Killer"],"picked":"Tools of the Trade"},{"not_picked":["Deadly Poison","Backstab"],"picked":"Eviscerate"},{"not_picked":["Slice","Dagger Spray"],"picked":"Poisoned Stab"},{"not_picked":["Sucker Punch","Quick Slash"],"picked":"Crippling Poison"},{"not_picked":["Catalyst","Cloak And Dagger"],"picked":"Infinite Blades"},{"not_picked":["Flechettes","Infinite Blades"],"picked":"After Image"},{"not_picked":["Slice","Deflect"],"picked":"Noxious Fumes"},{"not_picked":["Outmaneuver","Cloak And Dagger"],"picked":"Noxious Fumes"},{"not_picked":["Crippling Poison","Dagger Spray"],"picked":"Prepared"},{"not_picked":["Blur","Bane"],"picked":"Catalyst"},{"not_picked":["All Out Attack","Sucker Punch"],"picked":"Eviscerate"},{"not_picked":["Outmaneuver","Heel Hook"],"picked":"Night Terror"},{"not_picked":["Slice","Underhanded Strike"],"picked":"Backstab"},{"not_picked":["Flechettes","Predator"],"picked":"Prepared"}],"player_experience":175523,"potions_floor_usage":[7,7,16,23,33,33,33,35,50],"damage_taken":[{"damage":0,"enemies":"2 Louse","floor":1,"turns":3},{"damage":0,"enemies":"Cultist","floor":2,"turns":7},{"damage":0,"enemies":"Small Slimes","floor":4,"turns":5},{"damage":0,"enemies":"Blue Slaver","floor":5,"turns":2},{"damage":0,"enemies":"Exordium Thugs","floor":7,"turns":5},{"damage":17,"enemies":"3 Sentries","floor":10,"turns":12},{"damage":0,"enemies":"3 Louse","floor":11,"turns":2},{"damage":8,"enemies":"Lagavulin","floor":14,"turns":5},{"damage":24,"enemies":"Slime Boss","floor":16,"turns":19},{"damage":1,"enemies":"Chosen","floor":18,"turns":7},{"damage":17,"enemies":"2 Thieves","floor":22,"turns":4},{"damage":8,"enemies":"Gremlin Leader","floor":23,"turns":7},{"damage":0,"enemies":"Book of Stabbing","floor":25,"turns":7},{"damage":9,"enemies":"Snake Plant","floor":27,"turns":3},{"damage":0,"enemies":"3 Cultists","floor":28,"turns":6},{"damage":1,"enemies":"Cultist and Chosen","floor":30,"turns":6},{"damage":1,"enemies":"Centurion and Healer","floor":31,"turns":5},{"damage":35,"enemies":"Collector","floor":33,"turns":8},{"damage":0,"enemies":"Orb Walker","floor":35,"turns":5},{"damage":40,"enemies":"Mysterious Sphere","floor":36,"turns":5},{"damage":8,"enemies":"Giant Head","floor":40,"turns":10},{"damage":33,"enemies":"2 Orb Walkers","floor":42,"turns":5},{"damage":0,"enemies":"3 Shapes","floor":47,"turns":5},{"damage":2,"enemies":"Giant Head","floor":48,"turns":5},{"damage":39,"enemies":"Donu and Deca","floor":50,"turns":8}],"event_choices":[{"event_name":"Upgrade Shrine","player_choice":"Upgraded","floor":3,"damage_taken":0},{"event_name":"Big Fish","player_choice":"Donut","floor":12,"damage_taken":0},{"event_name":"Cursed Tome","player_choice":"Obtained Book","floor":19,"damage_taken":0},{"event_name":"Forgotten Altar","player_choice":"Shed Blood","floor":20,"damage_taken":0},{"event_name":"Addict","player_choice":"Ignored","floor":21,"damage_taken":0},{"event_name":"Back to Basics","player_choice":"Simplicity","floor":24,"damage_taken":0},{"event_name":"Mysterious Sphere","player_choice":"Fight","floor":36,"damage_taken":0},{"event_name":"Tomb of Lord Red Mask","player_choice":"Paid","floor":37,"damage_taken":0}],"boss_relics":[{"not_picked":["Velvet Choker","Snecko Eye"],"picked":"Eternal Feather"},{"not_picked":["Runic Pyramid","Tiny House"],"picked":"Calling Bell"}],"potions_floor_spawned":[2,5,10,16,18,25,30,33,42,48],"seed_played":"-5344844545770762753","ascension_level":0,"is_trial":false}