{"gold_per_floor":[11,26,26,26,0,0,29,29,29,43,43,69,19,37,37,135,135,152,172,59,159,159,159,159,178,178,192,192,211,211,223,223,320,320,330,345,284,294,294,294,294,294,319,319,319,319,57,57,57,57],"floor_reached":50,"playtime":1740,"items_purged":[],"score":468,"play_id":"d24fdc6f-24b5-4a0c-9f7e-9869c4cf693c","local_time":"20190214213957","is_ascension_mode":true,"campfire_choices":[{"data":"Blade Dance","floor":6,"key":"SMITH"},{"floor":11,"key":"REST"},{"floor":15,"key":"REST"},{"data":"Infinite Blades","floor":23,"key":"SMITH"},{"floor":30,"key":"REST"},{"data":"Glass Knife","floor":32,"key":"SMITH"},{"floor":40,"key":"REST"},{"data":"Footwork","floor":42,"key":"SMITH"},{"floor":49,"key":"REST"}],"neow_cost":"NO_GOLD","seed_source_timestamp":36961008598479,"circlet_count":0,"master_deck":["Defend_G+1","Defend_G+1","Defend_G+1","Defend_G+1","Defend_G+1","Strike_G+1","Strike_G+1","Strike_G+1","Strike_G+1","Survivor+1","Neutralize+1","Blade Dance+1","Dash+1","Dagger Spray+1","Backstab+1","Quick Slash+1","Cloak And Dagger+1","Masterful Stab+1","Glass Knife+1","Infinite Blades+1","Terror+1","Finisher+1","Dagger Spray+1","Footwork+1","Blur"],"relics":["Ring of the Snake","Nunchaku","Shuriken","Oddly Smooth Stone","Peace Pipe","Tingsha","Busted Crown","Unceasing Top","The Courier","Smiling Mask","Philosopher\u0027s Stone","PreservedInsect","Mark of the Bloom","Strawberry"],"potions_floor_usage":[16,21,27,27,29,31,50,50],"damage_taken":[{"damage":1,"enemies":"Cultist","floor":1,"turns":4},{"damage":0,"enemies":"2 Louse","floor":2,"turns":2},{"damage":17,"enemies":"3 Sentries","floor":7,"turns":8},{"damage":0,"enemies":"Small Slimes","floor":10,"turns":3},{"damage":7,"enemies":"Lagavulin","floor":12,"turns":5},{"damage":0,"enemies":"Blue Slaver","floor":14,"turns":1},{"damage":31,"enemies":"The Guardian","floor":16,"turns":12},{"damage":7,"enemies":"Shell Parasite","floor":18,"turns":3},{"damage":0,"enemies":"Spheric Guardian","floor":19,"turns":3},{"damage":3,"enemies":"Colosseum Slavers","floor":21,"turns":3},{"damage":0,"enemies":"Colosseum Nobs","floor":21,"turns":3},{"damage":0,"enemies":"Cultist and Chosen","floor":25,"turns":4},{"damage":2,"enemies":"Snake Plant","floor":27,"turns":3},{"damage":5,"enemies":"Centurion and Healer","floor":29,"turns":3},{"damage":1,"enemies":"Shelled Parasite and Fungi","floor":31,"turns":2},{"damage":65,"enemies":"Collector","floor":33,"turns":6},{"damage":0,"enemies":"Orb Walker","floor":35,"turns":2},{"damage":13,"enemies":"3 Shapes","floor":36,"turns":3},{"damage":15,"enemies":"Maw","floor":38,"turns":5},{"damage":66,"enemies":"Time Eater","floor":50,"turns":9}],"seed_played":"-5037279471528687488","potions_obtained":[{"floor":10,"key":"Swift Potion"},{"floor":16,"key":"Explosive Potion"},{"floor":18,"key":"EssenceOfSteel"},{"floor":25,"key":"SkillPotion"},{"floor":27,"key":"Explosive Potion"},{"floor":29,"key":"AttackPotion"}],"is_trial":false,"path_per_floor":["M","M","?","?","?","R","E","$","T","M","R","E","$","M","R","B",null,"M","M","$","?","?","R","?","M","T","M","$","M","R","M","R","B",null,"M","M","$","M","$","R","?","R","T","?","?","?","$","?","R","B"],"character_chosen":"THE_SILENT","items_purchased":["Cloak And Dagger","Infinite Blades","Terror","Footwork","Blur","Strawberry","SpeedPotion","Fire Potion"],"campfire_rested":5,"item_purchase_floors":[13,20,20,37,47,47,47,47],"current_hp_per_floor":[69,69,57,57,57,57,40,40,40,40,61,54,54,54,70,39,70,63,63,63,60,60,60,60,60,60,58,58,53,70,69,69,4,70,70,57,57,42,42,63,63,63,63,63,63,63,63,63,63,0],"gold":57,"neow_bonus":"ONE_RARE_RELIC","is_prod":false,"is_daily":false,"chose_seed":false,"campfire_upgraded":4,"win_rate":0,"timestamp":1550201997,"path_taken":["M","?","?","?","?","R","E","?","T","M","R","E","$","M","R","BOSS","M","M","$","?","?","R","?","M","T","M","$","M","R","M","R","BOSS","M","M","$","M","$","R","?","R","T","?","?","?","$","?","R","BOSS"],"build_version":"2019-01-23","purchased_purges":0,"victory":false,"max_hp_per_floor":[70,70,70,70,70,70,70,70,70,70,70,70,70,70,70,70,70,70,70,70,70,70,70,70,70,70,70,70,70,70,70,70,70,70,70,70,70,70,70,70,66,66,66,66,66,66,73,73,73,73],"card_choices":[{"not_picked":["Deflect","Outmaneuver"],"picked":"Blade Dance","floor":1},{"not_picked":["Acrobatics","Dodge and Roll"],"picked":"Dash","floor":2},{"not_picked":["Backflip","Bouncing Flask"],"picked":"Dagger Spray","floor":7},{"not_picked":["Dagger Spray","Dagger Throw"],"picked":"Backstab","floor":10},{"not_picked":["Bouncing Flask","Poisoned Stab"],"picked":"Quick Slash","floor":12},{"not_picked":["Malaise","Expertise"],"picked":"Masterful Stab","floor":14},{"not_picked":["Die Die Die","Grand Finale"],"picked":"Glass Knife","floor":16},{"not_picked":["Underhanded Strike"],"picked":"SKIP","floor":18},{"not_picked":["Reflex"],"picked":"SKIP","floor":19},{"not_picked":[],"picked":"Finisher","floor":21},{"not_picked":["Dodge and Roll"],"picked":"SKIP","floor":25},{"not_picked":["Quick Slash"],"picked":"SKIP","floor":27},{"not_picked":["Quick Slash"],"picked":"SKIP","floor":29},{"not_picked":["Sucker Punch"],"picked":"SKIP","floor":31},{"not_picked":[],"picked":"Dagger Spray+1","floor":35},{"not_picked":["Poisoned Stab+1"],"picked":"SKIP","floor":36},{"not_picked":["Caltrops"],"picked":"SKIP","floor":38}],"player_experience":122578,"relics_obtained":[{"floor":7,"key":"Oddly Smooth Stone"},{"floor":9,"key":"Peace Pipe"},{"floor":12,"key":"Tingsha"},{"floor":21,"key":"Unceasing Top"},{"floor":21,"key":"The Courier"},{"floor":26,"key":"Smiling Mask"},{"floor":43,"key":"PreservedInsect"}],"event_choices":[{"damage_healed":0,"gold_gain":0,"player_choice":"Success","damage_taken":12,"relics_obtained":["Shuriken"],"max_hp_gain":0,"max_hp_loss":0,"event_name":"Scrap Ooze","floor":3,"gold_loss":0},{"damage_healed":0,"gold_gain":0,"player_choice":"Leave","damage_taken":0,"max_hp_gain":0,"max_hp_loss":0,"event_name":"The Cleric","floor":4,"gold_loss":0},{"damage_healed":0,"gold_gain":0,"player_choice":"Left Gold","damage_taken":0,"max_hp_gain":0,"max_hp_loss":0,"event_name":"World of Goop","floor":5,"gold_loss":26},{"damage_healed":0,"gold_gain":0,"player_choice":"Fight","damage_taken":0,"max_hp_gain":0,"max_hp_loss":0,"event_name":"Colosseum","floor":21,"gold_loss":0},{"damage_healed":0,"gold_gain":0,"player_choice":"Fought Nobs","damage_taken":0,"max_hp_gain":0,"max_hp_loss":0,"event_name":"Colosseum","floor":21,"gold_loss":0},{"damage_healed":0,"gold_gain":0,"player_choice":"Ignored","damage_taken":0,"max_hp_gain":0,"max_hp_loss":0,"event_name":"Vampires","floor":22,"gold_loss":0},{"damage_healed":0,"gold_gain":0,"player_choice":"Ignored","damage_taken":0,"max_hp_gain":0,"max_hp_loss":0,"event_name":"The Mausoleum","floor":24,"gold_loss":0},{"damage_healed":0,"gold_gain":0,"player_choice":"Max HP","damage_taken":0,"max_hp_gain":0,"max_hp_loss":4,"event_name":"Winding Halls","floor":41,"gold_loss":0},{"damage_healed":0,"gold_gain":0,"player_choice":"Ignored","damage_taken":0,"max_hp_gain":0,"max_hp_loss":0,"event_name":"Tomb of Lord Red Mask","floor":44,"gold_loss":0},{"cards_removed":["Strike_G"],"damage_healed":0,"gold_gain":0,"player_choice":"Removed Attack","damage_taken":0,"max_hp_gain":0,"max_hp_loss":0,"event_name":"Falling","floor":45,"gold_loss":0},{"damage_healed":0,"gold_gain":0,"player_choice":"Upgrade","damage_taken":0,"relics_obtained":["Mark of the Bloom"],"max_hp_gain":0,"max_hp_loss":0,"event_name":"MindBloom","floor":46,"gold_loss":0,"cards_upgraded":["Defend_G","Defend_G","Defend_G","Defend_G","Defend_G","Strike_G","Strike_G","Strike_G","Strike_G","Survivor","Neutralize","Dash","Dagger Spray","Backstab","Quick Slash","Cloak And Dagger","Masterful Stab","Terror","Finisher"]},{"damage_healed":0,"gold_gain":0,"player_choice":"Ignored","damage_taken":0,"max_hp_gain":0,"max_hp_loss":0,"event_name":"Mysterious Sphere","floor":48,"gold_loss":0}],"is_beta":false,"boss_relics":[{"not_picked":["Lizard Tail","Snecko Eye"],"picked":"Busted Crown"},{"not_picked":["Astrolabe","Tiny House"],"picked":"Philosopher\u0027s Stone"}],"items_purged_floors":[],"is_endless":false,"potions_floor_spawned":[10,16,18,25,27,29],"killed_by":"Time Eater","ascension_level":1}