{"gold_per_floor":[216,229,247,260,275,305,305,322,322,355,375,375,387,88,88,186,186,205,155,168,184,184,184,81,115,115,115,131,149,178,190,190,288,288,300,48,60,60,74,74],"floor_reached":40,"playtime":2337,"items_purged":["Strike_R","Strike_R","Strike_R"],"score":469,"play_id":"b02c8ed9-88d1-4ab6-8770-02326bb5d8ee","local_time":"20181009194056","is_ascension_mode":false,"campfire_choices":[{"data":"Anger","floor":7,"key":"SMITH"},{"data":"Limit Break","floor":12,"key":"SMITH"},{"data":"Double Tap","floor":15,"key":"SMITH"},{"data":"Armaments","floor":23,"key":"SMITH"},{"floor":27,"key":"REST"},{"data":"Flex","floor":32,"key":"SMITH"}],"neow_cost":"NONE","seed_source_timestamp":125256197985900,"circlet_count":0,"master_deck":["Strike_R","Defend_R","Defend_R","Defend_R","Defend_R","Bash","Armaments+1","Shrug It Off","Anger+1","Clash","Headbutt","Clash","Limit Break+1","Double Tap+1","Inflame","Rampage","Reaper","Thunderclap","Heavy Blade+1","Impervious","Bash","Flex+1","Whirlwind","Spot Weakness+1"],"relics":["Burning Blood","Smiling Mask","Ornamental Fan","Nunchaku","Sozu","Gremlin Horn","Gambling Chip","Bag of Preparation","Cursed Key","Shuriken"],"potions_floor_usage":[6,16,25],"damage_taken":[{"damage":1,"enemies":"Cultist","floor":1,"turns":4},{"damage":6,"enemies":"Jaw Worm","floor":2,"turns":4},{"damage":0,"enemies":"Small Slimes","floor":3,"turns":4},{"damage":5,"enemies":"Gremlin Gang","floor":4,"turns":5},{"damage":3,"enemies":"Red Slaver","floor":5,"turns":3},{"damage":21,"enemies":"Lagavulin","floor":6,"turns":5},{"damage":13,"enemies":"Lots of Slimes","floor":8,"turns":4},{"damage":13,"enemies":"3 Sentries","floor":10,"turns":10},{"damage":5,"enemies":"3 Louse","floor":11,"turns":4},{"damage":0,"enemies":"2 Fungi Beasts","floor":13,"turns":4},{"damage":48,"enemies":"The Guardian","floor":16,"turns":7},{"damage":19,"enemies":"Shell Parasite","floor":18,"turns":3},{"damage":1,"enemies":"Chosen","floor":20,"turns":4},{"damage":20,"enemies":"Snake Plant","floor":21,"turns":4},{"damage":26,"enemies":"Slavers","floor":25,"turns":8},{"damage":12,"enemies":"Chosen and Byrds","floor":28,"turns":6},{"damage":8,"enemies":"Snecko","floor":29,"turns":5},{"damage":0,"enemies":"Gremlin Leader","floor":30,"turns":3},{"damage":9,"enemies":"Centurion and Healer","floor":31,"turns":4},{"damage":63,"enemies":"Automaton","floor":33,"turns":7},{"damage":0,"enemies":"3 Darklings","floor":35,"turns":1},{"damage":0,"enemies":"Orb Walker","floor":37,"turns":1},{"damage":21,"enemies":"Spire Growth","floor":39,"turns":3},{"damage":105,"enemies":"Nemesis","floor":40,"turns":7}],"seed_played":"-4528171589960372881","potions_obtained":[{"floor":2,"key":"Ancient Potion"},{"floor":5,"key":"SteroidPotion"},{"floor":10,"key":"Weak Potion"},{"floor":13,"key":"Weak Potion"}],"is_trial":false,"path_per_floor":["M","M","M","M","M","E","R","M","T","E","M","R","M","$","R","B",null,"M","$","M","M","?","R","$","E","T","R","M","M","E","M","R","B",null,"M","$","M","?","M"],"character_chosen":"IRONCLAD","items_purchased":["Double Tap","Inflame","Rampage","Flex","Shuriken"],"campfire_rested":1,"item_purchase_floors":[14,14,14,24,36],"current_hp_per_floor":[80,80,80,80,80,65,65,58,58,51,52,52,58,58,58,16,80,67,67,76,62,62,62,62,54,54,78,80,80,80,77,77,41,80,80,80,80,80,65,0],"gold":74,"neow_bonus":"HUNDRED_GOLD","is_prod":false,"is_daily":false,"chose_seed":false,"campfire_upgraded":5,"win_rate":0,"timestamp":1539106856,"path_taken":["M","M","M","M","M","E","R","M","T","E","M","R","M","$","R","BOSS","M","$","M","M","?","R","$","E","T","R","M","M","E","M","R","BOSS","M","$","M","?","?","E"],"build_version":"2018-10-04v2","purchased_purges":3,"victory":false,"max_hp_per_floor":[80,80,80,80,80,80,80,80,80,80,80,80,80,80,80,80,80,80,80,80,80,80,80,80,80,80,80,80,80,80,80,80,80,80,80,80,80,80,80,80],"card_choices":[{"not_picked":["Thunderclap","Bloodletting"],"picked":"Armaments","floor":1},{"not_picked":["Clothesline","Rage"],"picked":"Shrug It Off","floor":2},{"not_picked":["Wild Strike","Burning Pact"],"picked":"Anger","floor":3},{"not_picked":["Perfected Strike","Shrug It Off"],"picked":"Clash","floor":4},{"not_picked":["Battle Trance","Anger"],"picked":"Headbutt","floor":5},{"not_picked":["Shrug It Off","Sword Boomerang","True Grit"],"picked":"SKIP","floor":6},{"not_picked":["Iron Wave","Heavy Blade","Fire Breathing"],"picked":"SKIP","floor":8},{"not_picked":["Havoc","Perfected Strike"],"picked":"Clash","floor":10},{"not_picked":["Twin Strike","Burning Pact"],"picked":"Limit Break","floor":11},{"not_picked":["Perfected Strike","Disarm","Shrug It Off"],"picked":"SKIP","floor":13},{"not_picked":["Exhume","Limit Break"],"picked":"Reaper","floor":16},{"not_picked":["Perfected Strike","Dropkick"],"picked":"Thunderclap","floor":18},{"not_picked":["Fire Breathing","Clash"],"picked":"Heavy Blade+1","floor":20},{"not_picked":["Entrench","Rage","Anger"],"picked":"SKIP","floor":21},{"not_picked":["Clash","True Grit"],"picked":"Whirlwind","floor":25},{"not_picked":["Anger+1","Heavy Blade","Thunderclap"],"picked":"SKIP","floor":28},{"not_picked":["Combust","Iron Wave","Anger"],"picked":"SKIP","floor":29},{"not_picked":["Headbutt+1","Disarm","Wild Strike+1"],"picked":"SKIP","floor":30},{"not_picked":["Reaper","Clothesline+1","Iron Wave"],"picked":"SKIP","floor":31},{"not_picked":["Sword Boomerang+1","Rampage+1"],"picked":"Spot Weakness+1","floor":35},{"not_picked":["Clash+1","Headbutt+1","Fire Breathing"],"picked":"SKIP","floor":37},{"not_picked":["Battle Trance+1","Headbutt+1","Entrench"],"picked":"SKIP","floor":39}],"player_experience":99958,"relics_obtained":[{"floor":6,"key":"Smiling Mask"},{"floor":9,"key":"Ornamental Fan"},{"floor":10,"key":"Nunchaku"},{"floor":25,"key":"Gremlin Horn"},{"floor":26,"key":"Gambling Chip"},{"floor":30,"key":"Bag of Preparation"}],"event_choices":[{"event_name":"Match and Keep!","player_choice":"2 cards matched","floor":22,"damage_taken":0},{"event_name":"Bonfire Elementals","player_choice":"BASIC","floor":38,"damage_taken":0}],"is_beta":false,"boss_relics":[{"not_picked":["Runic Pyramid","White Beast Statue"],"picked":"Sozu"},{"not_picked":["Snecko Eye","Astrolabe"],"picked":"Cursed Key"}],"items_purged_floors":[14,19,24],"is_endless":false,"potions_floor_spawned":[2,5,10,13,29,30,31],"killed_by":"Nemesis","ascension_level":0}