{"gold_per_floor":[362,373,389,127,77,106,106,123,174,174,146,164,180,26,26,131,131,146,146,162,162],"floor_reached":21,"playtime":1470,"items_purged":[],"score":183,"play_id":"be88b270-06fd-45c6-b420-4839f82db13b","local_time":"20190215143336","is_ascension_mode":false,"campfire_choices":[{"floor":7,"key":"REST"},{"floor":10,"key":"REST"},{"data":"Machine Learning","floor":15,"key":"SMITH"}],"neow_cost":"TEN_PERCENT_HP_LOSS","seed_source_timestamp":8012228716670,"circlet_count":0,"master_deck":["Strike_B","Strike_B","Strike_B","Strike_B","Defend_B","Defend_B","Defend_B","Zap","Dualcast","Leap","Stack","Undo","Coolheaded","Rebound","Reinforced Body","Machine Learning+1","Multi-Cast","Stack","Steam"],"relics":["Cracked Core","Shuriken","Ornamental Fan","Ancient Tea Set","Happy Flower","Runic Pyramid"],"potions_floor_usage":[6,16,19,20],"damage_taken":[{"damage":6,"enemies":"Jaw Worm","floor":1,"turns":3},{"damage":0,"enemies":"2 Louse","floor":2,"turns":3},{"damage":0,"enemies":"Cultist","floor":3,"turns":4},{"damage":33,"enemies":"Gremlin Nob","floor":6,"turns":5},{"damage":0,"enemies":"Blue Slaver","floor":8,"turns":4},{"damage":0,"enemies":"Lots of Slimes","floor":12,"turns":5},{"damage":5,"enemies":"Looter","floor":13,"turns":4},{"damage":60,"enemies":"Hexaghost","floor":16,"turns":15},{"damage":5,"enemies":"Chosen","floor":18,"turns":8},{"damage":0,"enemies":"3 Byrds","floor":19,"turns":1},{"damage":62,"enemies":"Sentry and Sphere","floor":20,"turns":12},{"damage":15,"enemies":"Snecko","floor":21,"turns":5}],"seed_played":"8058671444017459191","potions_obtained":[{"floor":1,"key":"SmokeBomb"},{"floor":3,"key":"Ancient Potion"},{"floor":8,"key":"Fire Potion"},{"floor":18,"key":"SkillPotion"}],"is_trial":false,"path_per_floor":["M","M","M","$","?","E","R","M","T","R","?","M","M","$","R","B",null,"M","M","M","M"],"character_chosen":"DEFECT","items_purchased":["Shuriken","Happy Flower"],"campfire_rested":2,"item_purchase_floors":[4,14],"current_hp_per_floor":[62,62,62,62,62,29,49,49,49,68,68,68,63,63,63,3,68,63,63,1,0],"gold":162,"neow_bonus":"TWO_FIFTY_GOLD","is_prod":false,"is_daily":false,"chose_seed":false,"campfire_upgraded":1,"win_rate":0,"timestamp":1550262816,"path_taken":["M","M","M","$","?","E","R","M","T","R","?","M","M","?","R","BOSS","M","M","M","M"],"build_version":"2019-01-23","purchased_purges":0,"victory":false,"max_hp_per_floor":[68,68,68,68,68,68,68,68,68,68,68,68,68,68,68,68,68,68,68,68,68],"card_choices":[{"not_picked":["Skim","Rip and Tear"],"picked":"Leap","floor":1},{"not_picked":["Sweeping Beam","Genetic Algorithm"],"picked":"Stack","floor":2},{"not_picked":["Go for the Eyes","Coolheaded"],"picked":"Undo","floor":3},{"not_picked":["Stack","Leap"],"picked":"Coolheaded","floor":6},{"not_picked":["Go for the Eyes","Undo"],"picked":"Rebound","floor":8},{"not_picked":["Hello World","Storm"],"picked":"Reinforced Body","floor":12},{"not_picked":["Leap","Conserve Battery"],"picked":"Machine Learning","floor":13},{"not_picked":["Creative AI","Fission"],"picked":"Multi-Cast","floor":16},{"not_picked":["Heatsinks","Compile Driver+1"],"picked":"Stack","floor":18},{"not_picked":["Barrage","Hologram"],"picked":"Steam","floor":20}],"player_experience":134985,"relics_obtained":[{"floor":6,"key":"Ornamental Fan"},{"floor":9,"key":"Ancient Tea Set"}],"event_choices":[{"cards_removed":["Defend_B"],"damage_healed":0,"gold_gain":0,"player_choice":"Card Removal","damage_taken":0,"max_hp_gain":0,"max_hp_loss":0,"event_name":"The Cleric","floor":5,"gold_loss":50},{"damage_healed":0,"gold_gain":0,"player_choice":"Left Gold","damage_taken":0,"max_hp_gain":0,"max_hp_loss":0,"event_name":"World of Goop","floor":11,"gold_loss":28}],"is_beta":false,"boss_relics":[{"not_picked":["Coffee Dripper","Snecko Eye"],"picked":"Runic Pyramid"}],"items_purged_floors":[],"is_endless":false,"potions_floor_spawned":[1,3,8,18],"killed_by":"Snecko","ascension_level":0}