{"gold_per_floor":[112,37,48,48,66,98,98,116,116,116,131,80,80,106,106,206,206,224,224,24,34,34,134,134,146,146,146,175,188,40,53,53,158,158,177,195,214,30,44,44,44,44,123,156,156,156,156,31,31,31],"floor_reached":51,"playtime":2772,"items_purged":["Pain","Shame","Decay"],"score":826,"play_id":"648a01a4-ace6-4db7-a73a-fa0f2a330193","local_time":"20190225135236","is_ascension_mode":true,"campfire_choices":[{"floor":7,"key":"REST"},{"floor":10,"key":"REST"},{"data":"Neutralize","floor":15,"key":"SMITH"},{"floor":24,"key":"REST"},{"floor":27,"key":"REST"},{"floor":32,"key":"REST"},{"floor":40,"key":"REST"},{"data":"Catalyst","floor":42,"key":"SMITH"},{"floor":47,"key":"REST"},{"floor":49,"key":"REST"}],"neow_cost":"CURSE","seed_source_timestamp":11401181977583,"circlet_count":0,"master_deck":["Defend_G","Defend_G","Defend_G","Defend_G","Defend_G","Strike_G","Strike_G","Survivor","Neutralize+1","Dodge and Roll","Cloak And Dagger","Dagger Throw","After Image","PiercingWail","Parasite","Well Laid Plans","Corpse Explosion+1","PiercingWail+1","Escape Plan+1","Burst+1","Deflect+1","Catalyst+1","Poisoned Stab+1","Footwork","Deadly Poison","Die Die Die+1","Parasite","Parasite","Deadly Poison","Noxious Fumes","Footwork","Writhe","Burst","Madness"],"relics":["Ring of the Snake","Du-Vu Doll","FaceOfCleric","Ancient Tea Set","Singing Bowl","Shuriken","Astrolabe","Happy Flower","Nunchaku","Molten Egg 2","Dodecahedron","Juzu Bracelet","Calling Bell","Centennial Puzzle","Pear","Mango","Ornamental Fan","Oddly Smooth Stone"],"potions_floor_usage":[14,14,18,21,23,33,33,33,37,39],"damage_taken":[{"damage":7,"enemies":"Cultist","floor":1,"turns":4},{"damage":2,"enemies":"2 Louse","floor":3,"turns":5},{"damage":1,"enemies":"Jaw Worm","floor":5,"turns":6},{"damage":51,"enemies":"3 Sentries","floor":6,"turns":17},{"damage":0,"enemies":"Blue Slaver","floor":8,"turns":4},{"damage":0,"enemies":"Large Slime","floor":11,"turns":6},{"damage":19,"enemies":"Gremlin Nob","floor":14,"turns":4},{"damage":37,"enemies":"The Guardian","floor":16,"turns":20},{"damage":1,"enemies":"3 Byrds","floor":18,"turns":4},{"damage":0,"enemies":"Chosen","floor":21,"turns":8},{"damage":5,"enemies":"Colosseum Slavers","floor":23,"turns":2},{"damage":51,"enemies":"Colosseum Nobs","floor":23,"turns":5},{"damage":8,"enemies":"Snake Plant","floor":25,"turns":6},{"damage":3,"enemies":"Slavers","floor":28,"turns":3},{"damage":10,"enemies":"3 Cultists","floor":29,"turns":4},{"damage":0,"enemies":"Snecko","floor":31,"turns":3},{"damage":36,"enemies":"Champ","floor":33,"turns":17},{"damage":6,"enemies":"3 Darklings","floor":35,"turns":5},{"damage":10,"enemies":"3 Shapes","floor":36,"turns":3},{"damage":8,"enemies":"Writhing Mass","floor":37,"turns":6},{"damage":56,"enemies":"Transient","floor":39,"turns":5},{"damage":57,"enemies":"Nemesis","floor":44,"turns":9},{"damage":102,"enemies":"Time Eater","floor":50,"turns":16}],"seed_played":"-2307807259083146254","potions_obtained":[{"floor":6,"key":"Strength Potion"},{"floor":11,"key":"Weak Potion"},{"floor":14,"key":"GamblersBrew"},{"floor":21,"key":"SkillPotion"},{"floor":28,"key":"Strength Potion"},{"floor":29,"key":"Ancient Potion"},{"floor":35,"key":"FearPotion"},{"floor":36,"key":"Fire Potion"}],"is_trial":false,"path_per_floor":["M","$","M","?","M","E","R","M","T","R","M","$","?","E","R","B",null,"M","?","$","M","?","?","R","M","T","R","E","M","$","M","R","B",null,"M","M","M","$","M","R","?","R","T","E","?","?","R","$","R","B",null],"character_chosen":"THE_SILENT","items_purchased":["Dodge and Roll","Happy Flower","Block Potion","Footwork","Deadly Poison","PowerPotion","Deadly Poison","Noxious Fumes"],"campfire_rested":8,"item_purchase_floors":[12,20,20,30,30,30,38,38],"current_hp_per_floor":[63,63,61,61,61,11,32,33,33,54,55,55,73,55,55,19,76,76,76,76,77,62,10,36,31,31,58,56,49,49,52,81,46,122,119,112,107,107,52,91,124,124,124,68,68,68,107,107,133,32],"gold":31,"neow_bonus":"ONE_RARE_RELIC","is_prod":false,"is_daily":false,"chose_seed":false,"campfire_upgraded":2,"win_rate":0,"timestamp":1551124356,"path_taken":["M","$","M","?","M","E","R","M","T","R","M","?","?","E","R","BOSS","M","?","$","?","?","?","R","M","T","R","E","M","$","M","R","BOSS","M","M","M","$","M","R","?","R","T","E","?","?","R","$","R","BOSS"],"build_version":"2019-01-23","purchased_purges":3,"victory":true,"max_hp_per_floor":[70,70,70,70,71,72,72,73,73,73,74,74,74,75,75,76,76,77,77,77,78,83,87,87,90,90,90,91,94,94,97,97,98,122,125,128,131,131,132,132,132,132,132,133,133,133,133,133,133,134],"card_choices":[{"not_picked":["Underhanded Strike","Prepared","Catalyst"],"picked":"SKIP","floor":1},{"not_picked":["Predator","Blade Dance"],"picked":"Dodge and Roll","floor":3},{"not_picked":["Quick Slash","Well Laid Plans"],"picked":"Cloak And Dagger","floor":5},{"not_picked":["Underhanded Strike","Dagger Throw","Bane"],"picked":"SKIP","floor":6},{"not_picked":["Underhanded Strike","Bane"],"picked":"Dagger Throw","floor":6},{"not_picked":["Slice","Outmaneuver"],"picked":"After Image","floor":8},{"not_picked":["Outmaneuver","Deadly Poison"],"picked":"PiercingWail","floor":11},{"not_picked":["Quick Slash","Flechettes"],"picked":"Well Laid Plans","floor":14},{"not_picked":["Bullet Time","Unload"],"picked":"Corpse Explosion","floor":16},{"not_picked":["Deadly Poison","Blur"],"picked":"Deflect+1","floor":18},{"not_picked":["Escape Plan","Infinite Blades"],"picked":"Catalyst","floor":21},{"not_picked":["Dagger Throw","Terror","Cloak And Dagger"],"picked":"Singing Bowl","floor":23},{"not_picked":["Backflip","Reflex","Dodge and Roll"],"picked":"Singing Bowl","floor":25},{"not_picked":["Accuracy","Riddle With Holes+1"],"picked":"Poisoned Stab+1","floor":28},{"not_picked":["Backflip","Blade Dance","Outmaneuver"],"picked":"Singing Bowl","floor":29},{"not_picked":["Slice+1","Dodge and Roll","Venomology"],"picked":"Singing Bowl","floor":31},{"not_picked":["Night Terror","Tools of the Trade"],"picked":"Die Die Die+1","floor":33},{"not_picked":["Backflip","Quick Slash+1","Escape Plan+1"],"picked":"Singing Bowl","floor":35},{"not_picked":["Calculated Gamble","Finisher+1","Outmaneuver"],"picked":"Singing Bowl","floor":36},{"not_picked":["Quick Slash+1","Underhanded Strike+1","Cloak And Dagger"],"picked":"Singing Bowl","floor":37},{"not_picked":["Dagger Spray+1","Dagger Throw+1"],"picked":"Footwork","floor":39},{"not_picked":["Sucker Punch+1","Flechettes+1"],"picked":"Burst","floor":44},{"not_picked":["Purity","Flash of Steel+1"],"picked":"Madness","floor":45}],"player_experience":392536,"relics_obtained":[{"floor":6,"key":"Ancient Tea Set"},{"floor":9,"key":"Singing Bowl"},{"floor":14,"key":"Shuriken"},{"floor":23,"key":"Nunchaku"},{"floor":23,"key":"Molten Egg 2"},{"floor":26,"key":"Dodecahedron"},{"floor":28,"key":"Juzu Bracelet"},{"floor":34,"key":"Centennial Puzzle"},{"floor":34,"key":"Pear"},{"floor":34,"key":"Mango"},{"floor":43,"key":"Ornamental Fan"},{"floor":44,"key":"Oddly Smooth Stone"}],"event_choices":[{"damage_healed":0,"gold_gain":0,"player_choice":"Trade","damage_taken":0,"relics_obtained":["FaceOfCleric"],"max_hp_gain":0,"max_hp_loss":0,"event_name":"FaceTrader","floor":4,"gold_loss":0},{"damage_healed":18,"gold_gain":0,"player_choice":"Healed and dodged fight","damage_taken":0,"max_hp_gain":0,"max_hp_loss":0,"event_name":"Mushrooms","floor":13,"gold_loss":0,"cards_obtained":["Parasite"]},{"damage_healed":0,"gold_gain":0,"player_choice":"Upgraded","damage_taken":0,"max_hp_gain":0,"max_hp_loss":0,"event_name":"Upgrade Shrine","floor":19,"gold_loss":0,"cards_upgraded":["Corpse Explosion"]},{"damage_healed":0,"gold_gain":0,"player_choice":"Shed Blood","damage_taken":20,"max_hp_gain":5,"max_hp_loss":0,"event_name":"Forgotten Altar","floor":22,"gold_loss":0},{"damage_healed":0,"gold_gain":0,"player_choice":"Fight","damage_taken":0,"max_hp_gain":0,"max_hp_loss":0,"event_name":"Colosseum","floor":23,"gold_loss":0},{"damage_healed":0,"gold_gain":0,"player_choice":"Fought Nobs","damage_taken":0,"max_hp_gain":0,"max_hp_loss":0,"event_name":"Colosseum","floor":23,"gold_loss":0},{"damage_healed":33,"gold_gain":0,"player_choice":"Writhe","damage_taken":0,"max_hp_gain":0,"max_hp_loss":0,"event_name":"Winding Halls","floor":41,"gold_loss":0,"cards_obtained":["Writhe"]},{"damage_healed":0,"gold_gain":0,"player_choice":"Memory 1","damage_taken":0,"max_hp_gain":0,"max_hp_loss":0,"event_name":"SensoryStone","floor":45,"gold_loss":0},{"cards_removed":["Dodge and Roll"],"damage_healed":0,"gold_gain":0,"player_choice":"Removed Skill","damage_taken":0,"max_hp_gain":0,"max_hp_loss":0,"event_name":"Falling","floor":46,"gold_loss":0}],"is_beta":false,"boss_relics":[{"not_picked":["HoveringKite","Ring of the Serpent"],"picked":"Astrolabe"},{"not_picked":["Snecko Eye","Orrery"],"picked":"Calling Bell"}],"items_purged_floors":[2,38,48],"is_endless":false,"potions_floor_spawned":[6,11,14,21,28,29,31,35,36],"ascension_level":3}