{"gold_per_floor":[113,130,140,156,171,171,181,181,181,181,195,195,211,511,511,606,606,621,158,175,192,206,233,265,265,265,290,300,317,329,229,229,333,333,344,358,371,416,416,416,444,456,504,504,524,524,537,570,570,570],"floor_reached":51,"playtime":2441,"items_purged":["Strike_B","Strike_B"],"score":833,"play_id":"83c87390-ba2a-49cc-84f6-caa3d2a26199","local_time":"20181128000044","is_ascension_mode":true,"campfire_choices":[{"data":"Auto Shields","floor":6,"key":"SMITH"},{"data":"Zap","floor":10,"key":"SMITH"},{"data":"Storm","floor":15,"key":"SMITH"},{"data":"Storm","floor":25,"key":"SMITH"},{"data":"Buffer","floor":32,"key":"SMITH"},{"data":"Creative AI","floor":40,"key":"SMITH"},{"data":"Force Field","floor":46,"key":"SMITH"},{"data":"Capacitor","floor":49,"key":"SMITH"}],"neow_cost":"NONE","seed_source_timestamp":1054817749891087,"circlet_count":0,"master_deck":["Defend_B","Defend_B","Defend_B","Defend_B","Zap+1","Dualcast","Auto Shields+1","Reinforced Body","Storm+1","Static Discharge","Force Field+1","Capacitor+1","Heatsinks","Buffer+1","Creative AI+1","Storm+1","BootSequence+1","Tempest+1","Self Repair","Self Repair+1","Buffer+1","Storm+1"],"relics":["Cracked Core","Prayer Wheel","Old Coin","Velvet Choker","Mercury Hourglass","Sundial","Red Mask","Meat on the Bone","Pantograph","Empty Cage","Gambling Chip","FossilizedHelix","Omamori","Letter Opener"],"potions_floor_usage":[16,16,18,20,23,27,30,41,41,47],"damage_taken":[{"damage":0,"enemies":"Cultist","floor":1,"turns":3},{"damage":1,"enemies":"Jaw Worm","floor":2,"turns":3},{"damage":0,"enemies":"Small Slimes","floor":3,"turns":3},{"damage":4,"enemies":"Exordium Thugs","floor":4,"turns":5},{"damage":2,"enemies":"Blue Slaver","floor":5,"turns":5},{"damage":3,"enemies":"3 Louse","floor":7,"turns":4},{"damage":0,"enemies":"Lots of Slimes","floor":11,"turns":5},{"damage":20,"enemies":"Gremlin Gang","floor":13,"turns":6},{"damage":53,"enemies":"Hexaghost","floor":16,"turns":15},{"damage":0,"enemies":"Chosen","floor":18,"turns":4},{"damage":5,"enemies":"3 Byrds","floor":20,"turns":3},{"damage":10,"enemies":"Centurion and Healer","floor":21,"turns":7},{"damage":16,"enemies":"Cultist and Chosen","floor":22,"turns":6},{"damage":16,"enemies":"Book of Stabbing","floor":23,"turns":4},{"damage":20,"enemies":"Masked Bandits","floor":24,"turns":4},{"damage":5,"enemies":"Slavers","floor":27,"turns":4},{"damage":0,"enemies":"Sentry and Sphere","floor":28,"turns":3},{"damage":9,"enemies":"3 Cultists","floor":29,"turns":5},{"damage":4,"enemies":"Shelled Parasite and Fungi","floor":30,"turns":4},{"damage":44,"enemies":"Collector","floor":33,"turns":6},{"damage":0,"enemies":"3 Shapes","floor":35,"turns":4},{"damage":0,"enemies":"Orb Walker","floor":36,"turns":3},{"damage":17,"enemies":"Writhing Mass","floor":37,"turns":5},{"damage":11,"enemies":"2 Orb Walkers","floor":38,"turns":5},{"damage":33,"enemies":"Nemesis","floor":41,"turns":7},{"damage":0,"enemies":"Maw","floor":42,"turns":7},{"damage":0,"enemies":"Jaw Worm Horde","floor":45,"turns":3},{"damage":0,"enemies":"Sphere and 2 Shapes","floor":47,"turns":4},{"damage":0,"enemies":"Giant Head","floor":48,"turns":8},{"damage":21,"enemies":"Time Eater","floor":50,"turns":10}],"seed_played":"7083866173040242402","potions_obtained":[{"floor":2,"key":"Energy Potion"},{"floor":3,"key":"Ancient Potion"},{"floor":13,"key":"Energy Potion"},{"floor":16,"key":"LiquidBronze"},{"floor":22,"key":"Block Potion"},{"floor":23,"key":"Strength Potion"},{"floor":24,"key":"Energy Potion"},{"floor":28,"key":"SpeedPotion"},{"floor":33,"key":"Energy Potion"},{"floor":36,"key":"GamblersBrew"},{"floor":37,"key":"Weak Potion"},{"floor":45,"key":"SkillPotion"}],"is_trial":false,"path_per_floor":["M","M","M","M","M","R","M","?","T","R","M","?","M","T","R","B",null,"M","$","M","M","M","E","?","R","T","E","M","M","M","$","R","B",null,"M","M","M","?","?","R","E","M","T","?","M","R","M","E","R","B",null],"character_chosen":"DEFECT","items_purchased":["Force Field","Capacitor","Mercury Hourglass"],"campfire_rested":0,"item_purchase_floors":[19,19,19],"current_hp_per_floor":[82,81,81,77,75,75,72,77,77,77,77,77,57,57,57,4,87,87,87,82,72,56,40,20,20,20,27,39,42,50,50,50,43,87,87,87,77,73,73,73,69,86,86,86,86,86,87,87,87,83],"gold":570,"neow_bonus":"TEN_PERCENT_HP_BONUS","is_prod":false,"is_daily":false,"chose_seed":false,"campfire_upgraded":8,"win_rate":0,"timestamp":1543359644,"path_taken":["M","M","M","M","M","R","M","?","T","R","M","?","M","?","R","BOSS","M","$","M","M","M","E","?","R","T","E","M","M","M","$","R","BOSS","M","M","M","?","?","R","E","M","T","?","M","R","?","E","R","BOSS"],"build_version":"2018-11-15","purchased_purges":2,"victory":true,"max_hp_per_floor":[82,82,82,82,82,82,82,87,87,87,87,87,87,87,87,87,87,87,87,87,87,87,87,87,87,87,87,87,87,87,87,87,87,87,87,87,87,87,87,87,87,87,87,87,87,87,87,87,87,87],"card_choices":[{"not_picked":["Conserve Battery","Fusion"],"picked":"Auto Shields","floor":1},{"not_picked":["Cold Snap","Turbo","Barrage"],"picked":"SKIP","floor":2},{"not_picked":["Steam","Beam Cell","Go for the Eyes"],"picked":"SKIP","floor":3},{"not_picked":["Hologram","Aggregate","Streamline"],"picked":"SKIP","floor":4},{"not_picked":["Conserve Battery","Steam Power","Hologram"],"picked":"SKIP","floor":5},{"not_picked":["Barrage","Sweeping Beam"],"picked":"Reinforced Body","floor":7},{"not_picked":["Streamline","Ball Lightning","Skim"],"picked":"SKIP","floor":11},{"not_picked":["Conserve Battery","Hyperbeam","Ball Lightning"],"picked":"SKIP","floor":11},{"not_picked":["Doom and Gloom","Steam"],"picked":"Storm","floor":13},{"not_picked":["Cold Snap","Steam"],"picked":"Static Discharge","floor":13},{"not_picked":["Rainbow","Thunder Strike"],"picked":"Machine Learning","floor":16},{"not_picked":["Gash","Steam Power","Turbo+1"],"picked":"SKIP","floor":18},{"not_picked":["Cold Snap","Turbo","Consume"],"picked":"SKIP","floor":18},{"not_picked":["Barrage","Cold Snap"],"picked":"Heatsinks","floor":20},{"not_picked":["Sweeping Beam","Melter"],"picked":"Buffer","floor":20},{"not_picked":["Stack","Double Energy","Hologram"],"picked":"SKIP","floor":21},{"not_picked":["Tempest","Lockon","Steam+1"],"picked":"SKIP","floor":21},{"not_picked":["White Noise","Stack"],"picked":"Creative AI","floor":22},{"not_picked":["Coolheaded","Hologram","Chaos+1"],"picked":"SKIP","floor":22},{"not_picked":["Hologram","Meteor Strike"],"picked":"Storm","floor":23},{"not_picked":["Lockon","Double Energy"],"picked":"BootSequence+1","floor":24},{"not_picked":["Redo+1","Beam Cell","Capacitor"],"picked":"SKIP","floor":27},{"not_picked":["Static Discharge","Compile Driver","Conserve Battery"],"picked":"SKIP","floor":28},{"not_picked":["Barrage","Leap","Go for the Eyes"],"picked":"SKIP","floor":28},{"not_picked":["Lockon","Leap","Rebound+1"],"picked":"SKIP","floor":29},{"not_picked":["Hologram","Consume+1","Redo"],"picked":"SKIP","floor":29},{"not_picked":["Rebound","Auto Shields"],"picked":"Tempest+1","floor":30},{"not_picked":["Streamline","Leap+1","Go for the Eyes"],"picked":"SKIP","floor":30},{"not_picked":["Streamline","Doom and Gloom+1","Gash+1"],"picked":"SKIP","floor":35},{"not_picked":["Turbo+1","Blizzard+1","Rebound"],"picked":"SKIP","floor":35},{"not_picked":["Auto Shields","Skim+1"],"picked":"Self Repair","floor":36},{"not_picked":["Undo","Conserve Battery+1","Turbo+1"],"picked":"SKIP","floor":36},{"not_picked":["Gash+1","Beam Cell","Stack+1"],"picked":"SKIP","floor":37},{"not_picked":["Redo","Reprogram","Chaos+1"],"picked":"SKIP","floor":37},{"not_picked":["Beam Cell+1","Fusion+1"],"picked":"Self Repair+1","floor":38},{"not_picked":["Fission","Cold Snap","Turbo"],"picked":"SKIP","floor":41},{"not_picked":["Reprogram+1","Blizzard","Hologram"],"picked":"SKIP","floor":42},{"not_picked":["Stack+1","Leap+1","Compile Driver+1"],"picked":"SKIP","floor":42},{"not_picked":["Go for the Eyes","Streamline","Hologram"],"picked":"SKIP","floor":45},{"not_picked":["Conserve Battery","Stack","Streamline"],"picked":"SKIP","floor":45},{"not_picked":["Tempest","Hologram+1","Cold Snap"],"picked":"SKIP","floor":47},{"not_picked":["Ball Lightning","Genetic Algorithm+1","Darkness"],"picked":"SKIP","floor":47},{"not_picked":["Lockon","Go for the Eyes+1"],"picked":"Storm+1","floor":48}],"player_experience":564521,"relics_obtained":[{"floor":9,"key":"Prayer Wheel"},{"floor":14,"key":"Old Coin"},{"floor":23,"key":"Sundial"},{"floor":24,"key":"Red Mask"},{"floor":26,"key":"Meat on the Bone"},{"floor":27,"key":"Pantograph"},{"floor":38,"key":"Gambling Chip"},{"floor":41,"key":"FossilizedHelix"},{"floor":43,"key":"Omamori"},{"floor":48,"key":"Letter Opener"}],"event_choices":[{"damage_healed":0,"gold_gain":0,"player_choice":"Donut","damage_taken":0,"max_hp_gain":5,"max_hp_loss":0,"event_name":"Big Fish","floor":8,"gold_loss":0},{"damage_healed":0,"gold_gain":0,"player_choice":"Ignored","damage_taken":0,"max_hp_gain":0,"max_hp_loss":0,"event_name":"Liars Game","floor":12,"gold_loss":0},{"damage_healed":0,"gold_gain":0,"player_choice":"Fought Bandits","damage_taken":0,"max_hp_gain":0,"max_hp_loss":0,"event_name":"Masked Bandits","floor":24,"gold_loss":0},{"damage_healed":0,"gold_gain":0,"player_choice":"Fight","damage_taken":0,"max_hp_gain":0,"max_hp_loss":0,"event_name":"Mysterious Sphere","floor":38,"gold_loss":0},{"cards_removed":["Machine Learning"],"damage_healed":0,"gold_gain":0,"player_choice":"Removed Power","damage_taken":0,"max_hp_gain":0,"max_hp_loss":0,"event_name":"Falling","floor":39,"gold_loss":0},{"damage_healed":0,"gold_gain":0,"player_choice":"Copied","damage_taken":0,"max_hp_gain":0,"max_hp_loss":0,"event_name":"Duplicator","floor":44,"gold_loss":0,"cards_obtained":["Buffer"]}],"is_beta":false,"boss_relics":[{"not_picked":["Pandora\u0027s Box","Eternal Feather"],"picked":"Velvet Choker"},{"not_picked":["Busted Crown","Runic Pyramid"],"picked":"Empty Cage"}],"items_purged_floors":[19,31],"is_endless":false,"potions_floor_spawned":[2,3,13,16,22,23,24,28,33,36,37,38,45],"ascension_level":1}