{"gold_per_floor":[115,133,208,221,232,232,232,232,256,292,312,351,225,241,241,365,365,380,401,316,316,331,370,370,386,386,105,105,105,105,129,129,259,259,278,106,0,14,35,35,35,35,35,35,79,79,79,102,102,102],"floor_reached":50,"playtime":7960,"items_purged":["Strike_R","Strike_R","Bash"],"score":600,"play_id":"bca153e5-a9ab-49d8-8ff7-25ca0c5699a1","local_time":"20190224182519","is_ascension_mode":false,"campfire_choices":[{"data":"Armaments","floor":6,"key":"SMITH"},{"data":"Shrug It Off","floor":8,"key":"SMITH"},{"data":"Body Slam","floor":15,"key":"SMITH"},{"data":"Shrug It Off","floor":24,"key":"SMITH"},{"data":"Secret Weapon","floor":28,"key":"SMITH"},{"data":"Metallicize","floor":30,"key":"SMITH"},{"data":"Shrug It Off","floor":32,"key":"SMITH"},{"data":"Clothesline","floor":40,"key":"SMITH"},{"data":"Defend_R","floor":42,"key":"SMITH"},{"data":"Defend_R","floor":49,"key":"SMITH"}],"neow_cost":"NONE","seed_source_timestamp":694288686924527,"circlet_count":0,"master_deck":["Strike_R","Strike_R","Defend_R+1","Defend_R+1","Defend_R","Defend_R","Armaments+1","Shrug It Off+1","Metallicize+1","Body Slam+1","Feed","Rage","Shrug It Off+1","Shrug It Off+1","Barricade+1","Metallicize+1","True Grit+1","Secret Weapon+1","Feed","Shockwave+1","Clothesline+1","Intimidate+1","Body Slam+1"],"relics":["Burning Blood","Golden Idol","PreservedInsect","Juzu Bracelet","Vajra","Cursed Key","Pantograph","Self Forming Clay","Sozu","Red Mask","Singing Bowl"],"potions_floor_usage":[1,11,11,12,12,12,16,23,33,33,33],"damage_taken":[{"damage":10,"enemies":"Jaw Worm","floor":1,"turns":4},{"damage":1,"enemies":"Cultist","floor":2,"turns":3},{"damage":0,"enemies":"Small Slimes","floor":4,"turns":4},{"damage":3,"enemies":"Exordium Wildlife","floor":5,"turns":7},{"damage":2,"enemies":"Lagavulin","floor":10,"turns":10},{"damage":9,"enemies":"Lots of Slimes","floor":11,"turns":8},{"damage":7,"enemies":"Gremlin Nob","floor":12,"turns":4},{"damage":1,"enemies":"2 Fungi Beasts","floor":14,"turns":4},{"damage":55,"enemies":"Hexaghost","floor":16,"turns":17},{"damage":1,"enemies":"Chosen","floor":18,"turns":19},{"damage":9,"enemies":"3 Byrds","floor":19,"turns":7},{"damage":0,"enemies":"Snecko","floor":22,"turns":12},{"damage":6,"enemies":"Slavers","floor":23,"turns":10},{"damage":29,"enemies":"Chosen and Byrds","floor":25,"turns":11},{"damage":6,"enemies":"Snake Plant","floor":31,"turns":5},{"damage":49,"enemies":"Collector","floor":33,"turns":14},{"damage":12,"enemies":"Orb Walker","floor":35,"turns":5},{"damage":0,"enemies":"3 Shapes","floor":38,"turns":6},{"damage":0,"enemies":"Writhing Mass","floor":39,"turns":8},{"damage":0,"enemies":"Giant Head","floor":45,"turns":7},{"damage":0,"enemies":"4 Shapes","floor":48,"turns":10},{"damage":133,"enemies":"Donu and Deca","floor":50,"turns":15}],"seed_played":"-6386945801505099007","potions_obtained":[{"floor":0,"key":"Fruit Juice"},{"floor":0,"key":"EntropicBrew"},{"floor":0,"key":"Poison Potion"},{"floor":1,"key":"PowerPotion"},{"floor":2,"key":"Energy Potion"},{"floor":14,"key":"FearPotion"},{"floor":18,"key":"PowerPotion"},{"floor":23,"key":"Energy Potion"},{"floor":31,"key":"Strength Potion"}],"is_trial":false,"path_per_floor":["M","M","?","M","M","R","?","R","T","E","M","E","$","M","R","B",null,"M","M","?","?","M","E","R","M","T","$","R","?","R","M","R","B",null,"M","$","?","M","M","R","?","R","T","?","E","$","?","M","R","B"],"character_chosen":"IRONCLAD","items_purchased":["Shrug It Off","Secret Weapon","Clothesline"],"campfire_rested":0,"item_purchase_floors":[13,27,36],"current_hp_per_floor":[81,85,77,83,85,85,64,64,64,68,65,68,68,73,73,24,89,92,92,92,92,99,103,103,80,80,80,80,80,80,80,80,60,103,97,97,97,110,114,114,114,114,114,114,114,114,114,114,114,0],"gold":102,"neow_bonus":"THREE_SMALL_POTIONS","is_prod":false,"is_daily":false,"chose_seed":false,"campfire_upgraded":10,"win_rate":0,"timestamp":1551000319,"path_taken":["M","M","?","M","?","R","?","R","T","E","M","E","$","M","R","BOSS","M","M","?","?","M","E","R","M","T","$","R","?","R","M","R","BOSS","M","$","?","M","M","R","?","R","T","?","E","$","?","M","R","BOSS"],"build_version":"2019-01-23","purchased_purges":3,"victory":false,"max_hp_per_floor":[85,85,85,85,85,85,85,85,85,85,85,89,89,89,89,89,89,92,95,95,95,99,103,103,103,103,103,103,103,103,103,103,103,103,103,103,103,110,114,114,114,114,114,114,114,114,114,114,114,117],"card_choices":[{"not_picked":["Hemokinesis","Rampage"],"picked":"Armaments","floor":1},{"not_picked":["Cleave","Dropkick"],"picked":"Shrug It Off","floor":2},{"not_picked":["Twin Strike","Havoc","Power Through"],"picked":"SKIP","floor":4},{"not_picked":["Heavy Blade","Warcry"],"picked":"Metallicize","floor":5},{"not_picked":["Perfected Strike","Clothesline"],"picked":"Body Slam","floor":10},{"not_picked":["Dual Wield","Thunderclap"],"picked":"Feed","floor":11},{"not_picked":["Wild Strike","Second Wind"],"picked":"Rage","floor":12},{"not_picked":["Headbutt","Power Through"],"picked":"Shrug It Off","floor":14},{"not_picked":["Reaper","Demon Form"],"picked":"Barricade","floor":16},{"not_picked":["Perfected Strike+1","Heavy Blade","Rage"],"picked":"SKIP","floor":18},{"not_picked":["Power Through","Pommel Strike+1","Uppercut"],"picked":"SKIP","floor":19},{"not_picked":["Evolve+1","Clothesline"],"picked":"Metallicize+1","floor":22},{"not_picked":["Infernal Blade+1","Perfected Strike"],"picked":"True Grit+1","floor":23},{"not_picked":["Perfected Strike+1","Shrug It Off","Combust"],"picked":"SKIP","floor":25},{"not_picked":["Headbutt","Perfected Strike","Whirlwind"],"picked":"SKIP","floor":31},{"not_picked":["Demon Form","Double Tap"],"picked":"Feed","floor":33},{"not_picked":["Feel No Pain","Rampage+1"],"picked":"Shockwave+1","floor":35},{"not_picked":["Pommel Strike","Corruption+1"],"picked":"Intimidate+1","floor":38},{"not_picked":["True Grit+1","Clothesline+1","Uppercut"],"picked":"SKIP","floor":39},{"not_picked":["Fire Breathing","Rupture","Thunderclap"],"picked":"SKIP","floor":45},{"not_picked":["Rage+1","Blood for Blood","Metallicize"],"picked":"SKIP","floor":48}],"player_experience":379341,"relics_obtained":[{"floor":9,"key":"PreservedInsect"},{"floor":10,"key":"Juzu Bracelet"},{"floor":12,"key":"Vajra"},{"floor":23,"key":"Self Forming Clay"},{"floor":45,"key":"Singing Bowl"}],"event_choices":[{"damage_healed":0,"gold_gain":75,"player_choice":"Touch","damage_taken":8,"max_hp_gain":0,"max_hp_loss":0,"event_name":"FaceTrader","floor":3,"gold_loss":0},{"damage_healed":0,"gold_gain":0,"player_choice":"Take Damage","damage_taken":21,"relics_obtained":["Golden Idol"],"max_hp_gain":0,"max_hp_loss":0,"event_name":"Golden Idol","floor":7,"gold_loss":0},{"damage_healed":0,"gold_gain":0,"player_choice":"Obtained Relic","damage_taken":0,"relics_obtained":["Pantograph"],"max_hp_gain":0,"max_hp_loss":0,"event_name":"Addict","floor":20,"gold_loss":85},{"damage_healed":0,"gold_gain":0,"player_choice":"Forge","damage_taken":0,"max_hp_gain":0,"max_hp_loss":0,"event_name":"Accursed Blacksmith","floor":21,"gold_loss":0,"cards_upgraded":["Barricade"]},{"damage_healed":0,"gold_gain":0,"player_choice":"Ignored","damage_taken":0,"max_hp_gain":0,"max_hp_loss":0,"event_name":"Cursed Tome","floor":29,"gold_loss":0},{"damage_healed":0,"gold_gain":0,"player_choice":"Paid","damage_taken":0,"relics_obtained":["Red Mask"],"max_hp_gain":0,"max_hp_loss":0,"event_name":"Tomb of Lord Red Mask","floor":37,"gold_loss":106},{"cards_removed":["Strike_R"],"damage_healed":0,"gold_gain":0,"player_choice":"Offered Basic","damage_taken":0,"max_hp_gain":0,"max_hp_loss":0,"event_name":"Bonfire Elementals","floor":41,"gold_loss":0},{"damage_healed":0,"gold_gain":0,"player_choice":"Ignored","damage_taken":0,"max_hp_gain":0,"max_hp_loss":0,"event_name":"Mysterious Sphere","floor":44,"gold_loss":0},{"damage_healed":0,"gold_gain":0,"player_choice":"Copied","damage_taken":0,"max_hp_gain":0,"max_hp_loss":0,"event_name":"Duplicator","floor":47,"gold_loss":0,"cards_obtained":["Body Slam"]}],"is_beta":false,"boss_relics":[{"not_picked":["Empty Cage","Calling Bell"],"picked":"Cursed Key"},{"not_picked":["Lizard Tail","Runic Pyramid"],"picked":"Sozu"}],"items_purged_floors":[13,27,36],"is_endless":false,"potions_floor_spawned":[1,2,5,14,18,23,31,38,48],"killed_by":"Donu and Deca","ascension_level":0}