{"gold_per_floor":[110,260,48,48,48,48,82,99,153,153,173,173,205,223,223,295,295,305,318,328,328],"floor_reached":21,"playtime":935,"items_purged":["Doubt"],"score":375,"play_id":"9897a74d-689a-4299-8f5a-02e10cb18421","local_time":"20190203143345","is_ascension_mode":true,"campfire_choices":[{"data":"Zap","floor":6,"key":"SMITH"},{"floor":10,"key":"REST"},{"data":"Dualcast","floor":12,"key":"SMITH"},{"floor":15,"key":"REST"}],"neow_cost":"NONE","seed_source_timestamp":859505680121400,"circlet_count":0,"master_deck":["AscendersBane","Strike_B","Strike_B","Strike_B","Strike_B","Defend_B","Defend_B","Defend_B","Defend_B","Zap+1","Dualcast+1","Cold Snap","Cold Snap","Self Repair","Cold Snap","BootSequence","Core Surge","Cold Snap","Seek","Coolheaded","Defragment"],"relics":["Cracked Core","Darkstone Periapt","Juzu Bracelet","Potion Belt","The Courier","Snecko Eye"],"potions_floor_usage":[16,16],"damage_taken":[{"damage":7,"enemies":"Jaw Worm","floor":1,"turns":4},{"damage":29,"enemies":"Lagavulin","floor":7,"turns":9},{"damage":1,"enemies":"2 Louse","floor":8,"turns":4},{"damage":4,"enemies":"Small Slimes","floor":11,"turns":3},{"damage":18,"enemies":"Gremlin Nob","floor":13,"turns":5},{"damage":0,"enemies":"Looter","floor":14,"turns":3},{"damage":65,"enemies":"Slime Boss","floor":16,"turns":22},{"damage":7,"enemies":"Chosen","floor":18,"turns":5},{"damage":19,"enemies":"Spheric Guardian","floor":19,"turns":7},{"damage":32,"enemies":"Snake Plant","floor":20,"turns":6},{"damage":38,"enemies":"Cultist and Chosen","floor":21,"turns":7}],"seed_played":"-956270573327330211","potions_obtained":[{"floor":7,"key":"GamblersBrew"},{"floor":11,"key":"Ancient Potion"},{"floor":14,"key":"Energy Potion"},{"floor":19,"key":"Strength Potion"}],"is_trial":false,"path_per_floor":["M","?","$","?","?","R","E","M","T","R","M","R","E","M","R","B",null,"M","M","M","M"],"character_chosen":"DEFECT","items_purchased":["Cold Snap","Self Repair"],"campfire_rested":2,"item_purchase_floors":[3,3],"current_hp_per_floor":[64,64,64,69,58,58,36,42,42,66,69,69,58,65,83,25,69,69,57,32,0],"gold":328,"neow_bonus":"TEN_PERCENT_HP_BONUS","is_prod":false,"is_daily":false,"chose_seed":false,"campfire_upgraded":2,"win_rate":0,"timestamp":1549200825,"path_taken":["M","?","$","?","?","R","E","M","T","R","M","R","E","M","R","BOSS","M","M","M","M"],"build_version":"2019-01-23","purchased_purges":1,"victory":false,"max_hp_per_floor":[78,78,78,83,83,83,83,83,83,83,83,83,83,83,83,83,83,83,83,83,83],"card_choices":[{"not_picked":["Conserve Battery","Doom and Gloom"],"picked":"Cold Snap","floor":1},{"not_picked":["Capacitor","Compile Driver"],"picked":"Cold Snap","floor":7},{"not_picked":["Force Field","Steam"],"picked":"BootSequence","floor":8},{"not_picked":["Cold Snap","Hologram"],"picked":"Core Surge","floor":11},{"not_picked":["Undo","Chaos"],"picked":"Cold Snap","floor":13},{"not_picked":["Scrape","Barrage","Hyperbeam"],"picked":"SKIP","floor":14},{"not_picked":["Multi-Cast","Buffer"],"picked":"Seek","floor":16},{"not_picked":["Hologram","Leap"],"picked":"Coolheaded","floor":18},{"not_picked":["Lockon","Fusion"],"picked":"Defragment","floor":19},{"not_picked":["Ball Lightning","Darkness","Hologram"],"picked":"SKIP","floor":20}],"player_experience":450307,"relics_obtained":[{"floor":7,"key":"Juzu Bracelet"},{"floor":9,"key":"Potion Belt"},{"floor":13,"key":"The Courier"}],"event_choices":[{"damage_healed":0,"gold_gain":150,"player_choice":"AGREE","damage_taken":0,"max_hp_gain":0,"max_hp_loss":0,"event_name":"Liars Game","floor":2,"gold_loss":0,"cards_obtained":["Doubt"]},{"damage_healed":0,"gold_gain":0,"player_choice":"Donut","damage_taken":0,"max_hp_gain":5,"max_hp_loss":0,"event_name":"Big Fish","floor":4,"gold_loss":0},{"damage_healed":0,"gold_gain":0,"player_choice":"Success","damage_taken":11,"relics_obtained":["Darkstone Periapt"],"max_hp_gain":0,"max_hp_loss":0,"event_name":"Scrap Ooze","floor":5,"gold_loss":0}],"is_beta":false,"boss_relics":[{"not_picked":["Busted Crown","Calling Bell"],"picked":"Snecko Eye"}],"items_purged_floors":[3],"is_endless":false,"potions_floor_spawned":[7,11,14,19],"killed_by":"Cultist and Chosen","ascension_level":17}