{"gold_per_floor":[113,38,38,57,57,57,123,123,123,186,186,200,232,246,246,344,344,357,373,473,176,226,226,226],"floor_reached":24,"playtime":1843,"items_purged":["Bash","Strike_R"],"score":204,"play_id":"07896f13-e2b8-4ded-b32d-13a6678f0531","local_time":"20190228042730","is_ascension_mode":false,"campfire_choices":[{"data":"Limit Break","floor":6.0,"key":"SMITH"},{"data":"Uppercut","floor":8.0,"key":"SMITH"},{"data":"Flame Barrier","floor":11.0,"key":"SMITH"},{"data":"Inflame","floor":15.0,"key":"SMITH"},{"data":"Barricade","floor":23.0,"key":"SMITH"}],"neow_cost":"NONE","seed_source_timestamp":995407160028604,"circlet_count":0,"master_deck":["Strike_R","Strike_R","Strike_R","Strike_R","Defend_R","Defend_R","Defend_R","Defend_R+1","Limit Break+1","Uppercut+1","Twin Strike","Flame Barrier+1","Iron Wave","Inflame+1","Barricade+1","Heavy Blade+1","Dual Wield","Flex+1"],"special_seed":0,"relics":["Burning Blood","SsserpentHead","Kunai","Tiny Chest","Mummified Hand","Cursed Key","War Paint"],"potions_floor_usage":[],"damage_taken":[{"damage":6.0,"enemies":"Jaw Worm","floor":1.0,"turns":3.0},{"damage":1.0,"enemies":"Cultist","floor":4.0,"turns":3.0},{"damage":5.0,"enemies":"2 Louse","floor":7.0,"turns":2.0},{"damage":19.0,"enemies":"Gremlin Nob","floor":10.0,"turns":5.0},{"damage":3.0,"enemies":"Exordium Thugs","floor":12.0,"turns":5.0},{"damage":26.0,"enemies":"3 Sentries","floor":13.0,"turns":10.0},{"damage":4.0,"enemies":"Blue Slaver","floor":14.0,"turns":4.0},{"damage":27.0,"enemies":"Hexaghost","floor":16.0,"turns":10.0},{"damage":22.0,"enemies":"Chosen","floor":18.0,"turns":7.0},{"damage":16.0,"enemies":"Spheric Guardian","floor":19.0,"turns":4.0},{"damage":60,"enemies":"Gremlin Leader","floor":24,"turns":6}],"seed_played":"-4068276903425717503","potions_obtained":[{"floor":10.0,"key":"Swift Potion"},{"floor":12.0,"key":"Ancient Potion"},{"floor":13.0,"key":"Energy Potion"},{"floor":19.0,"key":"Explosive Potion"}],"is_trial":false,"path_per_floor":["M","$","?","M","?","R","M","R","T","E","R","M","E","M","R","B",null,"M","M","?","$","T","R","E"],"character_chosen":"IRONCLAD","items_purchased":["Flex","War Paint"],"campfire_rested":0,"item_purchase_floors":[21,21],"current_hp_per_floor":[80,80,80,80,80,80,80,80,80,67,67,70,50,52,52,31,80,64,54,54,54,54,54,0],"gold":226,"neow_bonus":"ONE_RANDOM_RARE_CARD","is_prod":false,"is_daily":false,"chose_seed":false,"campfire_upgraded":5,"win_rate":0,"timestamp":1551295650,"path_taken":["M","$","?","M","?","R","?","R","T","E","R","M","E","M","R","BOSS","M","M","?","$","?","R","E"],"build_version":"2019-01-23","purchased_purges":2,"victory":false,"max_hp_per_floor":[80,80,80,80,80,80,80,80,80,80,80,80,80,80,80,80,80,80,80,80,80,80,80,80],"card_choices":[{"not_picked":["Perfected Strike","Sword Boomerang"],"picked":"Uppercut","floor":1.0},{"not_picked":["Sever Soul","Rupture"],"picked":"Twin Strike","floor":4.0},{"not_picked":["Thunderclap","Rupture","Rampage"],"picked":"SKIP","floor":7.0},{"not_picked":["Pummel","Pommel Strike"],"picked":"Flame Barrier","floor":10.0},{"not_picked":["Pommel Strike","Havoc"],"picked":"Iron Wave","floor":12.0},{"not_picked":["Pommel Strike","Sever Soul"],"picked":"Inflame","floor":13.0},{"not_picked":["Perfected Strike","Second Wind","Clash"],"picked":"SKIP","floor":14.0},{"not_picked":["Brutality","Berserk"],"picked":"Barricade","floor":16.0},{"not_picked":["Reckless Charge","Feel No Pain+1"],"picked":"Heavy Blade+1","floor":18.0},{"not_picked":["Pummel","Entrench"],"picked":"Dual Wield","floor":19.0}],"player_experience":473486,"relics_obtained":[{"floor":9.0,"key":"Kunai"},{"floor":10.0,"key":"Tiny Chest"},{"floor":13.0,"key":"Mummified Hand"}],"event_choices":[{"damage_healed":0.0,"max_hp_gain":0.0,"max_hp_loss":0.0,"gold_gain":0.0,"event_name":"The Cleric","player_choice":"Leave","floor":3.0,"gold_loss":0.0,"damage_taken":0.0},{"damage_healed":0.0,"max_hp_gain":0.0,"max_hp_loss":0.0,"gold_gain":0.0,"event_name":"FaceTrader","player_choice":"Trade","floor":5.0,"gold_loss":0.0,"damage_taken":0.0,"relics_obtained":["SsserpentHead"]},{"damage_healed":0.0,"max_hp_gain":0.0,"max_hp_loss":0.0,"gold_gain":100.0,"event_name":"The Joust","player_choice":"Bet on Murderer","floor":20.0,"gold_loss":50.0,"damage_taken":0.0}],"is_beta":false,"boss_relics":[{"not_picked":["Pandora\u0027s Box","Runic Cube"],"picked":"Cursed Key"}],"items_purged_floors":[2,21],"is_endless":false,"potions_floor_spawned":[10,12,13,19],"killed_by":"Gremlin Leader","ascension_level":0}