{"path_per_floor":["M","?","M","?","M","R","E","R","T","?","T","$","E","M","R","B",null,"M","M","?","M","M","R","E","M","T","E","?","$","R","?","R","B",null,"M","?","?","M","M","E","R","M","T","M","R","M","M","M","R","B"],"character_chosen":"THE_SILENT","items_purchased":["Paper Crane","Snake Skull","Caltrops","Peace Pipe","Blind"],"gold_per_floor":[116,116,132,132,148,148,177,177,177,177,256,18,345,358,358,463,463,475,490,490,509,520,520,551,569,651,715,715,92,92,15,15,116,116,126,126,126,138,150,179,179,194,194,211,211,231,244,264,264,264],"floor_reached":51,"campfire_rested":1,"playtime":5522,"current_hp_per_floor":[62,55,55,55,55,55,37,37,37,23,23,23,1,1,22,8,70,70,70,70,70,70,70,70,70,70,70,70,70,70,70,70,54,70,65,56,80,77,67,45,45,45,45,39,39,39,37,27,27,4],"items_purged":[],"gold":264,"score":729,"play_id":"eec78b1c-bb04-419b-941c-71376ca4a6eb","local_time":"20180501161223","is_prod":false,"is_daily":false,"chose_seed":false,"is_ascension_mode":false,"campfire_upgraded":8,"timestamp":1525183943,"path_taken":["M","?","M","?","M","R","E","R","T","?","?","$","E","M","R","BOSS","M","?","?","M","M","R","E","M","T","E","?","?","R","?","R","BOSS","M","?","?","M","M","E","R","M","T","M","R","M","?","?","R","BOSS"],"build_version":"2018-04-28v2","seed_source_timestamp":743769563024892,"purchased_purges":1,"victory":true,"master_deck":["Defend_G","Defend_G+1","Defend_G","Defend_G","Strike_G+1","Survivor","Neutralize","Choke+1","Infinite Blades+1","Predator+1","Well Laid Plans+1","Leg Sweep+1","Bullet Time+1","Malaise+1","Deadly Poison+1","Crippling Poison+1","Setup+1","Terror","Blade Dance+1","Crippling Poison+1","Crippling Poison+1","Caltrops+1","Blind+1","J.A.X.","Madness","Madness","Backstab+1","PiercingWail+1","Noxious Fumes+1","Blur+1","Calculated Gamble+1","PiercingWail+1"],"max_hp_per_floor":[70,70,70,70,70,70,70,70,70,70,70,70,70,70,70,70,70,70,70,70,70,70,70,70,70,70,70,70,70,70,70,70,70,70,70,70,80,80,80,80,80,80,80,80,80,80,80,80,80,80],"relics":["Ring of the Snake","Dodecahedron","Blue Candle","Frozen Egg 2","Paper Crane","Old Coin","Astrolabe","Dream Catcher","Toolbox","Tiny Chest","Snake Skull","Peace Pipe","Sozu","Pen Nib","Orichalcum"],"card_choices":[{"not_picked":["Sucker Punch","Dagger Spray"],"picked":"Choke","floor":0},{"not_picked":["Skewer","Backflip"],"picked":"Infinite Blades","floor":3},{"not_picked":["Bane","Backflip"],"picked":"Predator","floor":5},{"not_picked":["Bane","Prepared"],"picked":"Well Laid Plans","floor":13},{"not_picked":["Dash","Choke"],"picked":"Leg Sweep","floor":14},{"not_picked":["Unload","Phantasmal Killer"],"picked":"Bullet Time","floor":16},{"not_picked":["Poisoned Stab","Dodge and Roll"],"picked":"Setup","floor":18},{"not_picked":["Acrobatics","Reflex"],"picked":"Terror","floor":19},{"not_picked":["Backstab","Underhanded Strike"],"picked":"Blade Dance","floor":22},{"not_picked":["Setup","Expertise"],"picked":"Crippling Poison","floor":24},{"not_picked":["Prepared","Poisoned Stab"],"picked":"Crippling Poison","floor":27},{"not_picked":["Phantasmal Killer","Burst"],"picked":"Doppelganger","floor":33},{"not_picked":["Flying Knee","Blade Dance"],"picked":"Backstab","floor":39},{"not_picked":["Slice","Dagger Spray"],"picked":"PiercingWail","floor":40},{"not_picked":["Bane","Infinite Blades"],"picked":"Noxious Fumes","floor":42},{"not_picked":["Setup","Infinite Blades"],"picked":"Blur","floor":44},{"not_picked":["Deadly Poison","PiercingWail"],"picked":"Calculated Gamble","floor":46},{"not_picked":["All Out Attack","Acrobatics"],"picked":"PiercingWail","floor":48}],"player_experience":222868,"potions_floor_usage":[7,16,24,24,25,39,50,50],"damage_taken":[{"damage":8,"enemies":"2 Louse","floor":1,"turns":4},{"damage":0,"enemies":"Small Slimes","floor":3,"turns":3},{"damage":0,"enemies":"Jaw Worm","floor":5,"turns":5},{"damage":18,"enemies":"Lagavulin","floor":7,"turns":6},{"damage":22,"enemies":"Gremlin Nob","floor":13,"turns":4},{"damage":0,"enemies":"Looter","floor":14,"turns":4},{"damage":14,"enemies":"The Guardian","floor":16,"turns":16},{"damage":0,"enemies":"3 Byrds","floor":18,"turns":4},{"damage":0,"enemies":"Chosen","floor":19,"turns":5},{"damage":0,"enemies":"Centurion and Healer","floor":21,"turns":5},{"damage":0,"enemies":"3 Cultists","floor":22,"turns":6},{"damage":4,"enemies":"Slavers","floor":24,"turns":6},{"damage":14,"enemies":"Slaver and Parasite","floor":25,"turns":8},{"damage":0,"enemies":"Gremlin Leader","floor":27,"turns":6},{"damage":16,"enemies":"Collector","floor":33,"turns":5},{"damage":5,"enemies":"Orb Walker","floor":35,"turns":5},{"damage":3,"enemies":"3 Darklings","floor":38,"turns":4},{"damage":10,"enemies":"Sphere and 2 Shapes","floor":39,"turns":4},{"damage":22,"enemies":"Giant Head","floor":40,"turns":9},{"damage":0,"enemies":"4 Shapes","floor":42,"turns":4},{"damage":6,"enemies":"Maw","floor":44,"turns":6},{"damage":0,"enemies":"Sphere and 2 Shapes","floor":46,"turns":5},{"damage":2,"enemies":"3 Darklings","floor":47,"turns":4},{"damage":10,"enemies":"Maw","floor":48,"turns":7},{"damage":23,"enemies":"Donu and Deca","floor":50,"turns":9}],"event_choices":[{"event_name":"Golden Wing","player_choice":"Card Removal","floor":2,"damage_taken":0},{"event_name":"The Woman in Blue","player_choice":"Bought 0 Potions","floor":4,"damage_taken":0},{"event_name":"Shining Light","player_choice":"Entered Light","floor":10,"damage_taken":0},{"event_name":"Purifier","player_choice":"One Purge","floor":20,"damage_taken":0},{"event_name":"The Lab","player_choice":"Got Potions","floor":28,"damage_taken":0},{"event_name":"Drug Dealer","player_choice":"Got JAXXED","floor":31,"damage_taken":0},{"event_name":"Winding Halls","player_choice":"Embrace Madness","floor":36,"damage_taken":0},{"event_name":"Bonfire Elementals","player_choice":"RARE","floor":37,"damage_taken":0}],"boss_relics":[{"not_picked":["Velvet Choker","Runic Dome"],"picked":"Astrolabe"},{"not_picked":["Lizard Tail","White Beast Statue"],"picked":"Sozu"}],"potions_floor_spawned":[3,13,16,22,24,27,35,38,39,46],"seed_played":"6645870397997948292","ascension_level":0,"is_trial":false}