{"gold_per_floor":[115,115,125,137,149,149,162,190,260,280,280,355,355,35,35,166,166,154,177,192,213,213,213,232,232,259,259,298,319,52,75,75,199,199,214,239,88,213,237,237,237,255,281,31,51,51,51,69,69,69],"floor_reached":51,"playtime":2890,"items_purged":["Parasite","Strike_G"],"score":698,"play_id":"6f9f116d-ab75-4c73-a3b2-97b94e55ac81","local_time":"20190204231143","is_ascension_mode":false,"campfire_choices":[{"data":"Flechettes","floor":6.0,"key":"SMITH"},{"data":"Sucker Punch","floor":13.0,"key":"SMITH"},{"data":"Crippling Poison","floor":15.0,"key":"SMITH"},{"data":"Catalyst","floor":23.0,"key":"SMITH"},{"data":"Poisoned Stab","floor":25.0,"key":"SMITH"},{"data":"Noxious Fumes","floor":32.0,"key":"SMITH"},{"data":"Leg Sweep","floor":40,"key":"SMITH"},{"floor":47,"key":"REST"},{"data":"Bouncing Flask","floor":49,"key":"SMITH"}],"neow_cost":"CURSE","seed_source_timestamp":0,"circlet_count":0,"master_deck":["Defend_G","Defend_G","Defend_G","Defend_G","Defend_G","Strike_G","Strike_G","Strike_G","Strike_G","Survivor","Neutralize+1","Escape Plan","Flechettes+1","Cloak And Dagger","Well Laid Plans","Cloak And Dagger","Bullet Time","Sucker Punch+1","Crippling Poison+1","Catalyst+1","Poisoned Stab+1","Leg Sweep+1","Accuracy","Catalyst+1","Noxious Fumes+1","Bullet Time","Crippling Poison+1","Predator+1","Bouncing Flask+1"],"special_seed":0,"relics":["Ring of the Snake","Turnip","Art of War","Sundial","Golden Idol","ClockworkSouvenir","Snecko Eye","Blood Vial","Pocketwatch","DollysMirror","Lizard Tail","FossilizedHelix","Bag of Preparation","Paper Crane"],"potions_floor_usage":[39,50,50],"damage_taken":[{"damage":0.0,"enemies":"Cultist","floor":1.0,"turns":4.0},{"damage":0.0,"enemies":"2 Louse","floor":3.0,"turns":3.0},{"damage":0.0,"enemies":"Jaw Worm","floor":4.0,"turns":3.0},{"damage":3.0,"enemies":"Red Slaver","floor":5.0,"turns":5.0},{"damage":12.0,"enemies":"Exordium Thugs","floor":7.0,"turns":6.0},{"damage":13.0,"enemies":"3 Sentries","floor":8.0,"turns":14.0},{"damage":2.0,"enemies":"3 Louse","floor":10.0,"turns":3.0},{"damage":32.0,"enemies":"Hexaghost","floor":16.0,"turns":13.0},{"damage":9.0,"enemies":"2 Thieves","floor":18.0,"turns":4.0},{"damage":0.0,"enemies":"Shell Parasite","floor":19.0,"turns":5.0},{"damage":25.0,"enemies":"Snake Plant","floor":20.0,"turns":4.0},{"damage":14.0,"enemies":"Shelled Parasite and Fungi","floor":21.0,"turns":5.0},{"damage":1.0,"enemies":"Centurion and Healer","floor":24.0,"turns":7.0},{"damage":1.0,"enemies":"Book of Stabbing","floor":28.0,"turns":3.0},{"damage":0.0,"enemies":"Cultist and Chosen","floor":29.0,"turns":6.0},{"damage":0.0,"enemies":"Snecko","floor":31.0,"turns":2.0},{"damage":12.0,"enemies":"Collector","floor":33.0,"turns":6.0},{"damage":13.0,"enemies":"Orb Walker","floor":35.0,"turns":3.0},{"damage":9.0,"enemies":"3 Shapes","floor":36.0,"turns":5.0},{"damage":0,"enemies":"Mind Bloom Boss Battle","floor":38,"turns":3},{"damage":15,"enemies":"Jaw Worm Horde","floor":39,"turns":4},{"damage":0,"enemies":"Writhing Mass","floor":42,"turns":4},{"damage":0,"enemies":"Sphere and 2 Shapes","floor":45,"turns":4},{"damage":0,"enemies":"Maw","floor":48,"turns":4},{"damage":61,"enemies":"Awakened One","floor":50,"turns":13}],"seed_played":"-8716280100946497345","potions_obtained":[{"floor":1.0,"key":"Block Potion"},{"floor":3.0,"key":"EssenceOfSteel"},{"floor":4.0,"key":"FairyPotion"},{"floor":16.0,"key":"Strength Potion"},{"floor":20.0,"key":"SkillPotion"},{"floor":21.0,"key":"EssenceOfSteel"},{"floor":29.0,"key":"Energy Potion"},{"floor":36.0,"key":"SneckoOil"},{"floor":42,"key":"PowerPotion"}],"is_trial":false,"path_per_floor":["M","?","M","M","M","R","M","E","T","M","?","?","R","$","R","B",null,"M","M","M","M","?","R","M","R","T","?","E","M","$","M","R","B",null,"M","M","$","?","M","R","?","M","T","$","M","?","R","M","R","B",null],"character_chosen":"THE_SILENT","items_purchased":["ClockworkSouvenir","Crippling Poison","Catalyst","DollysMirror","Poison Potion","Paper Crane"],"campfire_rested":1,"item_purchase_floors":[14,14,14,30,37,44],"current_hp_per_floor":[70,70,70,70,67,67,55,42,42,40,40,34,34,34,34,2,65,56,56,31,17,75,75,74,74,74,74,74,75,72,72,72,60,72,59,52,52,54,41,41,41,43,43,43,45,45,66,68,68,9],"gold":69,"neow_bonus":"ONE_RARE_RELIC","is_prod":false,"is_daily":false,"chose_seed":false,"campfire_upgraded":8,"win_rate":0,"timestamp":1549339903,"path_taken":["M","?","M","M","?","R","M","E","T","M","?","?","R","$","R","BOSS","M","?","M","M","?","R","?","R","T","?","E","?","$","M","R","BOSS","M","M","$","?","M","R","?","M","T","$","M","?","R","M","R","BOSS"],"build_version":"2019-01-23","purchased_purges":2,"victory":true,"max_hp_per_floor":[70,70,70,70,70,70,70,70,70,70,65,65,65,65,65,65,65,65,65,65,65,75,75,75,75,75,75,75,75,72,72,72,72,72,72,72,72,72,72,72,72,72,72,72,72,72,72,72,72,72],"card_choices":[{"not_picked":["Outmaneuver","Eviscerate"],"picked":"Escape Plan","floor":1.0},{"not_picked":["Cloak And Dagger","Blur"],"picked":"Flechettes","floor":3.0},{"not_picked":["Riddle With Holes","Flechettes"],"picked":"Cloak And Dagger","floor":4.0},{"not_picked":["Masterful Stab","Dodge and Roll"],"picked":"Well Laid Plans","floor":5.0},{"not_picked":["Blade Dance","Infinite Blades"],"picked":"Cloak And Dagger","floor":7.0},{"not_picked":["Flying Knee","Underhanded Strike"],"picked":"Bullet Time","floor":8.0},{"not_picked":["Outmaneuver","Well Laid Plans"],"picked":"Sucker Punch","floor":10.0},{"not_picked":["Glass Knife","Unload"],"picked":"Malaise","floor":16.0},{"not_picked":["Dodge and Roll","PiercingWail+1","Finisher"],"picked":"SKIP","floor":18.0},{"not_picked":["Flying Knee","All Out Attack"],"picked":"Poisoned Stab","floor":19.0},{"not_picked":["Flechettes","Deflect+1"],"picked":"Leg Sweep","floor":20.0},{"not_picked":["Dagger Spray","Dagger Throw","Tactician"],"picked":"SKIP","floor":21.0},{"not_picked":["Skewer","Prepared","Flying Knee"],"picked":"SKIP","floor":24.0},{"not_picked":["Escape Plan","PiercingWail+1","Sucker Punch+1"],"picked":"SKIP","floor":28.0},{"not_picked":["PiercingWail","Dagger Spray"],"picked":"Accuracy","floor":29.0},{"not_picked":["PiercingWail","Deadly Poison"],"picked":"Noxious Fumes","floor":31.0},{"not_picked":["Venomology","Envenom"],"picked":"Bullet Time","floor":33.0},{"not_picked":["Dash","Tactician+1"],"picked":"Crippling Poison+1","floor":35.0},{"not_picked":["Flying Knee","Outmaneuver+1"],"picked":"Predator+1","floor":36.0},{"not_picked":["Dagger Spray+1","Backstab+1","Endless Agony+1"],"picked":"SKIP","floor":39},{"not_picked":["Poisoned Stab+1","Acrobatics"],"picked":"Bouncing Flask","floor":42},{"not_picked":["Flying Knee+1","Deflect","Dash+1"],"picked":"SKIP","floor":45},{"not_picked":["PiercingWail+1","Flying Knee","Blade Dance+1"],"picked":"SKIP","floor":48}],"player_experience":572864,"relics_obtained":[{"floor":8.0,"key":"Art of War"},{"floor":9.0,"key":"Sundial"},{"floor":26.0,"key":"Blood Vial"},{"floor":28.0,"key":"Pocketwatch"},{"floor":38,"key":"FossilizedHelix"},{"floor":43,"key":"Bag of Preparation"}],"event_choices":[{"damage_healed":0.0,"max_hp_gain":0.0,"max_hp_loss":0.0,"gold_gain":0.0,"event_name":"Accursed Blacksmith","player_choice":"Forge","floor":2.0,"gold_loss":0.0,"damage_taken":0.0,"cards_upgraded":["Neutralize"]},{"damage_healed":0.0,"max_hp_gain":0.0,"max_hp_loss":5.0,"gold_gain":0.0,"event_name":"Golden Idol","player_choice":"Lose Max HP","floor":11.0,"gold_loss":0.0,"damage_taken":0.0,"relics_obtained":["Golden Idol"]},{"damage_healed":0.0,"max_hp_gain":0.0,"max_hp_loss":0.0,"gold_gain":75.0,"event_name":"FaceTrader","player_choice":"Touch","floor":12.0,"gold_loss":0.0,"damage_taken":6.0},{"cards_removed":["Malaise"],"damage_healed":48.0,"max_hp_gain":10.0,"max_hp_loss":0.0,"gold_gain":0.0,"event_name":"Bonfire Elementals","player_choice":"Offered Rare","floor":22.0,"gold_loss":0.0,"damage_taken":0.0},{"damage_healed":0.0,"max_hp_gain":0.0,"max_hp_loss":0.0,"gold_gain":0.0,"event_name":"The Woman in Blue","player_choice":"Bought 0 Potions","floor":27.0,"gold_loss":0.0,"damage_taken":0.0},{"damage_healed":0,"gold_gain":0,"player_choice":"Fight","damage_taken":0,"max_hp_gain":0,"max_hp_loss":0,"event_name":"MindBloom","floor":38,"gold_loss":0},{"damage_healed":0,"gold_gain":0,"player_choice":"Ignored","damage_taken":0,"max_hp_gain":0,"max_hp_loss":0,"event_name":"Tomb of Lord Red Mask","floor":41,"gold_loss":0},{"damage_healed":0,"gold_gain":0,"player_choice":"Memory 1","damage_taken":0,"max_hp_gain":0,"max_hp_loss":0,"event_name":"SensoryStone","floor":46,"gold_loss":0}],"is_beta":true,"boss_relics":[{"not_picked":["Astrolabe","Philosopher\u0027s Stone"],"picked":"Snecko Eye"},{"not_picked":["Eternal Feather","Velvet Choker"],"picked":"Lizard Tail"}],"items_purged_floors":[30,37],"is_endless":false,"potions_floor_spawned":[1,3,4,7,16,20,21,29,31,36,42,45,48],"ascension_level":0}