{"path_per_floor":["M","?","$","?","M","$","?","R","T","M","R","M","R","M","R","B",null,"M","?","M","?","T","R","M","R","T","R","E","?","$","M","R","B",null,"M","?","?"],"character_chosen":"THE_SILENT","items_purchased":["Meat on the Bone"],"gold_per_floor":[112,112,37,37,47,47,107,107,107,126,126,138,138,158,158,262,262,245,160,171,351,374,374,385,385,385,385,413,413,73,83,83,184,184,203,203,203],"floor_reached":38,"campfire_rested":3,"playtime":2468,"current_hp_per_floor":[67,67,67,53,53,53,23,44,44,44,44,43,43,43,43,14,70,63,63,56,32,32,32,16,16,16,37,7,30,30,28,49,28,70,42,33,33],"items_purged":["Strike_G","Strike_G"],"gold":203,"score":330,"play_id":"748fc8c9-d646-4ba7-9fa1-0018c9fcf560","local_time":"20180305133138","is_prod":false,"is_daily":false,"is_ascension_mode":false,"campfire_upgraded":5,"timestamp":1520274698,"path_taken":["M","?","$","?","M","$","?","R","T","M","R","M","R","M","R","BOSS","M","?","M","?","?","R","M","R","T","R","E","?","$","M","R","BOSS","M","?","?","M"],"build_version":"2018-03-01-PROD1","purchased_purges":2,"victory":false,"master_deck":["Defend_G","Defend_G","Defend_G","Defend_G","Defend_G","Strike_G","Strike_G","Survivor+1","Neutralize+1","Terror+1","Bouncing Flask+1","Dash+1","Prepared","Concentrate+1","Burst","Underhanded Strike+1","Quick Slash+1","Bane+1","Bouncing Flask+1","Backflip+1","Noxious Fumes+1","Adrenaline","Madness","Madness"],"max_hp_per_floor":[70,70,70,70,70,70,70,70,70,70,70,70,70,70,70,70,70,70,70,70,70,70,70,70,70,70,70,70,70,70,70,70,70,70,70,70,70],"relics":["Ring of the Snake","Prayer Wheel","Ginger","Sozu","Molten Egg 2","Juzu Bracelet","Frozen Egg 2","Sundial","Meat on the Bone","Runic Pyramid"],"card_choices":[{"not_picked":["Deadly Poison","Sucker Punch"],"picked":"Terror"},{"not_picked":["Eviscerate","Prepared"],"picked":"Bouncing Flask"},{"not_picked":["Endless Agony","Caltrops"],"picked":"Dash"},{"not_picked":["Acrobatics","Flechettes"],"picked":"Prepared"},{"not_picked":["Quick Slash","Deflect"],"picked":"Concentrate"},{"not_picked":["Tactician","Storm of Steel"],"picked":"Burst"},{"not_picked":["Slice","PiercingWail"],"picked":"Underhanded Strike"},{"not_picked":["Sucker Punch","Blade Dance"],"picked":"Quick Slash"},{"not_picked":["Endless Agony","Die Die Die"],"picked":"Bane"},{"not_picked":["Dagger Spray","Deadly Poison"],"picked":"Bouncing Flask"},{"not_picked":["Well Laid Plans","Outmaneuver"],"picked":"Backflip"},{"not_picked":["Eviscerate","Acrobatics"],"picked":"Noxious Fumes"},{"not_picked":["Tactician","Bullet Time"],"picked":"Adrenaline"}],"player_experience":146633,"potions_floor_usage":[7,16,16,31],"damage_taken":[{"damage":3,"enemies":"2 Louse","floor":1,"turns":3},{"damage":0,"enemies":"Cultist","floor":5,"turns":3},{"damage":30,"enemies":"Gremlin Nob","floor":7,"turns":5},{"damage":0,"enemies":"Jaw Worm","floor":10,"turns":2},{"damage":1,"enemies":"Large Slime","floor":12,"turns":7},{"damage":0,"enemies":"Looter","floor":14,"turns":3},{"damage":44,"enemies":"Slime Boss","floor":16,"turns":17},{"damage":7,"enemies":"2 Thieves","floor":18,"turns":4},{"damage":7,"enemies":"3 Byrds","floor":20,"turns":8},{"damage":16,"enemies":"Centurion and Healer","floor":24,"turns":5},{"damage":30,"enemies":"Slavers","floor":28,"turns":5},{"damage":14,"enemies":"Slaver and Parasite","floor":31,"turns":6},{"damage":33,"enemies":"Collector","floor":33,"turns":7},{"damage":40,"enemies":"3 Darklings","floor":35,"turns":8},{"damage":34,"enemies":"3 Shapes","floor":38,"turns":5}],"event_choices":[{"event_name":"Living Wall","player_choice":"Forget","floor":2,"damage_taken":0},{"event_name":"Shining Light","player_choice":"Entered Light","floor":4,"damage_taken":0},{"event_name":"Dead Adventurer","player_choice":"Searched \u00272\u0027 times","floor":7,"damage_taken":0},{"event_name":"Addict","player_choice":"Obtained Relic","floor":19,"damage_taken":0},{"event_name":"Knowing Skull","player_choice":"GOLD GOLD ","floor":21,"damage_taken":0},{"event_name":"The Library","player_choice":"Heal","floor":29,"damage_taken":0},{"event_name":"Winding Halls","player_choice":"Embrace Madness","floor":36,"damage_taken":0},{"event_name":"Mysterious Sphere","player_choice":"Ignore","floor":37,"damage_taken":0}],"boss_relics":[{"not_picked":["Astrolabe","Philosopher\u0027s Stone"],"picked":"Sozu"},{"not_picked":["Question Card","Runic Dome"],"picked":"Runic Pyramid"}],"potions_floor_spawned":[1,7,12,16,24,31],"seed_played":"-4547313299969032940","killed_by":"3 Shapes","ascension_level":0,"is_trial":false}