{"gold_per_floor":[112,126,126,51,51,81,81,101,169,169,169,209,209,223,223,351,351,374,395,105,105],"floor_reached":21,"playtime":1844,"items_purged":["Strike_G","Strike_G"],"score":243,"play_id":"66beae00-1b49-48c5-a6f5-864e492ab105","local_time":"20181222113842","is_ascension_mode":true,"campfire_choices":[{"floor":7,"key":"REST"},{"data":"Neutralize","floor":11,"key":"SMITH"},{"floor":15,"key":"REST"}],"neow_cost":"NONE","seed_source_timestamp":211288676431500,"circlet_count":0,"master_deck":["Defend_G","Defend_G","Defend_G","Defend_G","Defend_G","Strike_G","Strike_G+1","Strike_G","Survivor","Neutralize+1","Deadly Poison","Noxious Fumes+1","Poisoned Stab","Injury","Unload","Well Laid Plans","Burst","Slice","Infinite Blades+1","Deadly Poison"],"relics":["Ring of the Snake","Potion Belt","Gremlin Horn","Golden Idol","Blue Candle","Question Card","WristBlade","DollysMirror"],"potions_floor_usage":[6,12,18,21],"damage_taken":[{"damage":2,"enemies":"Small Slimes","floor":1,"turns":6},{"damage":0,"enemies":"Jaw Worm","floor":2,"turns":4},{"damage":25,"enemies":"Gremlin Nob","floor":6,"turns":5},{"damage":3,"enemies":"Cultist","floor":8,"turns":4},{"damage":7,"enemies":"3 Sentries","floor":12,"turns":6},{"damage":2,"enemies":"2 Fungi Beasts","floor":14,"turns":3},{"damage":38,"enemies":"Slime Boss","floor":16,"turns":9},{"damage":13,"enemies":"Chosen","floor":18,"turns":5},{"damage":38,"enemies":"Spheric Guardian","floor":19,"turns":6},{"damage":25,"enemies":"Shelled Parasite and Fungi","floor":21,"turns":3}],"seed_played":"3011057459370347190","potions_obtained":[{"floor":1,"key":"Fire Potion"},{"floor":5,"key":"FearPotion"},{"floor":5,"key":"LiquidBronze"},{"floor":12,"key":"GhostInAJar"},{"floor":16,"key":"Weak Potion"},{"floor":19,"key":"Ancient Potion"}],"is_trial":false,"path_per_floor":["M","M","?","$","?","E","R","M","T","?","R","E","T","M","R","B",null,"M","M","$","M"],"character_chosen":"THE_SILENT","items_purchased":["DollysMirror"],"campfire_rested":2,"item_purchase_floors":[20],"current_hp_per_floor":[68,68,53,53,53,28,51,48,48,48,48,41,41,39,62,24,64,51,13,13,0],"gold":105,"neow_bonus":"TEN_PERCENT_HP_BONUS","is_prod":false,"is_daily":false,"chose_seed":false,"campfire_upgraded":1,"win_rate":0,"timestamp":1545503922,"path_taken":["M","M","?","$","?","E","R","?","T","?","R","E","?","M","R","BOSS","M","M","$","M"],"build_version":"2018-12-20","purchased_purges":2,"victory":false,"max_hp_per_floor":[77,77,77,77,77,77,77,77,77,77,77,77,77,77,77,77,77,77,77,77,77],"card_choices":[{"not_picked":["Expertise","Deflect"],"picked":"Deadly Poison","floor":1},{"not_picked":["Backstab","Sucker Punch"],"picked":"Noxious Fumes","floor":2},{"not_picked":["Dagger Spray","Prepared"],"picked":"Poisoned Stab","floor":6},{"not_picked":["Slice","Choke","Predator"],"picked":"SKIP","floor":8},{"not_picked":["Acrobatics","Quick Slash"],"picked":"Unload","floor":12},{"not_picked":["Escape Plan","Sucker Punch","PiercingWail"],"picked":"Well Laid Plans","floor":14},{"not_picked":["Grand Finale","Bullet Time","Doppelganger"],"picked":"Burst","floor":16},{"not_picked":["Caltrops","PiercingWail","Dagger Spray"],"picked":"Slice","floor":18},{"not_picked":["Acrobatics+1","Dagger Spray","Tactician+1"],"picked":"Infinite Blades+1","floor":19}],"player_experience":301311,"relics_obtained":[{"floor":6,"key":"Potion Belt"},{"floor":9,"key":"Gremlin Horn"},{"floor":12,"key":"Blue Candle"},{"floor":13,"key":"Question Card"}],"event_choices":[{"damage_healed":0,"gold_gain":0,"player_choice":"Entered Light","damage_taken":15,"max_hp_gain":0,"max_hp_loss":0,"event_name":"Shining Light","floor":3,"gold_loss":0,"cards_upgraded":["Strike_G","Noxious Fumes"]},{"damage_healed":0,"gold_gain":0,"player_choice":"Got Potions","damage_taken":0,"max_hp_gain":0,"max_hp_loss":0,"event_name":"Lab","floor":5,"gold_loss":0},{"damage_healed":0,"gold_gain":0,"player_choice":"Take Wound","damage_taken":0,"relics_obtained":["Golden Idol"],"max_hp_gain":0,"max_hp_loss":0,"event_name":"Golden Idol","floor":10,"gold_loss":0,"cards_obtained":["Injury"]}],"is_beta":false,"boss_relics":[{"not_picked":["Coffee Dripper","Snecko Eye"],"picked":"WristBlade"}],"items_purged_floors":[4,20],"is_endless":false,"potions_floor_spawned":[1,12,16,19],"killed_by":"Shelled Parasite and Fungi","ascension_level":6}