{"gold_per_floor":[115,130,148,159,177,210,210,239,239,239,213,248,264,291,291,390,390,405,405,418,436,450,482,500,557,557,571,571,586,308,318,318,318],"floor_reached":33,"playtime":2110,"items_purged":["Regret"],"score":455,"play_id":"28109460-25ad-4959-b174-99b51c861a05","local_time":"20190109055025","is_ascension_mode":true,"campfire_choices":[{"data":"Dualcast","floor":7,"key":"SMITH"},{"data":"Capacitor","floor":10,"key":"SMITH"},{"floor":15,"key":"REST"},{"floor":28,"key":"REST"},{"data":"Glacier","floor":32,"key":"SMITH"}],"neow_cost":"NONE","seed_source_timestamp":2185497288580,"circlet_count":0,"master_deck":["Strike_B","Strike_B","Strike_B","Strike_B","Defend_B","Defend_B","Defend_B","Defend_B","Zap","Dualcast+1","Barrage","Cold Snap","Glacier","Glacier+1","Capacitor+1","Loop","Compile Driver","Reboot","Barrage","Rebound+1","Redo","FTL","Echo Form","Capacitor+1"],"relics":["Cracked Core","Ginger","Darkstone Periapt","Incense Burner","Gambling Chip","Cursed Key","Nloth\u0027s Gift","Mummified Hand","Tiny Chest","Bottled Lightning","DollysMirror"],"potions_floor_usage":[8,8,14,14,16,24,25,25,33,33],"damage_taken":[{"damage":0,"enemies":"Cultist","floor":1,"turns":3},{"damage":2,"enemies":"Jaw Worm","floor":2,"turns":3},{"damage":2,"enemies":"2 Louse","floor":3,"turns":3},{"damage":16,"enemies":"Lots of Slimes","floor":4,"turns":7},{"damage":7,"enemies":"Large Slime","floor":5,"turns":6},{"damage":15,"enemies":"3 Sentries","floor":6,"turns":12},{"damage":3,"enemies":"Gremlin Nob","floor":8,"turns":4},{"damage":15,"enemies":"Exordium Thugs","floor":11,"turns":7},{"damage":0,"enemies":"Lagavulin","floor":12,"turns":9},{"damage":0,"enemies":"Red Slaver","floor":13,"turns":3},{"damage":14,"enemies":"Gremlin Nob","floor":14,"turns":6},{"damage":13,"enemies":"The Guardian","floor":16,"turns":14},{"damage":0,"enemies":"Chosen","floor":18,"turns":6},{"damage":0,"enemies":"Spheric Guardian","floor":20,"turns":4},{"damage":1,"enemies":"Chosen and Byrds","floor":21,"turns":7},{"damage":0,"enemies":"Cultist and Chosen","floor":22,"turns":5},{"damage":32,"enemies":"Gremlin Leader","floor":23,"turns":6},{"damage":3,"enemies":"Snake Plant","floor":24,"turns":4},{"damage":12,"enemies":"Slavers","floor":25,"turns":6},{"damage":2,"enemies":"Chosen and Byrds","floor":27,"turns":6},{"damage":14,"enemies":"Cultist and Chosen","floor":29,"turns":7},{"damage":7,"enemies":"3 Cultists","floor":31,"turns":6},{"damage":27,"enemies":"Champ","floor":33,"turns":8}],"seed_played":"-8264587372512949159","potions_obtained":[{"floor":1,"key":"FocusPotion"},{"floor":3,"key":"SteroidPotion"},{"floor":4,"key":"Strength Potion"},{"floor":8,"key":"GamblersBrew"},{"floor":11,"key":"Swift Potion"},{"floor":13,"key":"Dexterity Potion"},{"floor":14,"key":"Energy Potion"},{"floor":21,"key":"Explosive Potion"},{"floor":23,"key":"Energy Potion"},{"floor":24,"key":"Weak Potion"},{"floor":27,"key":"Swift Potion"},{"floor":29,"key":"Dexterity Potion"}],"is_trial":false,"path_per_floor":["M","M","M","M","M","E","R","E","T","R","M","E","M","E","R","B",null,"M","?","M","M","M","E","M","E","T","M","R","M","$","M","R","B"],"character_chosen":"DEFECT","items_purchased":["DollysMirror"],"campfire_rested":2,"item_purchase_floors":[30],"current_hp_per_floor":[75,73,71,55,48,33,33,30,30,30,15,15,15,1,25,12,65,65,65,65,64,64,32,29,17,23,21,47,33,33,26,26,0],"gold":318,"neow_bonus":"TEN_PERCENT_HP_BONUS","is_prod":false,"is_daily":false,"chose_seed":false,"campfire_upgraded":3,"win_rate":0,"timestamp":1547009425,"path_taken":["M","M","M","M","M","E","R","E","T","R","M","E","M","E","R","BOSS","M","?","M","M","?","E","M","E","T","?","R","?","$","?","R","BOSS"],"build_version":"2019-01-03v4","purchased_purges":1,"victory":false,"max_hp_per_floor":[82,82,82,82,82,82,82,82,82,82,82,82,82,82,82,82,82,82,82,82,82,82,82,82,82,88,88,88,88,88,88,88,88],"card_choices":[{"not_picked":["Undo","Gash","Darkness"],"picked":"SKIP","floor":1},{"not_picked":["Redo","Gash"],"picked":"Barrage","floor":2},{"not_picked":["Gash","Auto Shields"],"picked":"Cold Snap","floor":3},{"not_picked":["Aggregate","Conserve Battery"],"picked":"Glacier","floor":4},{"not_picked":["Melter","Turbo"],"picked":"Glacier","floor":5},{"not_picked":["Ball Lightning","Recycle","Compile Driver"],"picked":"SKIP","floor":6},{"not_picked":["White Noise","Hello World"],"picked":"Capacitor","floor":8},{"not_picked":["Consume","Static Discharge","Cold Snap"],"picked":"SKIP","floor":11},{"not_picked":["Fusion","Double Energy"],"picked":"Loop","floor":12},{"not_picked":["Aggregate","Fusion","Storm"],"picked":"SKIP","floor":13},{"not_picked":["Rainbow","Sunder"],"picked":"Compile Driver","floor":14},{"not_picked":["Creative AI","Hyperbeam"],"picked":"Reboot","floor":16},{"not_picked":["Scrape","Turbo"],"picked":"Barrage","floor":18},{"not_picked":["Streamline","Auto Shields"],"picked":"Rebound+1","floor":20},{"not_picked":["Beam Cell","Genetic Algorithm"],"picked":"Redo","floor":21},{"not_picked":["Chaos+1","Stack","Gash"],"picked":"SKIP","floor":22},{"not_picked":["Coolheaded","Redo"],"picked":"FTL","floor":23},{"not_picked":["Chaos","Sunder"],"picked":"Echo Form","floor":24},{"not_picked":["Biased Cognition","Creative AI","Ball Lightning+1"],"picked":"SKIP","floor":25},{"not_picked":["Steam","Rip and Tear","Leap"],"picked":"SKIP","floor":27},{"not_picked":["Rebound","Auto Shields","Ball Lightning+1"],"picked":"SKIP","floor":29},{"not_picked":["Conserve Battery","Turbo","Sweeping Beam+1"],"picked":"SKIP","floor":31}],"player_experience":651448,"relics_obtained":[{"floor":6,"key":"Ginger"},{"floor":8,"key":"Darkstone Periapt"},{"floor":9,"key":"Incense Burner"},{"floor":12,"key":"Gambling Chip"},{"floor":14,"key":"Peace Pipe"},{"floor":23,"key":"Mummified Hand"},{"floor":25,"key":"Tiny Chest"},{"floor":26,"key":"Bottled Lightning"}],"event_choices":[{"damage_healed":0,"gold_gain":0,"player_choice":"Traded Relic","damage_taken":0,"relics_obtained":["Nloth\u0027s Gift"],"max_hp_gain":0,"max_hp_loss":0,"event_name":"N\u0027loth","floor":19,"relics_lost":["Peace Pipe"],"gold_loss":0}],"is_beta":false,"boss_relics":[{"not_picked":["Eternal Feather","Busted Crown"],"picked":"Cursed Key"}],"items_purged_floors":[30],"is_endless":false,"potions_floor_spawned":[1,3,4,8,11,13,14,21,23,24,27,29],"killed_by":"Champ","ascension_level":6}