{"path_per_floor":["M","?","?","M","?","E","M","E","T","M","R","M","M","?","R","B",null,"M","M","M","?","M","R","M","?","T","M","R","?","$","?","R"],"character_chosen":"DEFECT","items_purchased":["Question Card","Static Discharge+1","FTL"],"gold_per_floor":[115,115,190,203,203,235,248,274,274,285,285,300,314,314,314,416,416,430,442,452,452,470,470,489,489,489,504,504,504,113,113,113,113],"floor_reached":33,"campfire_rested":4,"playtime":1225,"item_purchase_floors":[30,30,30],"current_hp_per_floor":[75,68,57,57,57,31,32,18,18,17,39,37,17,17,39,2,75,36,26,15,15,17,39,12,12,12,16,38,38,38,38,38,0],"items_purged":[],"gold":113,"score":285,"play_id":"7e2f5e91-d5aa-471f-a492-083998d6ab3b","local_time":"20180621232957","is_prod":false,"is_daily":false,"chose_seed":false,"is_ascension_mode":true,"campfire_upgraded":1,"win_rate":0,"timestamp":1529616597,"campfire_choices":[{"floor":11,"key":"REST"},{"floor":15,"key":"REST"},{"floor":23,"key":"REST"},{"floor":28,"key":"REST"},{"data":"Auto Shields","floor":32,"key":"SMITH"}],"path_taken":["M","?","?","M","?","E","M","E","T","M","R","M","M","?","R","BOSS","M","M","M","?","M","R","M","?","T","M","R","?","$","?","R","BOSS"],"build_version":"2018-06-14v2","seed_source_timestamp":34932303578961,"purchased_purges":0,"victory":false,"master_deck":["Defend_B","Defend_B","Zap","Dualcast","Streamline+1","Capacitor","Defragment+1","Electrodynamics+1","Fission+1","Leap+1","Reprogram","Auto Shields","Reinforced Body","Heatsinks+1","Static Discharge+1","FTL","Auto Shields+1"],"max_hp_per_floor":[75,75,75,75,75,75,75,75,75,75,75,75,75,75,75,75,75,75,75,75,75,75,75,75,75,75,75,75,75,75,75,75,75],"relics":["Cracked Core","Blood Vial","Thread and Needle","Frozen Egg 2","Astrolabe","Bird Faced Urn","Question Card"],"card_choices":[{"not_picked":["Genetic Algorithm","Blizzard","Steam"],"picked":"SKIP","floor":1},{"not_picked":["Fusion","Chaos"],"picked":"Streamline","floor":4},{"not_picked":["Rip and Tear","Skim"],"picked":"Capacitor","floor":6},{"not_picked":["Steam","Streamline","Doom and Gloom"],"picked":"SKIP","floor":7},{"not_picked":["Rip and Tear","Stack","Rebound"],"picked":"SKIP","floor":8},{"not_picked":["Coolheaded","Hologram","Conserve Battery"],"picked":"SKIP","floor":10},{"not_picked":["Aggregate","Streamline"],"picked":"Defragment+1","floor":12},{"not_picked":["Redo","Streamline","Skim"],"picked":"SKIP","floor":13},{"not_picked":["All For One","Biased Cognition+1"],"picked":"Electrodynamics+1","floor":16},{"not_picked":["Coolheaded","Redo"],"picked":"Reprogram","floor":18},{"not_picked":["Capacitor+1","Redo"],"picked":"Auto Shields","floor":19},{"not_picked":["Fusion+1","Coolheaded","Reprogram"],"picked":"SKIP","floor":20},{"not_picked":["Genetic Algorithm+1","Gash","Hologram"],"picked":"SKIP","floor":22},{"not_picked":["Doom and Gloom","Hologram"],"picked":"Reinforced Body","floor":24},{"not_picked":["Barrage","Hello World+1","Ball Lightning+1"],"picked":"SKIP","floor":27}],"player_experience":378023,"potions_floor_usage":[16,16,16,18,19,27,33],"damage_taken":[{"damage":0,"enemies":"2 Louse","floor":1,"turns":3},{"damage":0,"enemies":"Small Slimes","floor":4,"turns":3},{"damage":26,"enemies":"3 Sentries","floor":6,"turns":8},{"damage":1,"enemies":"Cultist","floor":7,"turns":3},{"damage":16,"enemies":"Lagavulin","floor":8,"turns":6},{"damage":3,"enemies":"Blue Slaver","floor":10,"turns":4},{"damage":4,"enemies":"3 Louse","floor":12,"turns":3},{"damage":22,"enemies":"Lots of Slimes","floor":13,"turns":5},{"damage":39,"enemies":"Hexaghost","floor":16,"turns":8},{"damage":39,"enemies":"Chosen","floor":18,"turns":6},{"damage":12,"enemies":"2 Thieves","floor":19,"turns":4},{"damage":13,"enemies":"Snecko","floor":20,"turns":6},{"damage":0,"enemies":"Centurion and Healer","floor":22,"turns":6},{"damage":29,"enemies":"Snake Plant","floor":24,"turns":5},{"damage":0,"enemies":"Snecko","floor":27,"turns":4},{"damage":56,"enemies":"Collector","floor":33,"turns":7}],"relics_obtained":[{"floor":6,"key":"Blood Vial"},{"floor":8,"key":"Thread and Needle"},{"floor":9,"key":"Frozen Egg 2"},{"floor":26,"key":"Bird Faced Urn"}],"event_choices":[{"event_name":"Golden Wing","player_choice":"Card Removal","floor":2,"damage_taken":0},{"event_name":"World of Goop","player_choice":"Gather Gold","floor":3,"damage_taken":0},{"event_name":"Living Wall","player_choice":"Grow","floor":5,"damage_taken":0},{"event_name":"Bonfire Elementals","player_choice":"BASIC","floor":14,"damage_taken":0},{"event_name":"Purifier","player_choice":"One Purge","floor":21,"damage_taken":0},{"event_name":"Drug Dealer","player_choice":"Ignored","floor":25,"damage_taken":0},{"event_name":"The Library","player_choice":"Read","floor":29,"damage_taken":0},{"event_name":"Transmorgrifier","player_choice":"Transform","floor":31,"damage_taken":0}],"boss_relics":[{"not_picked":["Coffee Dripper","Ectoplasm"],"picked":"Astrolabe"}],"items_purged_floors":[],"is_endless":false,"potions_floor_spawned":[1,6,8,16,18,19,22,27],"seed_played":"8663328854194100144","killed_by":"Collector","ascension_level":2,"potions_obtained":[{"floor":1,"key":"GamblersBrew"},{"floor":6,"key":"FocusPotion"},{"floor":8,"key":"Swift Potion"},{"floor":16,"key":"Energy Potion"},{"floor":18,"key":"Swift Potion"},{"floor":19,"key":"Fire Potion"},{"floor":22,"key":"SpeedPotion"},{"floor":27,"key":"Explosive Potion"}],"is_trial":false}