{"gold_per_floor":[117,127,202,202,220,220,230,230,230,230,242,161,161,194,194,289,289,308,326,326,354,211,211,65,83,154,154,174,185,185,213,213,310,310,327,41,41,58,76,76,176,188,188,201,218,234,265,265,265,265],"floor_reached":51,"playtime":2163,"items_purged":["Strike_R"],"score":749,"play_id":"33db5cd8-6176-4c24-b326-fa4e34e9c1c6","local_time":"20190226121847","is_ascension_mode":false,"campfire_choices":[{"data":"Wild Strike","floor":6,"key":"SMITH"},{"data":"Defend_R","floor":8,"key":"SMITH"},{"data":"Spot Weakness","floor":10,"key":"SMITH"},{"data":"Dropkick","floor":15,"key":"SMITH"},{"floor":23,"key":"REST"},{"floor":27,"key":"REST"},{"floor":30,"key":"RECALL"},{"floor":32,"key":"REST"},{"floor":40,"key":"REST"},{"floor":49,"key":"REST"}],"neow_cost":"NONE","seed_source_timestamp":5672169572935,"circlet_count":0,"master_deck":["Strike_R","Strike_R","Strike_R","Strike_R+1","Defend_R","Defend_R","Defend_R","Defend_R+1","Bash+1","Spot Weakness+1","Wild Strike+1","Iron Wave","Inflame+1","Wild Strike","Dropkick+1","Reaper","Cleave+1","J.A.X.","Infernal Blade","Pummel","True Grit","Twin Strike","Battle Trance","Heavy Blade+1","Limit Break","Perfected Strike+1","J.A.X.","Reaper","Armaments+1","Double Tap","Flex","Feel No Pain+1","Violence"],"relics":["Burning Blood","Incense Burner","Singing Bowl","Fusion Hammer","Red Mask","Ancient Tea Set","Self Forming Clay","Omamori","Cursed Key","Brimstone","Champion Belt","Pear","Orichalcum"],"potions_floor_usage":[11,14,16,28,33,41,46,47,50,50,50],"damage_taken":[{"damage":9,"enemies":"Jaw Worm","floor":1,"turns":4},{"damage":2,"enemies":"Small Slimes","floor":2,"turns":4},{"damage":0,"enemies":"2 Louse","floor":5,"turns":2},{"damage":6,"enemies":"2 Fungi Beasts","floor":7,"turns":2},{"damage":0,"enemies":"Large Slime","floor":11,"turns":3},{"damage":13,"enemies":"Gremlin Nob","floor":14,"turns":3},{"damage":40,"enemies":"Slime Boss","floor":16,"turns":10},{"damage":15,"enemies":"3 Byrds","floor":18,"turns":6},{"damage":5,"enemies":"Chosen","floor":19,"turns":4},{"damage":34,"enemies":"Masked Bandits","floor":21,"turns":4},{"damage":29,"enemies":"Snake Plant","floor":25,"turns":3},{"damage":13,"enemies":"Centurion and Healer","floor":28,"turns":5},{"damage":3,"enemies":"Cultist and Chosen","floor":29,"turns":3},{"damage":49,"enemies":"Gremlin Leader","floor":31,"turns":3},{"damage":93,"enemies":"Collector","floor":33,"turns":10},{"damage":3,"enemies":"Orb Walker","floor":35,"turns":2},{"damage":0,"enemies":"3 Shapes","floor":38,"turns":3},{"damage":26,"enemies":"Jaw Worm Horde","floor":39,"turns":3},{"damage":47,"enemies":"Mind Bloom Boss Battle","floor":41,"turns":3},{"damage":25,"enemies":"Spire Growth","floor":42,"turns":4},{"damage":10,"enemies":"3 Darklings","floor":44,"turns":3},{"damage":9,"enemies":"Sphere and 2 Shapes","floor":45,"turns":3},{"damage":16,"enemies":"Writhing Mass","floor":46,"turns":4},{"damage":15,"enemies":"Giant Head","floor":47,"turns":5},{"damage":133,"enemies":"Time Eater","floor":50,"turns":9}],"seed_played":"-508180982571730423","potions_obtained":[{"floor":2,"key":"Fire Potion"},{"floor":5,"key":"SkillPotion"},{"floor":14,"key":"Energy Potion"},{"floor":16,"key":"SpeedPotion"},{"floor":19,"key":"Regen Potion"},{"floor":33,"key":"Strength Potion"},{"floor":35,"key":"Dexterity Potion"},{"floor":39,"key":"Regen Potion"},{"floor":44,"key":"SteroidPotion"},{"floor":46,"key":"Strength Potion"},{"floor":47,"key":"LiquidBronze"}],"is_trial":false,"path_per_floor":["M","M","?","?","M","R","M","R","T","R","M","$","?","E","R","B",null,"M","M","?","?","$","R","$","M","T","R","M","M","R","E","R","B",null,"M","$","?","M","M","R","?","M","T","M","M","M","E","?","R","B",null],"character_chosen":"IRONCLAD","items_purchased":["Dropkick","Pummel","Ancient Tea Set","Brimstone","BloodPotion"],"campfire_rested":5,"item_purchase_floors":[12,22,24,36,36],"current_hp_per_floor":[77,80,69,69,75,75,75,75,75,75,80,80,64,59,59,25,82,73,84,84,56,56,81,81,60,60,84,84,84,84,44,69,9,84,84,84,84,84,70,84,86,69,79,94,91,92,100,100,100,48],"gold":265,"neow_bonus":"UPGRADE_CARD","is_prod":false,"is_daily":false,"chose_seed":false,"campfire_upgraded":4,"win_rate":0,"timestamp":1551205127,"path_taken":["M","M","?","?","M","R","M","R","T","R","M","$","?","E","R","BOSS","M","M","?","?","?","R","$","M","T","R","M","M","R","E","R","BOSS","M","$","?","M","?","R","?","M","T","M","M","M","E","?","R","BOSS"],"build_version":"2019-01-23","purchased_purges":1,"victory":true,"max_hp_per_floor":[80,80,80,80,80,80,80,80,80,80,80,80,80,82,82,82,82,82,84,84,84,84,84,84,84,84,84,84,84,84,84,84,84,84,84,84,84,84,84,84,86,88,98,98,98,98,100,100,100,100],"card_choices":[{"not_picked":["Warcry","Wild Strike"],"picked":"Spot Weakness","floor":1},{"not_picked":["Twin Strike","Anger"],"picked":"Wild Strike","floor":2},{"not_picked":["Havoc","Thunderclap"],"picked":"Iron Wave","floor":5},{"not_picked":["Metallicize","Sword Boomerang"],"picked":"Inflame","floor":7},{"not_picked":["Flex","Twin Strike"],"picked":"Wild Strike","floor":11},{"not_picked":["Reckless Charge","Combust","Anger"],"picked":"Singing Bowl","floor":14},{"not_picked":["Double Tap","Bludgeon"],"picked":"Reaper","floor":16},{"not_picked":["Twin Strike","Warcry"],"picked":"Cleave+1","floor":18},{"not_picked":["Clash+1","Body Slam","Flame Barrier"],"picked":"Singing Bowl","floor":19},{"not_picked":["Combust","Cleave"],"picked":"Infernal Blade","floor":21},{"not_picked":["Bludgeon","Second Wind+1"],"picked":"True Grit","floor":25},{"not_picked":["Headbutt+1","Uppercut"],"picked":"Twin Strike","floor":28},{"not_picked":["Twin Strike","Clash"],"picked":"Battle Trance","floor":29},{"not_picked":["Iron Wave","Pummel"],"picked":"Heavy Blade+1","floor":31},{"not_picked":["Offering","Juggernaut"],"picked":"Limit Break","floor":33},{"not_picked":["Cleave+1","Entrench+1"],"picked":"Perfected Strike+1","floor":35},{"not_picked":["Shrug It Off","True Grit"],"picked":"Reaper","floor":38},{"not_picked":["Wild Strike","Warcry+1"],"picked":"Armaments+1","floor":39},{"not_picked":["Wild Strike","Burning Pact+1","Flame Barrier+1"],"picked":"Singing Bowl","floor":41},{"not_picked":["Blood for Blood","Flame Barrier+1","Warcry+1"],"picked":"Singing Bowl","floor":42},{"not_picked":["True Grit","Reckless Charge+1"],"picked":"Double Tap","floor":44},{"not_picked":["Clash","Warcry"],"picked":"Flex","floor":45},{"not_picked":["Clash","Cleave+1"],"picked":"Feel No Pain+1","floor":46},{"not_picked":["Wild Strike","Shrug It Off","Intimidate+1"],"picked":"Singing Bowl","floor":47},{"not_picked":["Dramatic Entrance","Discovery"],"picked":"Violence","floor":48}],"player_experience":424098,"relics_obtained":[{"floor":9,"key":"Incense Burner"},{"floor":14,"key":"Singing Bowl"},{"floor":21,"key":"Red Mask"},{"floor":26,"key":"Self Forming Clay"},{"floor":31,"key":"Omamori"},{"floor":41,"key":"Champion Belt"},{"floor":43,"key":"Pear"},{"floor":47,"key":"Orichalcum"}],"event_choices":[{"damage_healed":0,"gold_gain":75,"player_choice":"Gather Gold","damage_taken":11,"max_hp_gain":0,"max_hp_loss":0,"event_name":"World of Goop","floor":3,"gold_loss":0},{"damage_healed":0,"gold_gain":0,"player_choice":"Ignored","damage_taken":0,"max_hp_gain":0,"max_hp_loss":0,"event_name":"Liars Game","floor":4,"gold_loss":0},{"damage_healed":0,"gold_gain":0,"player_choice":"Entered Light","damage_taken":16,"max_hp_gain":0,"max_hp_loss":0,"event_name":"Shining Light","floor":13,"gold_loss":0,"cards_upgraded":["Strike_R","Inflame"]},{"damage_healed":0,"gold_gain":0,"player_choice":"Obtain J.A.X.","damage_taken":0,"max_hp_gain":0,"max_hp_loss":0,"event_name":"Drug Dealer","floor":20,"gold_loss":0,"cards_obtained":["J.A.X."]},{"damage_healed":0,"gold_gain":0,"player_choice":"Fought Bandits","damage_taken":0,"max_hp_gain":0,"max_hp_loss":0,"event_name":"Masked Bandits","floor":21,"gold_loss":0},{"damage_healed":0,"gold_gain":0,"player_choice":"Copied","damage_taken":0,"max_hp_gain":0,"max_hp_loss":0,"event_name":"Duplicator","floor":37,"gold_loss":0,"cards_obtained":["J.A.X."]},{"damage_healed":0,"gold_gain":0,"player_choice":"Fight","damage_taken":0,"max_hp_gain":0,"max_hp_loss":0,"event_name":"MindBloom","floor":41,"gold_loss":0},{"damage_healed":0,"gold_gain":0,"player_choice":"Memory 1","damage_taken":0,"max_hp_gain":0,"max_hp_loss":0,"event_name":"SensoryStone","floor":48,"gold_loss":0}],"is_beta":false,"boss_relics":[{"not_picked":["White Beast Statue","Snecko Eye"],"picked":"Fusion Hammer"},{"not_picked":["Busted Crown","Runic Cube"],"picked":"Cursed Key"}],"items_purged_floors":[22],"is_endless":false,"potions_floor_spawned":[2,5,14,16,19,33,35,39,44,46,47],"ascension_level":0}