{"gold_per_floor":[114,134,149,149,163,198,71,171,242,276,276,288,217,235,235,337,337,357,372,392,292,292,292,292,292,292,307,182,199,215,225,225,225],"floor_reached":33,"playtime":2318,"items_purged":["Strike_R","Strike_R","Strike_R"],"score":352,"play_id":"05cde7b4-8a1b-44d9-8d96-96909e435d29","local_time":"20180929133113","is_ascension_mode":true,"campfire_choices":[{"data":"True Grit","floor":11,"key":"SMITH"},{"data":"Evolve","floor":15,"key":"SMITH"},{"floor":23,"key":"REST"},{"floor":25,"key":"REST"},{"data":"Whirlwind","floor":32,"key":"SMITH"}],"neow_cost":"NONE","seed_source_timestamp":481136348224090,"circlet_count":0,"master_deck":["Strike_R","Strike_R","Defend_R","Defend_R","Defend_R","Defend_R","Bash","Iron Wave","Shrug It Off","Evolve+1","Inflame","True Grit+1","Shrug It Off","Heavy Blade","Barricade","Body Slam","Cleave","Iron Wave","Whirlwind+1"],"relics":["Black Blood","Incense Burner","Mummified Hand","Vajra","Kunai","Thread and Needle"],"potions_floor_usage":[6,10,16,18,18,20,29,33,33],"damage_taken":[{"damage":7,"enemies":"Jaw Worm","floor":1,"turns":6},{"damage":0,"enemies":"Small Slimes","floor":2,"turns":5},{"damage":3,"enemies":"Cultist","floor":3,"turns":4},{"damage":14,"enemies":"Large Slime","floor":5,"turns":10},{"damage":38,"enemies":"Gremlin Nob","floor":6,"turns":6},{"damage":17,"enemies":"3 Sentries","floor":10,"turns":10},{"damage":9,"enemies":"Gremlin Gang","floor":12,"turns":6},{"damage":2,"enemies":"3 Louse","floor":14,"turns":6},{"damage":28,"enemies":"Slime Boss","floor":16,"turns":16},{"damage":29,"enemies":"Shell Parasite","floor":18,"turns":13},{"damage":26,"enemies":"Spheric Guardian","floor":19,"turns":12},{"damage":26,"enemies":"Shelled Parasite and Fungi","floor":20,"turns":16},{"damage":6,"enemies":"Snecko","floor":27,"turns":6},{"damage":40,"enemies":"3 Cultists","floor":29,"turns":7},{"damage":8,"enemies":"Cultist and Chosen","floor":30,"turns":6},{"damage":6,"enemies":"Snecko","floor":31,"turns":5},{"damage":37,"enemies":"Collector","floor":33,"turns":7}],"seed_played":"-8023397926442583642","potions_obtained":[{"floor":2,"key":"Block Potion"},{"floor":5,"key":"SpeedPotion"},{"floor":6,"key":"Regen Potion"},{"floor":16,"key":"EntropicBrew"},{"floor":19,"key":"Weak Potion"},{"floor":22,"key":"FearPotion"},{"floor":22,"key":"Strength Potion"},{"floor":29,"key":"Weak Potion"}],"is_trial":false,"path_per_floor":["M","M","M","?","M","E","$","?","T","E","R","M","?","M","R","B",null,"M","M","M","$","?","R","?","R","T","M","$","M","M","M","R"],"character_chosen":"IRONCLAD","items_purchased":["True Grit"],"campfire_rested":2,"item_purchase_floors":[7],"current_hp_per_floor":[71,77,80,85,77,45,45,45,45,49,49,46,46,50,50,28,71,52,36,20,20,20,45,29,56,56,60,60,30,32,36,36,0],"gold":225,"neow_bonus":"THREE_CARDS","is_prod":false,"is_daily":false,"chose_seed":false,"campfire_upgraded":3,"win_rate":0,"timestamp":1538220673,"path_taken":["M","M","M","?","M","E","$","?","T","E","R","M","?","M","R","BOSS","M","M","M","$","?","R","?","R","T","?","$","M","?","M","R","BOSS"],"build_version":"2018-09-27","purchased_purges":3,"victory":false,"max_hp_per_floor":[80,80,80,85,85,85,85,85,85,85,85,85,85,85,85,85,85,85,85,85,85,85,85,90,90,90,90,90,90,90,90,90,90],"card_choices":[{"not_picked":["Intimidate","Sever Soul"],"picked":"Iron Wave","floor":0},{"not_picked":["Perfected Strike","Feel No Pain","Thunderclap"],"picked":"SKIP","floor":1},{"not_picked":["Thunderclap","Fire Breathing"],"picked":"Shrug It Off","floor":2},{"not_picked":["Headbutt","Warcry"],"picked":"Evolve","floor":3},{"not_picked":["Pummel","Twin Strike","Sword Boomerang"],"picked":"SKIP","floor":5},{"not_picked":["Metallicize","Havoc"],"picked":"Inflame","floor":6},{"not_picked":["Warcry","Wild Strike"],"picked":"Shrug It Off","floor":10},{"not_picked":["Wild Strike","Warcry","Sword Boomerang"],"picked":"SKIP","floor":12},{"not_picked":["Twin Strike","Exhume"],"picked":"Heavy Blade","floor":14},{"not_picked":["Limit Break","Offering"],"picked":"Barricade","floor":16},{"not_picked":["Shrug It Off","Clothesline"],"picked":"Body Slam","floor":18},{"not_picked":["Combust+1","Flame Barrier","Headbutt"],"picked":"SKIP","floor":19},{"not_picked":["True Grit","Fire Breathing"],"picked":"Cleave","floor":20},{"not_picked":["True Grit","Dual Wield+1","Rampage"],"picked":"SKIP","floor":27},{"not_picked":["Anger","Fire Breathing"],"picked":"Iron Wave","floor":29},{"not_picked":["Armaments","Second Wind+1","True Grit+1"],"picked":"SKIP","floor":30},{"not_picked":["Wild Strike","Havoc"],"picked":"Whirlwind","floor":31}],"player_experience":521061,"relics_obtained":[{"floor":6,"key":"Incense Burner"},{"floor":9,"key":"Mummified Hand"},{"floor":10,"key":"Vajra"},{"floor":26,"key":"Thread and Needle"}],"event_choices":[{"event_name":"Big Fish","player_choice":"Donut","floor":4,"damage_taken":0},{"event_name":"Golden Shrine","player_choice":"Pray","floor":8,"damage_taken":0},{"event_name":"WeMeetAgain","player_choice":"Gold","floor":13,"damage_taken":0},{"event_name":"The Lab","player_choice":"Got Potions","floor":22,"damage_taken":0},{"event_name":"Forgotten Altar","player_choice":"Shed Blood","floor":24,"damage_taken":0}],"is_beta":false,"boss_relics":[{"not_picked":["Pandora\u0027s Box","Coffee Dripper"],"picked":"Black Blood"}],"items_purged_floors":[7,21,28],"is_endless":false,"potions_floor_spawned":[2,5,6,16,19,29],"killed_by":"Collector","ascension_level":7}