{"gold_per_floor":[112,123,48,48,62,62,101,101,151,222,222,322,322,22,22,147,147,162,162,162,183,131,165,179,193,247,247,260,260,291,291,291,291],"floor_reached":33,"playtime":1384,"items_purged":["Injury","Injury"],"score":291,"play_id":"b0cefdb9-4d33-437d-90c4-4e1c9e5291f1","local_time":"20190304211355","is_ascension_mode":false,"campfire_choices":[{"data":"Twin Strike","floor":6,"key":"SMITH"},{"floor":8,"key":"REST"},{"floor":13,"key":"REST"},{"data":"Armaments","floor":15,"key":"SMITH"},{"floor":27,"key":"REST"},{"floor":29,"key":"REST"},{"floor":32,"key":"REST"}],"neow_cost":"CURSE","seed_source_timestamp":40536087924034,"circlet_count":0,"master_deck":["Strike_R","Strike_R","Strike_R","Defend_R","Defend_R","Defend_R","Defend_R","Bash","Battle Trance","Twin Strike+1","Dropkick","Iron Wave","Armaments+1","Juggernaut","Cleave+1","Sword Boomerang+1","Inflame","Ghostly Armor"],"relics":["Burning Blood","Ginger","Golden Idol","Ancient Tea Set","Omamori","Tiny Chest","Sundial","Blood Vial","Empty Cage","Vajra","Bag of Marbles","Mummified Hand","MutagenicStrength"],"potions_floor_usage":[7,23,23,23,25,28,33],"damage_taken":[{"damage":10,"enemies":"Small Slimes","floor":1,"turns":4},{"damage":1,"enemies":"Cultist","floor":2,"turns":4},{"damage":8,"enemies":"Jaw Worm","floor":5,"turns":3},{"damage":31,"enemies":"3 Sentries","floor":7,"turns":9},{"damage":32,"enemies":"Gremlin Nob","floor":10,"turns":4},{"damage":62,"enemies":"Slime Boss","floor":16,"turns":13},{"damage":6,"enemies":"3 Byrds","floor":18,"turns":8},{"damage":20,"enemies":"2 Thieves","floor":21,"turns":4},{"damage":63,"enemies":"Slavers","floor":23,"turns":7},{"damage":19,"enemies":"Snake Plant","floor":24,"turns":4},{"damage":3,"enemies":"Cultist and Chosen","floor":25,"turns":6},{"damage":15,"enemies":"Centurion and Healer","floor":28,"turns":4},{"damage":40,"enemies":"Book of Stabbing","floor":30,"turns":5},{"damage":54,"enemies":"Champ","floor":33,"turns":6}],"seed_played":"5397284286540405517","potions_obtained":[{"floor":1,"key":"LiquidBronze"},{"floor":2,"key":"Dexterity Potion"},{"floor":21,"key":"BloodPotion"},{"floor":24,"key":"Fire Potion"},{"floor":25,"key":"AttackPotion"},{"floor":30,"key":"FearPotion"}],"is_trial":false,"path_per_floor":["M","M","$","?","M","R","E","R","T","E","?","?","R","$","R","B",null,"M","T","$","M","$","E","M","M","T","R","M","R","E","?","R","B"],"character_chosen":"IRONCLAD","items_purchased":["Blood Vial","Armaments","AttackPotion"],"campfire_rested":5,"item_purchase_floors":[14,14,22],"current_hp_per_floor":[76,80,80,80,78,78,53,77,77,51,44,44,68,68,68,14,80,80,80,80,66,66,19,8,13,13,37,30,54,22,22,46,0],"gold":291,"neow_bonus":"ONE_RARE_RELIC","is_prod":false,"is_daily":false,"chose_seed":false,"campfire_upgraded":2,"win_rate":0,"timestamp":1551755635,"path_taken":["M","M","$","?","M","R","E","R","T","E","?","?","R","$","R","BOSS","M","?","$","M","$","E","M","M","T","R","M","R","E","?","R","BOSS"],"build_version":"2019-01-23","purchased_purges":2,"victory":false,"max_hp_per_floor":[80,80,80,80,80,80,80,80,80,80,80,80,80,80,80,80,80,80,80,80,80,80,80,80,80,80,80,80,80,80,80,80,80],"card_choices":[{"not_picked":["Pommel Strike","Inflame"],"picked":"Battle Trance","floor":1},{"not_picked":["Searing Blow","Blood for Blood"],"picked":"Twin Strike","floor":2},{"not_picked":["Entrench","Wild Strike","Intimidate"],"picked":"SKIP","floor":5},{"not_picked":["Perfected Strike","Entrench"],"picked":"Dropkick","floor":7},{"not_picked":["Rampage","Bludgeon"],"picked":"Iron Wave","floor":10},{"not_picked":["Berserk","Offering"],"picked":"Juggernaut","floor":16},{"not_picked":["Fire Breathing","Body Slam"],"picked":"Cleave+1","floor":18},{"not_picked":["Fire Breathing","Armaments"],"picked":"Sword Boomerang+1","floor":21},{"not_picked":["Warcry","Double Tap"],"picked":"Inflame","floor":23},{"not_picked":["Headbutt+1","Dropkick"],"picked":"Ghostly Armor","floor":24},{"not_picked":["Sword Boomerang","Flex","Dropkick"],"picked":"SKIP","floor":25},{"not_picked":["Cleave","Anger","Perfected Strike"],"picked":"SKIP","floor":28},{"not_picked":["Pommel Strike","Clothesline","Flame Barrier"],"picked":"SKIP","floor":30}],"player_experience":534413,"relics_obtained":[{"floor":7,"key":"Ancient Tea Set"},{"floor":9,"key":"Omamori"},{"floor":10,"key":"Tiny Chest"},{"floor":23,"key":"Vajra"},{"floor":26,"key":"Bag of Marbles"},{"floor":30,"key":"Mummified Hand"}],"event_choices":[{"damage_healed":0,"gold_gain":0,"player_choice":"Take Wound","damage_taken":0,"relics_obtained":["Golden Idol"],"max_hp_gain":0,"max_hp_loss":0,"event_name":"Golden Idol","floor":4,"gold_loss":0,"cards_obtained":["Injury"]},{"damage_healed":0,"gold_gain":0,"player_choice":"Success","damage_taken":7,"relics_obtained":["Sundial"],"max_hp_gain":0,"max_hp_loss":0,"event_name":"Scrap Ooze","floor":11,"gold_loss":0},{"damage_healed":0,"gold_gain":100,"player_choice":"Gold","damage_taken":0,"max_hp_gain":0,"max_hp_loss":0,"event_name":"Wheel of Change","floor":12,"gold_loss":0},{"damage_healed":0,"gold_gain":0,"player_choice":"Inject Mutagens","damage_taken":0,"relics_obtained":["MutagenicStrength"],"max_hp_gain":0,"max_hp_loss":0,"event_name":"Drug Dealer","floor":31,"gold_loss":0}],"is_beta":false,"boss_relics":[{"not_picked":["Snecko Eye","Tiny House"],"picked":"Empty Cage"}],"items_purged_floors":[3,14],"is_endless":false,"potions_floor_spawned":[1,2,21,24,25,30],"killed_by":"Champ","ascension_level":0}