{"gold_per_floor":[110,60,80,95,114,114,131,150,174,209,223,252,252,271,271,368,368,385,400,400],"floor_reached":20,"playtime":768,"items_purged":[],"score":324,"play_id":"6a8cf54f-27e1-4cdd-975e-0bba38d74ab0","local_time":"20181116130214","is_ascension_mode":true,"campfire_choices":[{"data":"Bludgeon","floor":6,"key":"SMITH"},{"data":"Rampage","floor":13,"key":"SMITH"},{"data":"Twin Strike","floor":15,"key":"SMITH"}],"neow_cost":"NONE","seed_source_timestamp":66513396812381,"circlet_count":0,"master_deck":["Strike_R","Strike_R","Strike_R","Defend_R","Defend_R","Defend_R","Defend_R","Bash","Battle Trance","Bludgeon+1","Cleave","Rampage+1","Twin Strike+1","Disarm","Juggernaut"],"relics":["Black Blood","Boot","StoneCalendar","Orichalcum"],"potions_floor_usage":[10,18,19,20],"damage_taken":[{"damage":7,"enemies":"Small Slimes","floor":1,"turns":4},{"damage":2,"enemies":"2 Louse","floor":3,"turns":4},{"damage":4,"enemies":"Jaw Worm","floor":4,"turns":5},{"damage":6,"enemies":"Exordium Wildlife","floor":5,"turns":2},{"damage":2,"enemies":"2 Fungi Beasts","floor":7,"turns":4},{"damage":14,"enemies":"Exordium Thugs","floor":8,"turns":5},{"damage":4,"enemies":"Gremlin Nob","floor":10,"turns":3},{"damage":6,"enemies":"Looter","floor":11,"turns":2},{"damage":30,"enemies":"Lagavulin","floor":12,"turns":6},{"damage":11,"enemies":"Blue Slaver","floor":14,"turns":3},{"damage":0,"enemies":"Slime Boss","floor":16,"turns":7},{"damage":38,"enemies":"Shell Parasite","floor":18,"turns":6},{"damage":40,"enemies":"2 Thieves","floor":19,"turns":5},{"damage":17,"enemies":"Snecko","floor":20,"turns":3}],"seed_played":"-6414741401476283492","potions_obtained":[{"floor":4,"key":"Weak Potion"},{"floor":7,"key":"Block Potion"},{"floor":11,"key":"Poison Potion"},{"floor":18,"key":"Strength Potion"},{"floor":19,"key":"SkillPotion"}],"is_trial":false,"path_per_floor":["M","?","M","M","M","R","M","M","T","E","M","E","R","M","R","B",null,"M","M","M"],"character_chosen":"IRONCLAD","items_purchased":[],"campfire_rested":0,"item_purchase_floors":[],"current_hp_per_floor":[71,71,75,77,77,77,80,72,72,74,74,50,50,45,45,51,73,45,15,0],"gold":400,"neow_bonus":"REMOVE_CARD","is_prod":false,"is_daily":false,"chose_seed":false,"campfire_upgraded":3,"win_rate":0,"timestamp":1542369734,"path_taken":["M","?","M","M","M","R","M","M","T","E","M","E","R","M","R","BOSS","M","M","M"],"build_version":"2018-11-15","purchased_purges":0,"victory":false,"max_hp_per_floor":[80,80,80,80,80,80,80,80,80,80,80,80,80,80,80,80,80,80,80,80],"card_choices":[{"not_picked":["Twin Strike","Spot Weakness"],"picked":"Battle Trance","floor":1},{"not_picked":["Heavy Blade","Thunderclap","Anger"],"picked":"SKIP","floor":3},{"not_picked":["Power Through","Sword Boomerang"],"picked":"Bludgeon","floor":4},{"not_picked":["Uppercut","Body Slam"],"picked":"Cleave","floor":5},{"not_picked":["Thunderclap","Cleave","Immolate"],"picked":"SKIP","floor":7},{"not_picked":["Burning Pact","Perfected Strike","Thunderclap"],"picked":"SKIP","floor":8},{"not_picked":["Twin Strike","Iron Wave"],"picked":"Rampage","floor":10},{"not_picked":["Headbutt","Clash"],"picked":"Twin Strike","floor":11},{"not_picked":["Battle Trance","Havoc"],"picked":"Disarm","floor":12},{"not_picked":["Anger","Body Slam","Hemokinesis"],"picked":"SKIP","floor":14},{"not_picked":["Dark Embrace","Double Tap"],"picked":"Juggernaut","floor":16},{"not_picked":["Sentinel","Dual Wield+1","Bloodletting"],"picked":"SKIP","floor":18},{"not_picked":["Combust","Iron Wave","Wild Strike"],"picked":"SKIP","floor":19}],"player_experience":542843,"relics_obtained":[{"floor":9,"key":"Boot"},{"floor":10,"key":"StoneCalendar"},{"floor":12,"key":"Orichalcum"}],"event_choices":[{"cards_removed":["Strike_R"],"damage_healed":0,"gold_gain":0,"player_choice":"Card Removal","damage_taken":0,"max_hp_gain":0,"max_hp_loss":0,"event_name":"The Cleric","floor":2,"gold_loss":50}],"is_beta":false,"boss_relics":[{"not_picked":["Lizard Tail","Busted Crown"],"picked":"Black Blood"}],"items_purged_floors":[],"is_endless":false,"potions_floor_spawned":[4,7,11,18,19],"killed_by":"Snecko","ascension_level":7}