{"gold_per_floor":[109,123,123,138,157,157,175,175,198,208,225,244,244,254,254,356,356,371,1,13,25,41,53,53,70,139,139,139,139,151,162,162,263,263,282,282],"floor_reached":36,"playtime":1567,"items_purged":["Strike_R"],"score":366,"play_id":"9acbb5c6-41c7-43da-b128-3a60d57a4641","local_time":"20190218233620","is_ascension_mode":false,"campfire_choices":[{"data":"Rampage","floor":6,"key":"SMITH"},{"data":"Pommel Strike","floor":8,"key":"SMITH"},{"data":"Entrench","floor":13,"key":"SMITH"},{"data":"Fire Breathing","floor":15,"key":"SMITH"},{"floor":24,"key":"REST"},{"floor":29,"key":"REST"},{"data":"Barricade","floor":32,"key":"SMITH"}],"neow_cost":"NONE","seed_source_timestamp":47285002509411,"circlet_count":0,"master_deck":["Strike_R+1","Strike_R+1","Strike_R+1","Strike_R+1","Defend_R+1","Defend_R+1","Defend_R+1","Defend_R+1","Bash","Inflame","Rampage+1","Iron Wave","Impervious","Pommel Strike+1","Cleave","Entrench+1","Fire Breathing+1","Barricade+1","Rampage","Twin Strike","Inflame+1","Seeing Red","Necronomicurse","Exhume"],"relics":["Black Blood","NeowsBlessing","Orichalcum","Bottled Tornado","Singing Bowl","Necronomicon","Philosopher\u0027s Stone"],"potions_floor_usage":[16,16,21,22,22,25],"damage_taken":[{"damage":0,"enemies":"Jaw Worm","floor":1,"turns":1},{"damage":0,"enemies":"Cultist","floor":2,"turns":1},{"damage":0,"enemies":"2 Louse","floor":4,"turns":2},{"damage":1,"enemies":"Large Slime","floor":5,"turns":7},{"damage":4,"enemies":"Blue Slaver","floor":7,"turns":4},{"damage":8,"enemies":"Exordium Wildlife","floor":10,"turns":4},{"damage":0,"enemies":"Lots of Slimes","floor":11,"turns":3},{"damage":9,"enemies":"Exordium Thugs","floor":12,"turns":5},{"damage":8,"enemies":"Looter","floor":14,"turns":3},{"damage":35,"enemies":"Slime Boss","floor":16,"turns":7},{"damage":19,"enemies":"3 Byrds","floor":18,"turns":5},{"damage":36,"enemies":"2 Thieves","floor":20,"turns":5},{"damage":7,"enemies":"Shelled Parasite and Fungi","floor":21,"turns":9},{"damage":19,"enemies":"Centurion and Healer","floor":22,"turns":5},{"damage":19,"enemies":"Snake Plant","floor":23,"turns":6},{"damage":24,"enemies":"Shelled Parasite and Fungi","floor":25,"turns":8},{"damage":10,"enemies":"Cultist and Chosen","floor":30,"turns":8},{"damage":0,"enemies":"Snecko","floor":31,"turns":5},{"damage":8,"enemies":"Champ","floor":33,"turns":13},{"damage":14,"enemies":"3 Shapes","floor":35,"turns":6},{"damage":101,"enemies":"2 Orb Walkers","floor":36,"turns":5}],"seed_played":"8821410018830684209","potions_obtained":[{"floor":7,"key":"Explosive Potion"},{"floor":10,"key":"Strength Potion"},{"floor":12,"key":"Swift Potion"},{"floor":14,"key":"Fruit Juice"},{"floor":20,"key":"Weak Potion"},{"floor":21,"key":"Regen Potion"},{"floor":23,"key":"Poison Potion"},{"floor":33,"key":"LiquidBronze"},{"floor":35,"key":"BloodPotion"}],"is_trial":false,"path_per_floor":["M","M","?","M","M","R","M","R","T","M","M","M","R","M","R","B",null,"M","$","M","M","M","M","R","M","T","?","?","R","M","M","R","B",null,"M","?"],"character_chosen":"IRONCLAD","items_purchased":["Bottled Tornado","Twin Strike"],"campfire_rested":2,"item_purchase_floors":[19,19],"current_hp_per_floor":[80,80,80,80,80,80,80,80,80,78,80,77,77,75,75,46,80,71,71,45,48,58,49,74,60,60,44,44,69,71,83,83,85,89,87,0],"gold":282,"neow_bonus":"THREE_ENEMY_KILL","is_prod":false,"is_daily":false,"chose_seed":false,"campfire_upgraded":5,"win_rate":0,"timestamp":1550554580,"path_taken":["M","M","?","M","M","R","M","R","T","M","?","M","R","M","R","BOSS","M","$","M","M","M","M","R","M","T","?","?","R","M","M","R","BOSS","M","?"],"build_version":"2019-01-23","purchased_purges":1,"victory":false,"max_hp_per_floor":[80,80,80,80,80,80,80,80,80,80,80,80,80,80,80,80,80,80,80,80,80,85,85,85,85,85,85,85,85,87,89,89,89,89,91,91],"card_choices":[{"not_picked":["Twin Strike","Flex"],"picked":"Inflame","floor":1},{"not_picked":["Clothesline","Perfected Strike"],"picked":"Rampage","floor":2},{"not_picked":["Warcry","Pommel Strike"],"picked":"Iron Wave","floor":4},{"not_picked":["Warcry","Burning Pact"],"picked":"Impervious","floor":5},{"not_picked":["Heavy Blade","Rage"],"picked":"Pommel Strike","floor":7},{"not_picked":["Clash","Clothesline"],"picked":"Cleave","floor":10},{"not_picked":["Headbutt","Perfected Strike","Entrench"],"picked":"SKIP","floor":11},{"not_picked":["Headbutt","Perfected Strike"],"picked":"Entrench","floor":11},{"not_picked":["Iron Wave","Armaments","Cleave"],"picked":"SKIP","floor":12},{"not_picked":["Second Wind","Dark Embrace"],"picked":"Fire Breathing","floor":14},{"not_picked":["Impervious","Feed"],"picked":"Barricade","floor":16},{"not_picked":["Shockwave+1","Thunderclap"],"picked":"Rampage","floor":18},{"not_picked":["Pommel Strike","Combust"],"picked":"Inflame+1","floor":20},{"not_picked":["Thunderclap","Warcry+1"],"picked":"Seeing Red","floor":21},{"not_picked":["Iron Wave+1","Thunderclap","Barricade"],"picked":"SKIP","floor":22},{"not_picked":["Shrug It Off","Perfected Strike","Burning Pact+1"],"picked":"SKIP","floor":23},{"not_picked":["Headbutt","Clothesline","Perfected Strike"],"picked":"SKIP","floor":25},{"not_picked":["Flex","Warcry","Blood for Blood"],"picked":"Singing Bowl","floor":30},{"not_picked":["Reaper","Dropkick","Cleave"],"picked":"Singing Bowl","floor":31},{"not_picked":["Demon Form","Fiend Fire"],"picked":"Exhume","floor":33},{"not_picked":["Heavy Blade+1","Blood for Blood+1","Anger+1"],"picked":"Singing Bowl","floor":35}],"player_experience":228180,"relics_obtained":[{"floor":9,"key":"Orichalcum"},{"floor":26,"key":"Singing Bowl"},{"floor":27,"key":"Necronomicon"}],"event_choices":[{"damage_healed":0,"gold_gain":0,"player_choice":"0 cards matched","damage_taken":0,"max_hp_gain":0,"max_hp_loss":0,"event_name":"Match and Keep!","floor":3,"gold_loss":0,"cards_obtained":[]},{"damage_healed":0,"gold_gain":0,"player_choice":"Obtained Book","damage_taken":16,"max_hp_gain":0,"max_hp_loss":0,"event_name":"Cursed Tome","floor":27,"gold_loss":0},{"damage_healed":0,"gold_gain":0,"player_choice":"Simplicity","damage_taken":0,"max_hp_gain":0,"max_hp_loss":0,"event_name":"Back to Basics","floor":28,"gold_loss":0,"cards_upgraded":["Strike_R","Strike_R","Strike_R","Strike_R","Defend_R","Defend_R","Defend_R","Defend_R"]},{"damage_healed":0,"gold_gain":0,"player_choice":"Fight","damage_taken":0,"max_hp_gain":0,"max_hp_loss":0,"event_name":"Mysterious Sphere","floor":36,"gold_loss":0}],"is_beta":false,"boss_relics":[{"not_picked":["Snecko Eye","Fusion Hammer"],"picked":"Black Blood"},{"not_picked":["Sozu","Pandora\u0027s Box"],"picked":"Philosopher\u0027s Stone"}],"items_purged_floors":[19],"is_endless":false,"potions_floor_spawned":[7,10,12,14,20,21,23,33,35],"killed_by":"2 Orb Walkers","ascension_level":0}