{"gold_per_floor":[110,124,143,158,168,182,196,227,227,256,256,285,304,322,322,322],"floor_reached":16,"playtime":654,"items_purged":[],"score":222,"play_id":"7b267fe4-59c4-499a-860e-9a5b45d30cfe","local_time":"20190115111545","is_ascension_mode":true,"campfire_choices":[{"floor":11,"key":"REST"},{"floor":15,"key":"REST"}],"neow_cost":"NONE","seed_source_timestamp":541613201633139,"circlet_count":0,"master_deck":["Strike_B","Strike_B","Strike_B","Strike_B","Defend_B","Defend_B","Defend_B","Defend_B","Zap","Dualcast","Cold Snap","Compile Driver","Barrage","FTL","Genetic Algorithm","Static Discharge","Sunder","Self Repair","Redo"],"relics":["Cracked Core","Gremlin Horn","Turnip","Potion Belt","Happy Flower"],"potions_floor_usage":[8,10,10,12,16],"damage_taken":[{"damage":7,"enemies":"Small Slimes","floor":1,"turns":3},{"damage":5,"enemies":"Jaw Worm","floor":2,"turns":4},{"damage":0,"enemies":"Cultist","floor":3,"turns":3},{"damage":13,"enemies":"3 Louse","floor":4,"turns":4},{"damage":13,"enemies":"Exordium Wildlife","floor":5,"turns":4},{"damage":0,"enemies":"Looter","floor":6,"turns":3},{"damage":13,"enemies":"Exordium Thugs","floor":7,"turns":4},{"damage":21,"enemies":"Lagavulin","floor":8,"turns":6},{"damage":0,"enemies":"Gremlin Nob","floor":10,"turns":2},{"damage":11,"enemies":"Lagavulin","floor":12,"turns":7},{"damage":8,"enemies":"Gremlin Gang","floor":13,"turns":3},{"damage":0,"enemies":"2 Fungi Beasts","floor":14,"turns":2},{"damage":32,"enemies":"The Guardian","floor":16,"turns":8}],"seed_played":"2294043085744337652","potions_obtained":[{"floor":3,"key":"AttackPotion"},{"floor":5,"key":"Poison Potion"},{"floor":7,"key":"Fire Potion"},{"floor":10,"key":"SpeedPotion"},{"floor":12,"key":"Energy Potion"}],"is_trial":false,"path_per_floor":["M","M","M","M","M","M","M","E","T","E","R","E","M","M","R","B"],"character_chosen":"DEFECT","items_purchased":[],"campfire_rested":2,"item_purchase_floors":[],"current_hp_per_floor":[68,63,63,50,37,37,24,3,3,3,27,16,8,8,32,0],"gold":322,"neow_bonus":"TEN_PERCENT_HP_BONUS","is_prod":false,"is_daily":false,"chose_seed":false,"campfire_upgraded":0,"win_rate":0,"timestamp":1547547345,"path_taken":["M","M","M","M","M","M","M","E","T","E","R","E","M","M","R","BOSS"],"build_version":"2019-01-10","purchased_purges":0,"victory":false,"max_hp_per_floor":[82,82,82,82,82,82,82,82,82,82,82,82,82,82,82,82],"card_choices":[{"not_picked":["Turbo","Reinforced Body"],"picked":"Cold Snap","floor":1},{"not_picked":["Consume","Leap"],"picked":"Compile Driver","floor":2},{"not_picked":["Loop","Steam"],"picked":"Barrage","floor":3},{"not_picked":["Barrage","Reinforced Body"],"picked":"FTL","floor":4},{"not_picked":["Go for the Eyes","Cold Snap"],"picked":"Genetic Algorithm","floor":5},{"not_picked":["Hologram","Go for the Eyes","Reprogram"],"picked":"SKIP","floor":6},{"not_picked":["All For One","Hologram","Turbo"],"picked":"SKIP","floor":7},{"not_picked":["Biased Cognition","Barrage","Chaos"],"picked":"SKIP","floor":8},{"not_picked":["Static Discharge","Thunder Strike","Stack"],"picked":"SKIP","floor":10},{"not_picked":["Thunder Strike","Stack"],"picked":"Static Discharge","floor":10},{"not_picked":["Reinforced Body","Reprogram"],"picked":"Sunder","floor":12},{"not_picked":["BootSequence","Blizzard"],"picked":"Self Repair","floor":13},{"not_picked":["Compile Driver","Leap"],"picked":"Redo","floor":14}],"player_experience":683200,"relics_obtained":[{"floor":8,"key":"Gremlin Horn"},{"floor":9,"key":"Turnip"},{"floor":10,"key":"Potion Belt"},{"floor":12,"key":"Happy Flower"}],"event_choices":[],"is_beta":false,"boss_relics":[],"items_purged_floors":[],"is_endless":false,"potions_floor_spawned":[3,5,7,10,12],"killed_by":"The Guardian","ascension_level":9}