{"path_per_floor":["M","?","M","?","M","E","R","E","T","E","?"],"character_chosen":"THE_SILENT","items_purchased":[],"gold_per_floor":[114,114,129,129,144,174,174,204,279,309,309],"floor_reached":12,"campfire_rested":0,"playtime":977,"current_hp_per_floor":[67,67,65,65,65,62,62,26,26,8,8],"items_purged":[],"gold":309,"score":96,"play_id":"8ac20be5-bf0d-4630-9c25-d0ffc7adc3a4","local_time":"20180303230528","daily_mods":[{"name":"All Star","description":"Start with 2 colorless cards.","modID":"Allstar","img":{"data":{"file":{"file":{"path":"images\\ui\\run_mods\\all_star.png"},"type":"Internal"},"width":64,"height":64,"format":"RGBA8888","useMipMaps":false,"isPrepared":false},"glTarget":3553,"glHandle":684,"minFilter":"Linear","magFilter":"Linear","uWrap":"ClampToEdge","vWrap":"ClampToEdge"},"positive":true},{"name":"Lethal Enemies","description":"All enemies start with +3 Strength.","modID":"Lethal Enemies","img":{"data":{"file":{"file":{"path":"images\\ui\\run_mods\\lethal_enemies.png"},"type":"Internal"},"width":64,"height":64,"format":"RGBA8888","useMipMaps":false,"isPrepared":false},"glTarget":3553,"glHandle":675,"minFilter":"Linear","magFilter":"Linear","uWrap":"ClampToEdge","vWrap":"ClampToEdge"},"positive":false},{"name":"Elite Swarm","description":"Elite enemies are swarming the Spire.","modID":"Elite Swarm","img":{"data":{"file":{"file":{"path":"images\\ui\\run_mods\\elite_swarm.png"},"type":"Internal"},"width":64,"height":64,"format":"RGBA8888","useMipMaps":false,"isPrepared":false},"glTarget":3553,"glHandle":674,"minFilter":"Linear","magFilter":"Linear","uWrap":"ClampToEdge","vWrap":"ClampToEdge"},"positive":false},{"name":"Restless Journey","description":"You no longer heal when entering new acts.","modID":"Restless Journey","img":{"data":{"file":{"file":{"path":"images\\ui\\run_mods\\restless_journey.png"},"type":"Internal"},"width":64,"height":64,"format":"RGBA8888","useMipMaps":false,"isPrepared":false},"glTarget":3553,"glHandle":676,"minFilter":"Linear","magFilter":"Linear","uWrap":"ClampToEdge","vWrap":"ClampToEdge"},"positive":false}],"is_prod":false,"is_daily":true,"is_ascension_mode":false,"campfire_upgraded":1,"timestamp":1520114728,"path_taken":["M","?","M","?","M","E","R","E","T","E","?","M"],"build_version":"2018-03-01-PROD1","purchased_purges":0,"victory":false,"master_deck":["Defend_G","Defend_G","Defend_G","Defend_G","Defend_G","Strike_G","Strike_G","Strike_G","Strike_G","Survivor","Neutralize","Dark Shackles","Purity","Choke","Infinite Blades+1","PiercingWail","Footwork+1","Caltrops","Endless Agony+1"],"max_hp_per_floor":[70,70,70,70,70,70,70,70,70,70,70],"relics":["Ring of the Snake","Molten Egg 2","Juzu Bracelet","Toolbox","Bag of Marbles"],"card_choices":[{"not_picked":["Sucker Punch","Flechettes"],"picked":"Choke"},{"not_picked":["Bane","Backflip"],"picked":"Infinite Blades"},{"not_picked":["Dodge and Roll","Slice"],"picked":"PiercingWail"},{"not_picked":["Backflip","Cloak And Dagger"],"picked":"Footwork"},{"not_picked":["Deflect","Dagger Throw"],"picked":"Caltrops"},{"not_picked":["Dodge and Roll","Dagger Spray"],"picked":"Endless Agony"}],"player_experience":171936,"potions_floor_usage":[6,6,10],"damage_taken":[{"damage":3,"enemies":"Small Slimes","floor":1,"turns":4},{"damage":2,"enemies":"Cultist","floor":3,"turns":4},{"damage":0,"enemies":"2 Louse","floor":5,"turns":2},{"damage":3,"enemies":"Lagavulin","floor":6,"turns":6},{"damage":36,"enemies":"Gremlin Nob","floor":8,"turns":5},{"damage":18,"enemies":"3 Sentries","floor":10,"turns":11},{"damage":13,"enemies":"Gremlin Gang","floor":12,"turns":1}],"event_choices":[{"event_name":"The Lab","player_choice":"Got Potions","floor":2,"damage_taken":0},{"event_name":"Purifier","player_choice":"One Purge","floor":4,"damage_taken":0},{"event_name":"Upgrade Shrine","player_choice":"Upgraded","floor":11,"damage_taken":0}],"boss_relics":[],"potions_floor_spawned":[3,5,10],"seed_played":"7095695899989429765","killed_by":"Gremlin Gang","ascension_level":0,"is_trial":false}