{"gold_per_floor":[119,133,32,32,32,32,45,45,45,45,45,61,61,81,81,177,177,190,190,190,200,200,212,212,232,232,232,42,42,42,42,42,140,140,154,254,254,273,283,283,283,283,283,299,318,345,9,20,20,20],"floor_reached":51,"playtime":1734,"items_purged":["Normality"],"score":715,"play_id":"d3b15410-5a32-4b36-ba97-142e29601d78","local_time":"20190215204315","is_ascension_mode":false,"campfire_choices":[{"data":"Inflame","floor":6,"key":"SMITH"},{"data":"Twin Strike","floor":8,"key":"SMITH"},{"data":"Cleave","floor":11,"key":"SMITH"},{"data":"Impervious","floor":13,"key":"SMITH"},{"data":"Shrug It Off","floor":15,"key":"SMITH"},{"data":"Body Slam","floor":24,"key":"SMITH"},{"data":"Heavy Blade","floor":27,"key":"SMITH"},{"data":"Strike_R","floor":30,"key":"SMITH"},{"data":"Iron Wave","floor":32,"key":"SMITH"},{"floor":40,"key":"REST"},{"data":"Barricade","floor":42,"key":"SMITH"},{"data":"Body Slam","floor":49,"key":"SMITH"}],"neow_cost":"NONE","seed_source_timestamp":29906018774617,"circlet_count":0,"master_deck":["Strike_R","Strike_R","Strike_R","Strike_R+1","Strike_R+1","Defend_R+1","Defend_R+1","Defend_R+1","Defend_R","Bash","Twin Strike+1","Cleave+1","Inflame+1","Shrug It Off+1","Iron Wave+1","Impervious+1","Infernal Blade+1","Body Slam+1","Heavy Blade+1","Parasite","Barricade+1","Body Slam+1","Entrench+1","Twin Strike+1","Heavy Blade+1","Disarm+1","Parasite","Infernal Blade+1","Double Tap","Body Slam+1"],"relics":["Burning Blood","Omamori","Calipers","Darkstone Periapt","Cursed Key","MutagenicStrength","Necronomicon","Mercury Hourglass","Brimstone","War Paint","Orrery","Mango","Bottled Flame","Pear"],"potions_floor_usage":[16,16,23,44,46,46,50,50,50],"damage_taken":[{"damage":0,"enemies":"Small Slimes","floor":1,"turns":3},{"damage":13,"enemies":"Jaw Worm","floor":2,"turns":4},{"damage":6,"enemies":"Cultist","floor":7,"turns":3},{"damage":0,"enemies":"Looter","floor":12,"turns":3},{"damage":0,"enemies":"Large Slime","floor":14,"turns":3},{"damage":5,"enemies":"Slime Boss","floor":16,"turns":8},{"damage":1,"enemies":"2 Thieves","floor":18,"turns":5},{"damage":0,"enemies":"Chosen","floor":21,"turns":4},{"damage":0,"enemies":"Snecko","floor":23,"turns":3},{"damage":0,"enemies":"3 Cultists","floor":25,"turns":4},{"damage":31,"enemies":"Collector","floor":33,"turns":4},{"damage":33,"enemies":"3 Darklings","floor":35,"turns":4},{"damage":1,"enemies":"Mind Bloom Boss Battle","floor":36,"turns":3},{"damage":10,"enemies":"3 Shapes","floor":38,"turns":2},{"damage":0,"enemies":"Writhing Mass","floor":39,"turns":4},{"damage":0,"enemies":"Spire Growth","floor":44,"turns":3},{"damage":8,"enemies":"4 Shapes","floor":45,"turns":3},{"damage":20,"enemies":"Reptomancer","floor":46,"turns":2},{"damage":0,"enemies":"Sphere and 2 Shapes","floor":48,"turns":3},{"damage":74,"enemies":"Time Eater","floor":50,"turns":8}],"seed_played":"-2275737909679379560","potions_obtained":[{"floor":2,"key":"LiquidBronze"},{"floor":7,"key":"SpeedPotion"},{"floor":14,"key":"Energy Potion"},{"floor":18,"key":"FearPotion"},{"floor":33,"key":"Ancient Potion"},{"floor":36,"key":"LiquidBronze"},{"floor":44,"key":"Ancient Potion"},{"floor":45,"key":"FearPotion"},{"floor":48,"key":"BloodPotion"}],"is_trial":false,"path_per_floor":["M","M","$","?","?","R","M","R","T","?","R","M","R","M","R","B",null,"M","?","$","M","?","M","R","M","T","R","$","T","R","$","R","B",null,"M","?","?","M","M","R","?","R","T","M","M","E","$","M","R","B",null],"character_chosen":"IRONCLAD","items_purchased":["Inflame","Shrug It Off","Brimstone","Double Tap","Weak Potion","Regen Potion"],"campfire_rested":1,"item_purchase_floors":[3,3,28,47,47,47],"current_hp_per_floor":[80,73,73,78,61,61,61,61,61,61,61,67,67,73,73,74,85,85,85,85,85,69,75,75,81,81,81,81,87,87,87,87,62,91,64,83,83,79,91,111,111,111,117,117,115,111,111,117,117,61],"gold":20,"neow_bonus":"RANDOM_COMMON_RELIC","is_prod":false,"is_daily":false,"chose_seed":false,"campfire_upgraded":11,"win_rate":0,"timestamp":1550284995,"path_taken":["M","M","$","?","?","R","M","R","T","?","R","?","R","M","R","BOSS","M","?","$","M","?","M","R","M","T","R","$","?","R","$","R","BOSS","M","?","?","M","M","R","?","R","T","M","M","E","$","M","R","BOSS"],"build_version":"2019-01-23","purchased_purges":1,"victory":true,"max_hp_per_floor":[80,80,80,85,85,85,85,85,85,85,85,85,85,85,85,85,85,85,85,85,85,85,85,85,85,85,85,85,91,91,91,91,91,91,91,105,105,105,111,111,111,111,117,117,117,127,127,127,127,127],"card_choices":[{"not_picked":["Sword Boomerang","Flex"],"picked":"Twin Strike","floor":1},{"not_picked":["Flex","Evolve"],"picked":"Cleave","floor":2},{"not_picked":["Pommel Strike","Anger"],"picked":"Iron Wave","floor":7},{"not_picked":["Clash","Combust"],"picked":"Impervious","floor":12},{"not_picked":["Clothesline","True Grit","Thunderclap"],"picked":"SKIP","floor":14},{"not_picked":["Burning Pact","Anger","Perfected Strike"],"picked":"SKIP","floor":18},{"not_picked":["Sever Soul","Ghostly Armor"],"picked":"Infernal Blade+1","floor":21},{"not_picked":["Armaments+1","Wild Strike"],"picked":"Body Slam","floor":23},{"not_picked":["Clash","Carnage"],"picked":"Heavy Blade","floor":25},{"not_picked":["Immolate","Double Tap"],"picked":"Barricade","floor":33},{"not_picked":["Corruption","Havoc"],"picked":"Ghostly Armor","floor":34},{"not_picked":["Havoc","Perfected Strike"],"picked":"Body Slam","floor":34},{"not_picked":["True Grit","Iron Wave+1"],"picked":"Entrench+1","floor":34},{"not_picked":["Wild Strike+1","Pummel"],"picked":"Twin Strike+1","floor":35},{"not_picked":["Thunderclap+1","Headbutt+1"],"picked":"Heavy Blade+1","floor":36},{"not_picked":["Searing Blow","Warcry"],"picked":"Disarm+1","floor":38},{"not_picked":["Rupture+1","Shrug It Off"],"picked":"Infernal Blade+1","floor":39},{"not_picked":["Fire Breathing+1","Heavy Blade","Armaments"],"picked":"SKIP","floor":44},{"not_picked":["Warcry+1","Second Wind+1","Rupture"],"picked":"SKIP","floor":45},{"not_picked":["Rage+1","Disarm","Sentinel+1"],"picked":"SKIP","floor":46},{"not_picked":["Hemokinesis+1","Flex+1"],"picked":"Body Slam+1","floor":48}],"player_experience":155591,"relics_obtained":[{"floor":9,"key":"Calipers"},{"floor":22,"key":"Necronomicon"},{"floor":26,"key":"Mercury Hourglass"},{"floor":29,"key":"War Paint"},{"floor":36,"key":"Mango"},{"floor":43,"key":"Bottled Flame"},{"floor":46,"key":"Pear"}],"event_choices":[{"damage_healed":0,"gold_gain":0,"player_choice":"Donut","damage_taken":0,"max_hp_gain":5,"max_hp_loss":0,"event_name":"Big Fish","floor":4,"gold_loss":0},{"damage_healed":0,"gold_gain":0,"player_choice":"Entered Light","damage_taken":17,"max_hp_gain":0,"max_hp_loss":0,"event_name":"Shining Light","floor":5,"gold_loss":0,"cards_upgraded":["Defend_R","Strike_R"]},{"damage_healed":0,"gold_gain":0,"player_choice":"Gave Potion","damage_taken":0,"relics_obtained":["Darkstone Periapt"],"max_hp_gain":0,"max_hp_loss":0,"event_name":"WeMeetAgain","floor":10,"gold_loss":0},{"damage_healed":0,"gold_gain":0,"player_choice":"Inject Mutagens","damage_taken":0,"relics_obtained":["MutagenicStrength"],"max_hp_gain":0,"max_hp_loss":0,"event_name":"Drug Dealer","floor":19,"gold_loss":0},{"damage_healed":0,"gold_gain":0,"player_choice":"Obtained Book","damage_taken":16,"max_hp_gain":0,"max_hp_loss":0,"event_name":"Cursed Tome","floor":22,"gold_loss":0},{"damage_healed":0,"gold_gain":0,"player_choice":"Fight","damage_taken":0,"max_hp_gain":0,"max_hp_loss":0,"event_name":"MindBloom","floor":36,"gold_loss":0},{"damage_healed":0,"gold_gain":0,"player_choice":"Ignored","damage_taken":0,"max_hp_gain":0,"max_hp_loss":0,"event_name":"Tomb of Lord Red Mask","floor":37,"gold_loss":0},{"cards_removed":["Ghostly Armor"],"damage_healed":0,"gold_gain":0,"player_choice":"Removed Skill","damage_taken":0,"max_hp_gain":0,"max_hp_loss":0,"event_name":"Falling","floor":41,"gold_loss":0}],"is_beta":false,"boss_relics":[{"not_picked":["Fusion Hammer","Busted Crown"],"picked":"Cursed Key"},{"not_picked":["Runic Pyramid","Calling Bell"],"picked":"Orrery"}],"items_purged_floors":[47],"is_endless":false,"potions_floor_spawned":[2,7,14,18,33,36,44,45,48],"ascension_level":0}