{"gold_per_floor":[119,69,87,387,387,387,412,412,412,412,428,428,439,459,459,560,560,572,600,324,334,353,353,371,371,371,400,412,424,451,463,475,592,604,631,643,555,567,579,579,579],"floor_reached":41,"playtime":3986,"items_purged":["Strike_B","Writhe"],"score":393,"play_id":"0dd94de8-7f51-491a-8d5c-e2c4bb9eb8c7","local_time":"20181224215515","is_ascension_mode":false,"campfire_choices":[{"data":"Zap","floor":6,"key":"SMITH"},{"data":"Chaos","floor":8,"key":"SMITH"},{"data":"Hologram","floor":10,"key":"SMITH"},{"data":"Redo","floor":15,"key":"SMITH"},{"data":"Hologram","floor":23,"key":"SMITH"},{"floor":25,"key":"REST"},{"data":"FTL","floor":28,"key":"SMITH"},{"data":"Cold Snap","floor":32,"key":"SMITH"},{"data":"Echo Form","floor":40,"key":"SMITH"}],"neow_cost":"NONE","seed_source_timestamp":266088687652304,"circlet_count":0,"master_deck":["Zap+1","Dualcast+1","Chaos+1","FTL+1","Compile Driver","Hologram+1","Self Repair","Redo+1","Compile Driver","Echo Form+1","Hologram+1","Redo+1","Cold Snap+1","Reboot","Self Repair","Fusion","BootSequence","Multi-Cast","Reprogram"],"relics":["Cracked Core","Old Coin","Bronze Scales","Pear","Sundial","Sozu","Red Mask","PrismaticShard","MawBank","Pandora\u0027s Box"],"potions_floor_usage":[14,18,18],"damage_taken":[{"damage":0,"enemies":"Small Slimes","floor":1,"turns":2},{"damage":6,"enemies":"Jaw Worm","floor":3,"turns":3},{"damage":16,"enemies":"Gremlin Nob","floor":7,"turns":3},{"damage":0,"enemies":"2 Louse","floor":11,"turns":2},{"damage":5,"enemies":"Looter","floor":13,"turns":3},{"damage":1,"enemies":"Lots of Slimes","floor":14,"turns":2},{"damage":19,"enemies":"The Guardian","floor":16,"turns":8},{"damage":14,"enemies":"2 Thieves","floor":18,"turns":3},{"damage":54,"enemies":"Masked Bandits","floor":19,"turns":4},{"damage":3,"enemies":"Shell Parasite","floor":21,"turns":4},{"damage":2,"enemies":"Snake Plant","floor":22,"turns":3},{"damage":23,"enemies":"Shelled Parasite and Fungi","floor":24,"turns":4},{"damage":1,"enemies":"Chosen and Byrds","floor":27,"turns":5},{"damage":12,"enemies":"Snake Plant","floor":30,"turns":3},{"damage":52,"enemies":"Champ","floor":33,"turns":10},{"damage":32,"enemies":"3 Darklings","floor":35,"turns":4},{"damage":2,"enemies":"3 Shapes","floor":38,"turns":4},{"damage":0,"enemies":"Spire Growth","floor":39,"turns":4},{"damage":85,"enemies":"Reptomancer","floor":41,"turns":6}],"seed_played":"-1799868047724149142","potions_obtained":[{"floor":13,"key":"Poison Potion"},{"floor":14,"key":"EssenceOfSteel"},{"floor":16,"key":"Fire Potion"}],"is_trial":false,"path_per_floor":["M","?","M","T","?","R","E","R","T","R","M","T","M","M","R","B",null,"M","?","$","M","M","R","M","R","T","M","R","?","M","?","R","B",null,"M","?","$","M","M","R","E"],"character_chosen":"DEFECT","items_purchased":["PrismaticShard"],"campfire_rested":1,"item_purchase_floors":[20],"current_hp_per_floor":[75,75,69,69,69,69,53,53,63,63,63,63,65,64,64,52,85,85,45,45,56,54,54,38,63,63,76,76,76,71,71,71,26,85,60,81,81,85,85,85,0],"gold":579,"neow_bonus":"TRANSFORM_CARD","is_prod":false,"is_daily":false,"chose_seed":false,"campfire_upgraded":8,"win_rate":0.0,"timestamp":1545717315,"path_taken":["M","?","M","?","?","R","E","R","T","R","M","?","M","?","R","BOSS","M","?","$","M","M","R","M","R","T","M","R","?","M","?","R","BOSS","M","?","$","M","M","R","E"],"build_version":"2018-12-20","purchased_purges":2,"victory":false,"max_hp_per_floor":[75,75,75,75,75,75,75,75,85,85,85,85,85,85,85,85,85,85,85,85,85,85,85,85,85,85,85,85,85,85,85,85,85,85,85,85,85,85,85,85,85],"card_choices":[{"not_picked":["Turbo","Leap"],"picked":"FTL","floor":1},{"not_picked":["Steam","Force Field"],"picked":"Compile Driver","floor":3},{"not_picked":["Rebound","Sweeping Beam"],"picked":"Hologram","floor":7},{"not_picked":["Barrage","Ball Lightning"],"picked":"Self Repair","floor":11},{"not_picked":["Hologram","Go for the Eyes"],"picked":"Redo","floor":13},{"not_picked":["Beam Cell","Barrage"],"picked":"Compile Driver","floor":14},{"not_picked":["Amplify","Rainbow"],"picked":"Echo Form","floor":16},{"not_picked":["Stack","Beam Cell"],"picked":"Hologram","floor":18},{"not_picked":["Pommel Strike","Leap"],"picked":"Redo+1","floor":21},{"not_picked":["Blood for Blood","Perfected Strike","Deadly Poison"],"picked":"SKIP","floor":22},{"not_picked":["Flying Knee","Calculated Gamble","Fire Breathing"],"picked":"SKIP","floor":24},{"not_picked":["Deflect+1","Lockon","Barrage+1"],"picked":"SKIP","floor":27},{"not_picked":["Tempest","Anger"],"picked":"Cold Snap","floor":30},{"not_picked":["Impervious","Glass Knife"],"picked":"Reboot","floor":33},{"not_picked":["Acrobatics","Stack","Shrug It Off+1"],"picked":"SKIP","floor":35},{"not_picked":["PiercingWail+1","Warcry","True Grit+1"],"picked":"SKIP","floor":38},{"not_picked":["Redo","Sweeping Beam","Armaments"],"picked":"SKIP","floor":39}],"player_experience":234468,"relics_obtained":[{"floor":4,"key":"Old Coin"},{"floor":7,"key":"Bronze Scales"},{"floor":9,"key":"Pear"},{"floor":12,"key":"Sundial"},{"floor":19,"key":"Red Mask"},{"floor":26,"key":"MawBank"}],"event_choices":[{"cards_removed":["Strike_B"],"damage_healed":0,"gold_gain":0,"player_choice":"Card Removal","damage_taken":0,"max_hp_gain":0,"max_hp_loss":0,"event_name":"The Cleric","floor":2,"gold_loss":50},{"damage_healed":0,"gold_gain":0,"player_choice":"Grow","damage_taken":0,"max_hp_gain":0,"max_hp_loss":0,"event_name":"Living Wall","floor":5,"gold_loss":0,"cards_upgraded":["Dualcast"]},{"damage_healed":0,"gold_gain":0,"player_choice":"Fought Bandits","damage_taken":0,"max_hp_gain":0,"max_hp_loss":0,"event_name":"Masked Bandits","floor":19,"gold_loss":0},{"damage_healed":0,"gold_gain":0,"player_choice":"Ignored","damage_taken":0,"max_hp_gain":0,"max_hp_loss":0,"event_name":"Cursed Tome","floor":29,"gold_loss":0},{"damage_healed":0,"gold_gain":0,"player_choice":"Ignored","damage_taken":0,"max_hp_gain":0,"max_hp_loss":0,"event_name":"The Mausoleum","floor":31,"gold_loss":0},{"damage_healed":21,"gold_gain":0,"player_choice":"Writhe","damage_taken":0,"max_hp_gain":0,"max_hp_loss":0,"event_name":"Winding Halls","floor":36,"gold_loss":0,"cards_obtained":["Writhe"]}],"is_beta":false,"boss_relics":[{"not_picked":["Calling Bell","Eternal Feather"],"picked":"Sozu"},{"not_picked":["Runic Dome","Inserter"],"picked":"Pandora\u0027s Box"}],"items_purged_floors":[20,37],"is_endless":false,"potions_floor_spawned":[13,14,16,19,22,24,33,35],"killed_by":"Reptomancer","ascension_level":0}