{"gold_per_floor":[118,118,118,135,146,146,175,192,260,260,320,348,62,62,62,159,159,175,175,193,193,163,163,163,16,16,0,0,27,27,45,45,145,145,162,26,26,36,36,36,46,60,85,97,127,142,142,162,162,162],"floor_reached":50,"playtime":2018,"items_purged":[],"score":523,"play_id":"19735c38-c41b-4803-8d85-bf5caec05ee5","local_time":"20190304231128","is_ascension_mode":false,"campfire_choices":[{"data":"Whirlwind","floor":6,"key":"SMITH"},{"data":"Twin Strike","floor":10,"key":"SMITH"},{"floor":15,"key":"REST"},{"floor":23,"key":"RECALL"},{"data":"RitualDagger","floor":28,"key":"SMITH"},{"floor":32,"key":"REST"},{"floor":49,"key":"REST"}],"neow_cost":"NONE","seed_source_timestamp":46955627021935,"circlet_count":0,"master_deck":["Strike_R+1","Strike_R","Strike_R","Strike_R","Defend_R","Defend_R","Defend_R","Defend_R","Bash+1","Twin Strike+1","Armaments","Whirlwind+1","Disarm","Sword Boomerang","Exhume","Ghostly Armor+1","Battle Trance","Ghostly Armor+1","Twin Strike+1","RitualDagger+1","Spot Weakness+1","Immolate","Shrug It Off+1","Sword Boomerang+1","Shrug It Off+1","True Grit+1","Limit Break+1","Metallicize","Metamorphosis+1","Uppercut+1","Rampage+1"],"relics":["Burning Blood","Juzu Bracelet","Pocketwatch","Paper Frog","Bag of Marbles","Sundial","Calipers","Red Skull","Mark of Pain","Whetstone","Toxic Egg 2","Orrery","Lantern","Unceasing Top"],"potions_floor_usage":[8,11,20,20,29,29,33,33,42,45,45,50],"damage_taken":[{"damage":6,"enemies":"2 Louse","floor":1,"turns":4},{"damage":0,"enemies":"Small Slimes","floor":4,"turns":3},{"damage":1,"enemies":"Cultist","floor":5,"turns":3},{"damage":15,"enemies":"Gremlin Nob","floor":7,"turns":4},{"damage":0,"enemies":"Blue Slaver","floor":8,"turns":4},{"damage":24,"enemies":"Lagavulin Event","floor":11,"turns":5},{"damage":9,"enemies":"3 Sentries","floor":12,"turns":3},{"damage":12,"enemies":"Slime Boss","floor":16,"turns":6},{"damage":1,"enemies":"Chosen","floor":18,"turns":5},{"damage":0,"enemies":"Shell Parasite","floor":20,"turns":4},{"damage":38,"enemies":"Gremlin Leader","floor":29,"turns":8},{"damage":15,"enemies":"Colosseum Slavers","floor":30,"turns":3},{"damage":8,"enemies":"Snecko","floor":31,"turns":3},{"damage":46,"enemies":"Champ","floor":33,"turns":9},{"damage":0,"enemies":"3 Darklings","floor":35,"turns":3},{"damage":12,"enemies":"3 Shapes","floor":38,"turns":1},{"damage":0,"enemies":"Transient","floor":41,"turns":5},{"damage":26,"enemies":"4 Shapes","floor":42,"turns":5},{"damage":0,"enemies":"3 Darklings","floor":44,"turns":1},{"damage":20,"enemies":"Giant Head","floor":45,"turns":7},{"damage":11,"enemies":"Sphere and 2 Shapes","floor":46,"turns":5},{"damage":1,"enemies":"Spire Growth","floor":48,"turns":3},{"damage":74,"enemies":"Donu and Deca","floor":50,"turns":6}],"seed_played":"-7783340602675606682","potions_obtained":[{"floor":5,"key":"Weak Potion"},{"floor":8,"key":"Block Potion"},{"floor":16,"key":"LiquidBronze"},{"floor":18,"key":"SkillPotion"},{"floor":20,"key":"Dexterity Potion"},{"floor":22,"key":"Explosive Potion"},{"floor":22,"key":"BloodPotion"},{"floor":29,"key":"Dexterity Potion"},{"floor":38,"key":"Dexterity Potion"},{"floor":41,"key":"SkillPotion"},{"floor":42,"key":"Swift Potion"},{"floor":44,"key":"Weak Potion"}],"is_trial":false,"path_per_floor":["M","?","?","M","M","R","E","M","T","R","?","E","$","?","R","B",null,"M","?","M","?","?","R","?","$","T","?","R","E","?","M","R","B",null,"M","$","?","M","?","?","M","M","T","M","E","M","?","M","R","B"],"character_chosen":"IRONCLAD","items_purchased":["Calipers","Whetstone","Limit Break+1"],"campfire_rested":3,"item_purchase_floors":[13,25,36],"current_hp_per_floor":[80,80,72,78,80,80,71,77,77,77,59,56,56,38,62,56,80,80,80,80,80,80,80,74,74,74,74,74,50,41,39,63,23,80,80,80,80,74,74,74,80,60,60,66,52,47,47,52,74,0],"gold":162,"neow_bonus":"RANDOM_COMMON_RELIC","is_prod":false,"is_daily":false,"chose_seed":false,"campfire_upgraded":3,"win_rate":0,"timestamp":1551762688,"path_taken":["M","?","?","M","M","R","E","M","T","R","?","E","$","?","R","BOSS","M","?","M","?","?","R","?","$","T","?","R","E","?","M","R","BOSS","M","$","?","M","?","?","M","M","T","M","E","M","?","M","R","BOSS"],"build_version":"2019-01-23","purchased_purges":0,"victory":false,"max_hp_per_floor":[80,80,80,80,80,80,80,80,80,80,80,80,80,80,80,80,80,80,80,80,80,80,80,80,80,80,80,80,80,80,80,80,80,80,80,80,80,80,80,80,80,80,80,80,80,80,76,76,76,76],"card_choices":[{"not_picked":["Clothesline","Intimidate"],"picked":"Twin Strike","floor":1},{"not_picked":["True Grit","Wild Strike"],"picked":"Armaments","floor":4},{"not_picked":["Body Slam","Anger"],"picked":"Whirlwind","floor":5},{"not_picked":["Flame Barrier","Clothesline","Perfected Strike"],"picked":"SKIP","floor":7},{"not_picked":["Wild Strike","Heavy Blade","Twin Strike"],"picked":"SKIP","floor":8},{"not_picked":["Wild Strike","Carnage"],"picked":"Disarm","floor":11},{"not_picked":["Evolve","Perfected Strike"],"picked":"Sword Boomerang","floor":12},{"not_picked":["Berserk","Brutality"],"picked":"Exhume","floor":16},{"not_picked":["Cleave+1","Anger"],"picked":"Ghostly Armor+1","floor":18},{"not_picked":["Power Through","Rupture"],"picked":"Ghostly Armor+1","floor":20},{"not_picked":["Clash","Brutality"],"picked":"Spot Weakness+1","floor":29},{"not_picked":["Armaments+1","Warcry+1","Intimidate+1"],"picked":"SKIP","floor":31},{"not_picked":["Demon Form","Fiend Fire"],"picked":"Immolate","floor":33},{"not_picked":["Warcry+1","Battle Trance+1"],"picked":"Shrug It Off+1","floor":34},{"not_picked":["Shrug It Off+1","Rage+1"],"picked":"Sword Boomerang+1","floor":34},{"not_picked":["Wild Strike+1","Feel No Pain"],"picked":"Shrug It Off+1","floor":34},{"not_picked":["Thunderclap+1","Warcry+1"],"picked":"True Grit+1","floor":35},{"not_picked":["Anger","Armaments+1"],"picked":"Metallicize","floor":38},{"not_picked":["HandOfGreed","Blind+1"],"picked":"Metamorphosis+1","floor":39},{"not_picked":["Dual Wield+1","Spot Weakness+1","Shrug It Off+1"],"picked":"SKIP","floor":41},{"not_picked":["Headbutt","Flex+1"],"picked":"Uppercut+1","floor":42},{"not_picked":["Heavy Blade","Whirlwind+1","Dropkick"],"picked":"SKIP","floor":44},{"not_picked":["Anger+1","Heavy Blade"],"picked":"Rampage+1","floor":45},{"not_picked":["Uppercut+1","Flex+1","Second Wind+1"],"picked":"SKIP","floor":46},{"not_picked":["Headbutt+1","Clothesline+1","Cleave+1"],"picked":"SKIP","floor":48}],"player_experience":540150,"relics_obtained":[{"floor":7,"key":"Pocketwatch"},{"floor":9,"key":"Paper Frog"},{"floor":11,"key":"Bag of Marbles"},{"floor":12,"key":"Sundial"},{"floor":29,"key":"Toxic Egg 2"},{"floor":43,"key":"Lantern"},{"floor":45,"key":"Unceasing Top"}],"event_choices":[{"damage_healed":0,"gold_gain":0,"player_choice":"Leave","damage_taken":0,"max_hp_gain":0,"max_hp_loss":0,"event_name":"The Cleric","floor":2,"gold_loss":0},{"damage_healed":0,"gold_gain":0,"player_choice":"Damaged","damage_taken":8,"max_hp_gain":0,"max_hp_loss":0,"event_name":"Wheel of Change","floor":3,"gold_loss":0},{"damage_healed":0,"gold_gain":0,"player_choice":"Searched \u00272\u0027 times","damage_taken":0,"max_hp_gain":0,"max_hp_loss":0,"event_name":"Dead Adventurer","floor":11,"gold_loss":0},{"damage_healed":0,"gold_gain":0,"player_choice":"Success","damage_taken":18,"relics_obtained":["Red Skull"],"max_hp_gain":0,"max_hp_loss":0,"event_name":"Scrap Ooze","floor":14,"gold_loss":0},{"damage_healed":0,"gold_gain":0,"player_choice":"Read","damage_taken":0,"max_hp_gain":0,"max_hp_loss":0,"event_name":"The Library","floor":19,"gold_loss":0,"cards_obtained":["Battle Trance"]},{"damage_healed":0,"gold_gain":0,"player_choice":"Copied","damage_taken":0,"max_hp_gain":0,"max_hp_loss":0,"event_name":"Duplicator","floor":21,"gold_loss":0,"cards_obtained":["Twin Strike"]},{"damage_healed":0,"gold_gain":0,"player_choice":"Bought 2 Potions","damage_taken":0,"max_hp_gain":0,"max_hp_loss":0,"event_name":"The Woman in Blue","floor":22,"gold_loss":0},{"damage_healed":0,"gold_gain":0,"player_choice":"Joined the Cult","damage_taken":6,"max_hp_gain":0,"max_hp_loss":0,"event_name":"Nest","floor":24,"gold_loss":0,"cards_obtained":["RitualDagger"]},{"damage_healed":0,"gold_gain":0,"player_choice":"Paid Fearfully","damage_taken":0,"max_hp_gain":0,"max_hp_loss":0,"event_name":"Masked Bandits","floor":27,"gold_loss":16},{"damage_healed":0,"gold_gain":0,"player_choice":"Fight","damage_taken":0,"max_hp_gain":0,"max_hp_loss":0,"event_name":"Colosseum","floor":30,"gold_loss":0},{"damage_healed":0,"gold_gain":0,"player_choice":"Fled From Nobs","damage_taken":0,"max_hp_gain":0,"max_hp_loss":0,"event_name":"Colosseum","floor":30,"gold_loss":0},{"cards_removed":["Strike_R"],"damage_healed":0,"gold_gain":0,"player_choice":"Offered Basic","damage_taken":0,"max_hp_gain":0,"max_hp_loss":0,"event_name":"Bonfire Elementals","floor":37,"gold_loss":0},{"damage_healed":0,"gold_gain":0,"player_choice":"Memory 1","damage_taken":0,"max_hp_gain":0,"max_hp_loss":0,"event_name":"SensoryStone","floor":39,"gold_loss":0},{"damage_healed":0,"gold_gain":0,"player_choice":"Ignored","damage_taken":0,"max_hp_gain":0,"max_hp_loss":0,"event_name":"NoteForYourself","floor":40,"gold_loss":0},{"damage_healed":0,"gold_gain":0,"player_choice":"Max HP","damage_taken":0,"max_hp_gain":0,"max_hp_loss":4,"event_name":"Winding Halls","floor":47,"gold_loss":0}],"is_beta":false,"boss_relics":[{"not_picked":["White Beast Statue","Calling Bell"],"picked":"Mark of Pain"},{"not_picked":["Black Blood","Runic Cube"],"picked":"Orrery"}],"items_purged_floors":[],"is_endless":false,"potions_floor_spawned":[5,8,16,18,20,29,38,41,42,44],"killed_by":"Donu and Deca","ascension_level":0}