{"path_per_floor":["M","?","?","M","?","R","$","M","T","M","R","M","$","M","R","B",null,"M","?","$","M","T","R","M","M","T","M","R","?","$","M","R","B",null,"M","?","M","?","?","E","R","E","T","M","$","M","R","M","R","B"],"character_chosen":"IRONCLAD","items_purchased":["Du-Vu Doll","Battle Trance","Rupture","Pen Nib","Kunai","Self Forming Clay","Hemokinesis","Block Potion"],"gold_per_floor":[368,318,493,503,503,503,120,134,161,179,179,198,64,79,79,183,183,196,446,140,153,153,153,170,184,252,263,263,313,59,76,76,171,171,190,243,253,0,250,280,280,305,358,369,14,30,30,48,48,48],"floor_reached":51,"campfire_rested":2,"playtime":4127,"current_hp_per_floor":[72,72,72,72,72,72,72,72,72,68,68,65,65,69,69,41,79,83,83,83,80,80,80,58,62,62,76,76,76,76,69,69,50,103,98,74,75,75,75,43,75,53,53,72,72,64,96,89,89,61],"items_purged":["Doubt","Regret","Strike_R"],"gold":48,"play_id":"4e13365e-e65a-4514-beef-1ced7b85462d","is_prod":false,"is_daily":false,"campfire_rituals":0,"campfire_upgraded":7,"is_hardmode":false,"path_taken":["M","?","?","M","?","R","$","?","T","M","R","M","?","M","R","BOSS","M","?","$","?","?","R","M","M","T","?","R","?","$","M","R","BOSS","M","?","?","?","?","E","R","E","T","M","$","M","R","M","R","BOSS"],"build_version":"2018-01-18-PROD4","purchased_purges":3,"victory":true,"master_deck":["Strike_R","Strike_R","Strike_R","Defend_R","Defend_R","Defend_R","Defend_R","Bash","Iron Wave","Offering","Twin Strike","Pommel Strike","Feed","Battle Trance","Inflame","Brutality","Rupture","Regret","Rupture","Inflame","Thunderclap","Flame Barrier","Limit Break","Flex","Regret","Clothesline","Whirlwind","Inflame","Hemokinesis"],"max_hp_per_floor":[72,72,72,72,72,72,72,72,72,72,72,72,72,75,75,79,79,83,83,83,87,87,87,91,95,95,99,99,99,99,103,103,103,103,103,107,107,107,107,107,107,107,107,107,107,107,107,107,107,107],"relics":["Burning Blood","Vajra","Du-Vu Doll","Oddly Smooth Stone","Velvet Choker","Pen Nib","Magic Flower","Meat on the Bone","Kunai","Black Star","Unceasing Top","Red Mask","Juzu Bracelet","Lantern","Ancient Tea Set","War Paint","Tiny Chest","Self Forming Clay"],"campfire_meditates":0,"card_choices":[{"not_picked":["Pummel","Perfected Strike"],"picked":"Iron Wave"},{"not_picked":["Flex","Shrug It Off"],"picked":"Offering"},{"not_picked":["Rage","Sword Boomerang"],"picked":"Twin Strike"},{"not_picked":["Sever Soul","Headbutt"],"picked":"Pommel Strike"},{"not_picked":["Rampage","Armaments"],"picked":"Feed"},{"not_picked":["Anger","Burning Pact"],"picked":"Inflame"},{"not_picked":["Juggernaut","Impervious"],"picked":"Brutality"},{"not_picked":["Shrug It Off","Clash"],"picked":"Rupture"},{"not_picked":["Armaments","Twin Strike"],"picked":"Inflame"},{"not_picked":["Sever Soul","True Grit"],"picked":"Thunderclap"},{"not_picked":["Flex","True Grit"],"picked":"Flame Barrier"},{"not_picked":["Feed","Juggernaut"],"picked":"Limit Break"},{"not_picked":["Iron Wave","Perfected Strike"],"picked":"Flex"},{"not_picked":["Intimidate","Shockwave"],"picked":"Clothesline"},{"not_picked":["Rampage","Searing Blow"],"picked":"Whirlwind"},{"not_picked":["Anger","Warcry"],"picked":"Inflame"}],"player_experience":62962,"potions_floor_usage":[14,16,16,21,31,37,50,50,50],"damage_taken":[{"damage":6,"enemies":"Jaw Worm","floor":1,"turns":5},{"damage":6,"enemies":"Cultist","floor":4,"turns":3},{"damage":0,"enemies":"Small Slimes","floor":8,"turns":2},{"damage":10,"enemies":"2 Fungi Beasts","floor":10,"turns":3},{"damage":9,"enemies":"Exordium Wildlife","floor":12,"turns":3},{"damage":5,"enemies":"Exordium Thugs","floor":14,"turns":4},{"damage":38,"enemies":"Hexaghost","floor":16,"turns":7},{"damage":6,"enemies":"Spheric Guardian","floor":18,"turns":3},{"damage":13,"enemies":"2 Thieves","floor":21,"turns":3},{"damage":37,"enemies":"Slaver and Parasite","floor":24,"turns":5},{"damage":11,"enemies":"3 Cultists","floor":25,"turns":4},{"damage":19,"enemies":"Snake Plant","floor":27,"turns":3},{"damage":22,"enemies":"Snecko","floor":31,"turns":4},{"damage":46,"enemies":"Collector","floor":33,"turns":6},{"damage":14,"enemies":"3 Darklings","floor":35,"turns":4},{"damage":57,"enemies":"Mysterious Sphere","floor":36,"turns":4},{"damage":26,"enemies":"3 Shapes","floor":37,"turns":3},{"damage":59,"enemies":"Nemesis","floor":40,"turns":7},{"damage":49,"enemies":"2 Orb Walkers","floor":42,"turns":4},{"damage":8,"enemies":"Sphere and 2 Shapes","floor":44,"turns":1},{"damage":17,"enemies":"3 Darklings","floor":46,"turns":3},{"damage":16,"enemies":"Maw","floor":48,"turns":4},{"damage":55,"enemies":"Awakened One","floor":50,"turns":8}],"event_choices":[{"event_name":"The Cleric","player_choice":"Card Removal","floor":2,"damage_taken":0},{"event_name":"Liars Game","player_choice":"agreed","floor":3,"damage_taken":0},{"event_name":"Big Fish","player_choice":"Box","floor":5,"damage_taken":0},{"event_name":"Golden Shrine","player_choice":"Desecrate","floor":19,"damage_taken":0},{"event_name":"The Joust","player_choice":"Bet on Murderer","floor":29,"damage_taken":0},{"event_name":"Mysterious Sphere","player_choice":"Fight","floor":36,"damage_taken":0},{"event_name":"Tomb of Lord Red Mask","player_choice":"Paid","floor":38,"damage_taken":0},{"event_name":"Golden Shrine","player_choice":"Desecrate","floor":39,"damage_taken":0}],"boss_relics":[{"not_picked":["Runic Cube","Astrolabe"],"picked":"Velvet Choker"},{"not_picked":["Snecko Eye","White Beast Statue"],"picked":"Black Star"}],"potions_floor_spawned":[1,8,14,18,24,33,40,42,44],"seed_played":"601981425887729826","is_trial":false}