{"gold_per_floor":[414,430,56,56,74,107,122,122,216,228,260,272,212,253,253,382,382,395,395,395,121,0,0,0],"floor_reached":24,"playtime":1189,"items_purged":[],"score":212,"play_id":"b6334345-54a0-4c5e-a705-28269225345d","local_time":"20190222112813","is_ascension_mode":true,"campfire_choices":[{"floor":8,"key":"DIG"},{"floor":10,"key":"DIG"},{"floor":15,"key":"REST"},{"floor":23,"key":"REST"}],"neow_cost":"PERCENT_DAMAGE","seed_source_timestamp":300112383474,"circlet_count":0,"master_deck":["Strike_B","Strike_B","Strike_B","Strike_B","Defend_B","Defend_B","Defend_B","Defend_B","Zap","Dualcast","Chill","Self Repair","Sunder","Leap","Reboot","Go for the Eyes","Reinforced Body","Genetic Algorithm","Buffer","Coolheaded","Redo"],"relics":["Cracked Core","Old Coin","Shovel","Torii","Lantern","MawBank","Matryoshka","Unceasing Top","Bloody Idol","Ice Cream","Nilry\u0027s Codex","Mercury Hourglass"],"potions_floor_usage":[14,16,24],"damage_taken":[{"damage":7,"enemies":"2 Louse","floor":1,"turns":2},{"damage":1,"enemies":"Small Slimes","floor":2,"turns":3},{"damage":1,"enemies":"Jaw Worm","floor":5,"turns":4},{"damage":19,"enemies":"Lagavulin","floor":6,"turns":8},{"damage":2,"enemies":"Large Slime","floor":7,"turns":8},{"damage":1,"enemies":"Looter","floor":11,"turns":3},{"damage":9,"enemies":"Gremlin Nob","floor":14,"turns":4},{"damage":47,"enemies":"Hexaghost","floor":16,"turns":16},{"damage":48,"enemies":"Spheric Guardian","floor":18,"turns":12},{"damage":58,"enemies":"Slavers","floor":24,"turns":5}],"seed_played":"6449531340351750013","potions_obtained":[{"floor":1,"key":"Ancient Potion"},{"floor":11,"key":"AttackPotion"},{"floor":14,"key":"Regen Potion"},{"floor":16,"key":"Ancient Potion"},{"floor":18,"key":"Swift Potion"}],"is_trial":false,"path_per_floor":["M","M","$","?","M","E","M","R","T","R","M","?","$","E","R","B",null,"M","?","?","$","?","R","E"],"character_chosen":"DEFECT","items_purchased":["Shovel","Sunder","Reinforced Body","Mercury Hourglass","Redo"],"campfire_rested":2,"item_purchase_floors":[3,3,13,21,21],"current_hp_per_floor":[47,46,46,43,49,37,42,42,42,42,48,30,30,28,50,25,75,34,18,18,18,18,40,0],"gold":0,"neow_bonus":"ONE_RARE_RELIC","is_prod":false,"is_daily":false,"chose_seed":false,"campfire_upgraded":0,"win_rate":0,"timestamp":1550856493,"path_taken":["M","M","$","?","M","E","M","R","T","R","M","?","$","E","R","BOSS","M","?","?","$","?","R","E"],"build_version":"2019-01-23","purchased_purges":0,"victory":false,"max_hp_per_floor":[75,75,75,75,75,75,75,75,75,75,75,75,75,75,75,75,75,75,75,75,75,75,75,75],"card_choices":[{"not_picked":["Sweeping Beam","Steam"],"picked":"Chill","floor":1},{"not_picked":["Barrage","Stack"],"picked":"Self Repair","floor":2},{"not_picked":["Lockon","Turbo"],"picked":"Leap","floor":5},{"not_picked":["Capacitor","Rebound"],"picked":"Reboot","floor":6},{"not_picked":["Hello World","Undo","Beam Cell"],"picked":"SKIP","floor":7},{"not_picked":["FTL","Undo"],"picked":"Go for the Eyes","floor":11},{"not_picked":["Undo","Reprogram"],"picked":"Genetic Algorithm","floor":14},{"not_picked":["Reboot","All For One"],"picked":"Buffer","floor":16},{"not_picked":["Sweeping Beam+1","Recycle"],"picked":"Coolheaded","floor":18}],"player_experience":293515,"relics_obtained":[{"floor":6,"key":"Lantern"},{"floor":8,"key":"MawBank"},{"floor":9,"key":"Matryoshka"},{"floor":10,"key":"Unceasing Top"},{"floor":14,"key":"Ice Cream"},{"floor":19,"key":"Nilry\u0027s Codex"}],"event_choices":[{"damage_healed":0,"gold_gain":0,"player_choice":"Success","damage_taken":3,"relics_obtained":["Torii"],"max_hp_gain":0,"max_hp_loss":0,"event_name":"Scrap Ooze","floor":4,"gold_loss":0},{"damage_healed":0,"gold_gain":0,"player_choice":"Take Damage","damage_taken":18,"relics_obtained":["Golden Idol"],"max_hp_gain":0,"max_hp_loss":0,"event_name":"Golden Idol","floor":12,"gold_loss":0},{"damage_healed":0,"gold_gain":0,"player_choice":"Obtained Book","damage_taken":16,"max_hp_gain":0,"max_hp_loss":0,"event_name":"Cursed Tome","floor":19,"gold_loss":0},{"damage_healed":0,"gold_gain":0,"player_choice":"Gave Idol","damage_taken":0,"relics_obtained":["Bloody Idol"],"max_hp_gain":0,"max_hp_loss":0,"event_name":"Forgotten Altar","floor":20,"relics_lost":["Golden Idol"],"gold_loss":0},{"damage_healed":0,"gold_gain":0,"player_choice":"Paid Fearfully","damage_taken":0,"max_hp_gain":0,"max_hp_loss":0,"event_name":"Masked Bandits","floor":22,"gold_loss":121}],"is_beta":false,"boss_relics":[{"not_picked":["Ectoplasm","Calling Bell","Runic Dome"]}],"items_purged_floors":[],"is_endless":false,"potions_floor_spawned":[1,11,14,16,18],"killed_by":"Slavers","ascension_level":1}