{"path_per_floor":["M","M","M","?","$","E","?","E","T","M","E","?","R","M","R"],"character_chosen":"DEFECT","items_purchased":["Defragment"],"gold_per_floor":[111,128,142,142,27,84,84,118,118,134,172,122,122,138,138,138],"floor_reached":16,"campfire_rested":1,"playtime":577,"item_purchase_floors":[5],"current_hp_per_floor":[73,73,75,75,75,36,36,32,32,31,24,24,46,37,37,0],"items_purged":["Regret"],"gold":138,"score":132,"play_id":"51fea44c-3f0c-4bdd-92dd-99fe73c71202","local_time":"20180622154950","is_prod":false,"is_daily":false,"chose_seed":false,"is_ascension_mode":true,"campfire_upgraded":1,"win_rate":0,"timestamp":1529675390,"campfire_choices":[{"floor":13,"key":"REST"},{"data":"Defragment","floor":15,"key":"SMITH"}],"path_taken":["M","M","M","?","$","E","?","E","T","?","E","?","R","M","R","BOSS"],"build_version":"2018-06-21","seed_source_timestamp":44057522981778,"purchased_purges":1,"circlet_count":0,"victory":false,"master_deck":["Strike_B","Strike_B","Strike_B","Strike_B","Defend_B","Defend_B","Defend_B","Defend_B","Zap","Dualcast","Self Repair","Defragment+1","Melter","Self Repair","White Noise"],"max_hp_per_floor":[75,75,75,75,75,75,75,75,75,75,75,75,75,77,77,77],"relics":["Cracked Core","Matryoshka","Tiny Chest","Golden Idol","Happy Flower","Singing Bowl","Ornamental Fan","Omamori"],"card_choices":[{"not_picked":["Turbo","Beam Cell","Lockon"],"picked":"SKIP","floor":1},{"not_picked":["Hologram","Beam Cell"],"picked":"Self Repair","floor":2},{"not_picked":["Compile Driver","Sweeping Beam","Redo"],"picked":"SKIP","floor":3},{"not_picked":["Reboot","Gash"],"picked":"Melter","floor":6},{"not_picked":["Turbo","Go for the Eyes","Gash"],"picked":"SKIP","floor":8},{"not_picked":["Darkness","Stack"],"picked":"Self Repair","floor":10},{"not_picked":["Redo","Chill"],"picked":"White Noise","floor":11},{"not_picked":["Aggregate","Ball Lightning","Beam Cell"],"picked":"Singing Bowl","floor":14}],"player_experience":397397,"potions_floor_usage":[8,11,16],"damage_taken":[{"damage":2,"enemies":"Jaw Worm","floor":1,"turns":3},{"damage":0,"enemies":"Small Slimes","floor":2,"turns":3},{"damage":2,"enemies":"2 Louse","floor":3,"turns":3},{"damage":46,"enemies":"Gremlin Nob","floor":6,"turns":5},{"damage":26,"enemies":"3 Sentries","floor":8,"turns":9},{"damage":8,"enemies":"2 Fungi Beasts","floor":10,"turns":4},{"damage":36,"enemies":"Lagavulin","floor":11,"turns":8},{"damage":25,"enemies":"Exordium Wildlife","floor":14,"turns":5},{"damage":41,"enemies":"The Guardian","floor":16,"turns":6}],"relics_obtained":[{"floor":6,"key":"Tiny Chest"},{"floor":8,"key":"Happy Flower"},{"floor":9,"key":"Singing Bowl"},{"floor":9,"key":"Ornamental Fan"},{"floor":11,"key":"Omamori"}],"event_choices":[{"event_name":"Big Fish","player_choice":"Box","floor":4,"damage_taken":0},{"event_name":"Golden Idol","player_choice":"Take Wound","floor":7,"damage_taken":0},{"event_name":"The Cleric","player_choice":"Card Removal","floor":12,"damage_taken":0}],"boss_relics":[],"items_purged_floors":[5],"is_endless":false,"potions_floor_spawned":[6,10,14],"seed_played":"6751970873938154663","killed_by":"The Guardian","ascension_level":2,"potions_obtained":[{"floor":6,"key":"Regen Potion"},{"floor":10,"key":"Regen Potion"},{"floor":14,"key":"GamblersBrew"}],"is_trial":false}