{"gold_per_floor":[18,38,50,63,63,63,88,88,88,88,88,88,108,108,108,108],"floor_reached":16,"playtime":836,"items_purged":[],"score":100,"play_id":"078e6882-8a19-4f7d-9fec-577ba8b08d7a","local_time":"20190219120821","is_ascension_mode":false,"campfire_choices":[{"data":"Crippling Poison","floor":6,"key":"SMITH"},{"floor":8,"key":"REST"},{"floor":10,"key":"REST"},{"data":"Neutralize","floor":15,"key":"SMITH"}],"neow_cost":"NO_GOLD","seed_source_timestamp":12656951934576,"circlet_count":0,"master_deck":["Defend_G","Defend_G","Defend_G","Defend_G","Strike_G","Strike_G","Strike_G","Strike_G","Survivor","Neutralize+1","Crippling Poison+1","Acrobatics","PiercingWail","Dodge and Roll","Dodge and Roll","Footwork+1"],"relics":["Ring of the Snake","Vajra","Kunai","Bird Faced Urn"],"potions_floor_usage":[],"damage_taken":[{"damage":7,"enemies":"Small Slimes","floor":1,"turns":3},{"damage":0,"enemies":"2 Louse","floor":2,"turns":3},{"damage":0,"enemies":"Cultist","floor":3,"turns":6},{"damage":3,"enemies":"2 Fungi Beasts","floor":4,"turns":3},{"damage":40,"enemies":"3 Sentries","floor":7,"turns":21},{"damage":7,"enemies":"Lots of Slimes","floor":13,"turns":6},{"damage":68,"enemies":"Slime Boss","floor":16,"turns":16}],"seed_played":"701226853504132888","potions_obtained":[{"floor":7,"key":"Dexterity Potion"}],"is_trial":false,"path_per_floor":["M","M","M","M","?","R","E","R","T","R","?","?","M","?","R","B"],"character_chosen":"THE_SILENT","items_purchased":[],"campfire_rested":2,"item_purchase_floors":[],"current_hp_per_floor":[63,63,63,60,60,60,20,41,41,62,67,67,60,60,60,0],"gold":108,"neow_bonus":"TRANSFORM_TWO_CARDS","is_prod":false,"is_daily":false,"chose_seed":false,"campfire_upgraded":2,"win_rate":0,"timestamp":1550599701,"path_taken":["M","M","M","M","?","R","E","R","T","R","?","?","?","?","R","BOSS"],"build_version":"2019-01-23","purchased_purges":0,"victory":false,"max_hp_per_floor":[70,70,70,70,70,70,70,70,70,70,75,75,75,75,75,75],"card_choices":[{"not_picked":["Poisoned Stab","Distraction"],"picked":"PiercingWail","floor":1},{"not_picked":["Caltrops","Blade Dance"],"picked":"Dodge and Roll","floor":2},{"not_picked":["Prepared","Backflip"],"picked":"Bane","floor":3},{"not_picked":["Envenom","Calculated Gamble"],"picked":"Dodge and Roll","floor":4},{"not_picked":["Skewer","Finisher"],"picked":"Footwork","floor":7},{"not_picked":["Riddle With Holes","Dodge and Roll","Poisoned Stab"],"picked":"SKIP","floor":13}],"player_experience":244807,"relics_obtained":[{"floor":7,"key":"Vajra"},{"floor":9,"key":"Kunai"}],"event_choices":[{"damage_healed":0,"gold_gain":0,"player_choice":"Ignored","damage_taken":0,"max_hp_gain":0,"max_hp_loss":0,"event_name":"Liars Game","floor":5,"gold_loss":0},{"damage_healed":0,"gold_gain":0,"player_choice":"Donut","damage_taken":0,"max_hp_gain":5,"max_hp_loss":0,"event_name":"Big Fish","floor":11,"gold_loss":0},{"damage_healed":0,"gold_gain":0,"player_choice":"Forge","damage_taken":0,"max_hp_gain":0,"max_hp_loss":0,"event_name":"Accursed Blacksmith","floor":12,"gold_loss":0,"cards_upgraded":["Footwork"]},{"cards_removed":["Bane"],"damage_healed":0,"gold_gain":0,"player_choice":"Gave Card","damage_taken":0,"relics_obtained":["Bird Faced Urn"],"max_hp_gain":0,"max_hp_loss":0,"event_name":"WeMeetAgain","floor":14,"gold_loss":0}],"is_beta":false,"boss_relics":[],"items_purged_floors":[],"is_endless":false,"potions_floor_spawned":[7],"killed_by":"Slime Boss","ascension_level":0}