{"gold_per_floor":[119,130,144,144,160,192,210,210,210,224,224,241,241,258,258,354,354,368,349,349,359,374,374],"floor_reached":23,"playtime":1519,"items_purged":[],"score":199,"play_id":"bae2269b-aede-4768-bb0e-7a7df6569455","local_time":"20190215172907","is_ascension_mode":false,"campfire_choices":[{"floor":8,"key":"REST"},{"data":"A Thousand Cuts","floor":11,"key":"SMITH"},{"floor":15,"key":"REST"}],"neow_cost":"TEN_PERCENT_HP_LOSS","seed_source_timestamp":18493717305632,"circlet_count":0,"master_deck":["Defend_G","Defend_G","Defend_G","Strike_G","Strike_G","Strike_G","Strike_G","Survivor","Neutralize","Endless Agony+1","Unload","Dagger Throw","PiercingWail","A Thousand Cuts+1","Caltrops","After Image","Slice","Deflect","Quick Slash","Leg Sweep","Phantasmal Killer","Caltrops+1","Prepared","Footwork+1","Adrenaline"],"relics":["Ring of the Snake","Peace Pipe","Question Card"],"potions_floor_usage":[6,16,16,16,21,23],"damage_taken":[{"damage":0,"enemies":"Small Slimes","floor":1,"turns":2},{"damage":0,"enemies":"Jaw Worm","floor":2,"turns":3},{"damage":0,"enemies":"Cultist","floor":3,"turns":2},{"damage":1,"enemies":"2 Fungi Beasts","floor":5,"turns":3},{"damage":23,"enemies":"3 Sentries","floor":6,"turns":11},{"damage":1,"enemies":"Exordium Thugs","floor":7,"turns":5},{"damage":1,"enemies":"Red Slaver","floor":10,"turns":4},{"damage":4,"enemies":"Blue Slaver","floor":12,"turns":4},{"damage":0,"enemies":"Looter","floor":14,"turns":3},{"damage":21,"enemies":"Slime Boss","floor":16,"turns":8},{"damage":0,"enemies":"3 Byrds","floor":18,"turns":4},{"damage":13,"enemies":"2 Thieves","floor":19,"turns":4},{"damage":19,"enemies":"Chosen and Byrds","floor":21,"turns":10},{"damage":13,"enemies":"Centurion and Healer","floor":22,"turns":13},{"damage":18,"enemies":"Book of Stabbing","floor":23,"turns":6}],"seed_played":"2395595208073336270","potions_obtained":[{"floor":2,"key":"FearPotion"},{"floor":5,"key":"AttackPotion"},{"floor":6,"key":"EssenceOfSteel"},{"floor":12,"key":"Fire Potion"},{"floor":18,"key":"SpeedPotion"},{"floor":21,"key":"SneckoOil"}],"is_trial":false,"path_per_floor":["M","M","M","$","M","E","M","R","T","M","R","M","?","M","R","B",null,"M","M","?","M","M","E"],"character_chosen":"THE_SILENT","items_purchased":[],"campfire_rested":2,"item_purchase_floors":[],"current_hp_per_floor":[63,63,63,63,62,39,38,56,56,55,55,51,44,44,62,41,63,63,50,50,31,18,0],"gold":374,"neow_bonus":"TRANSFORM_TWO_CARDS","is_prod":false,"is_daily":false,"chose_seed":false,"campfire_upgraded":1,"win_rate":0,"timestamp":1550273347,"path_taken":["M","M","M","$","M","E","M","R","T","M","R","M","?","M","R","BOSS","M","M","?","?","M","E"],"build_version":"2019-01-23","purchased_purges":0,"victory":false,"max_hp_per_floor":[63,63,63,63,63,63,63,63,63,63,63,63,63,63,63,63,63,63,63,63,63,63,63],"card_choices":[{"not_picked":["Prepared","Heel Hook"],"picked":"Dagger Throw","floor":1},{"not_picked":["Flying Knee","Poisoned Stab"],"picked":"PiercingWail","floor":2},{"not_picked":["Bane","Deadly Poison"],"picked":"A Thousand Cuts","floor":3},{"not_picked":["Poisoned Stab","Bane"],"picked":"Caltrops","floor":5},{"not_picked":["Dodge and Roll","Tactician"],"picked":"After Image","floor":6},{"not_picked":["Deadly Poison","Poisoned Stab"],"picked":"Slice","floor":7},{"not_picked":["Sucker Punch","Outmaneuver","Underhanded Strike"],"picked":"Deflect","floor":10},{"not_picked":["Sucker Punch","Flechettes","Flying Knee"],"picked":"Quick Slash","floor":12},{"not_picked":["PiercingWail","Concentrate","Heel Hook"],"picked":"Leg Sweep","floor":14},{"not_picked":["A Thousand Cuts","Malaise","Wraith Form v2"],"picked":"Phantasmal Killer","floor":16},{"not_picked":["Dodge and Roll","Acrobatics+1","Sucker Punch+1"],"picked":"Caltrops+1","floor":18},{"not_picked":["Backflip","All Out Attack","Dodge and Roll"],"picked":"Prepared","floor":19},{"not_picked":["Dodge and Roll","Blade Dance","Dagger Throw"],"picked":"Footwork+1","floor":21},{"not_picked":["Calculated Gamble","Cloak And Dagger+1","Blade Dance"],"picked":"Adrenaline","floor":22}],"player_experience":145184,"relics_obtained":[{"floor":6,"key":"Peace Pipe"},{"floor":9,"key":"Question Card"}],"event_choices":[{"cards_removed":["Strike_G"],"damage_healed":0,"gold_gain":0,"player_choice":"Card Removal","damage_taken":7,"max_hp_gain":0,"max_hp_loss":0,"event_name":"Golden Wing","floor":13,"gold_loss":0},{"damage_healed":0,"gold_gain":0,"player_choice":"Upgraded","damage_taken":0,"max_hp_gain":0,"max_hp_loss":0,"event_name":"Upgrade Shrine","floor":20,"gold_loss":0,"cards_upgraded":["Endless Agony"]}],"is_beta":false,"boss_relics":[{"not_picked":["Cursed Key","Velvet Choker","Snecko Eye"]}],"items_purged_floors":[],"is_endless":false,"potions_floor_spawned":[2,5,6,12,18,21],"killed_by":"Book of Stabbing","ascension_level":0}