{"gold_per_floor":[110,123,47,61,80,80,106,106,132,132,156,170,189,208,208,208],"floor_reached":16,"playtime":761,"items_purged":[],"score":104,"play_id":"ebf96cba-d5ea-48fb-a191-87716ea4b4f5","local_time":"20190222132648","is_ascension_mode":false,"campfire_choices":[{"data":"Armaments","floor":6,"key":"SMITH"},{"floor":10,"key":"REST"},{"floor":15,"key":"REST"}],"neow_cost":"NONE","seed_source_timestamp":7844948439767,"circlet_count":0,"master_deck":["Strike_R","Strike_R","Strike_R","Strike_R","Defend_R","Defend_R","Defend_R","Defend_R","Bash","Shrug It Off","Armaments+1","Rampage","Corruption","Bloodletting","Entrench","Spot Weakness","Whirlwind","Seeing Red","Body Slam"],"relics":["Burning Blood","Pen Nib","Art of War","Odd Mushroom"],"potions_floor_usage":[7,16],"damage_taken":[{"damage":8,"enemies":"2 Louse","floor":1,"turns":3},{"damage":0,"enemies":"Cultist","floor":2,"turns":4},{"damage":5,"enemies":"Small Slimes","floor":4,"turns":4},{"damage":0,"enemies":"Looter","floor":5,"turns":4},{"damage":40,"enemies":"3 Sentries","floor":7,"turns":12},{"damage":44,"enemies":"The Mushroom Lair","floor":11,"turns":6},{"damage":17,"enemies":"Exordium Thugs","floor":12,"turns":4},{"damage":14,"enemies":"Large Slime","floor":13,"turns":6},{"damage":6,"enemies":"2 Fungi Beasts","floor":14,"turns":4},{"damage":48,"enemies":"Slime Boss","floor":16,"turns":11}],"seed_played":"-6274827664102326478","potions_obtained":[{"floor":4,"key":"EssenceOfSteel"},{"floor":11,"key":"LiquidBronze"},{"floor":12,"key":"Dexterity Potion"}],"is_trial":false,"path_per_floor":["M","M","$","M","M","R","E","?","T","R","?","M","M","M","R","B"],"character_chosen":"IRONCLAD","items_purchased":["Rampage"],"campfire_rested":2,"item_purchase_floors":[3],"current_hp_per_floor":[86,88,88,88,88,88,54,47,47,73,35,24,16,16,42,0],"gold":208,"neow_bonus":"TEN_PERCENT_HP_BONUS","is_prod":false,"is_daily":false,"chose_seed":false,"campfire_upgraded":1,"win_rate":0,"timestamp":1550863608,"path_taken":["M","M","$","M","M","R","E","?","T","R","?","M","M","M","R","BOSS"],"build_version":"2019-01-23","purchased_purges":0,"victory":false,"max_hp_per_floor":[88,88,88,88,88,88,88,88,88,88,88,88,88,88,88,88],"card_choices":[{"not_picked":["Warcry","Sever Soul"],"picked":"Shrug It Off","floor":1},{"not_picked":["Clothesline","Warcry"],"picked":"Armaments","floor":2},{"not_picked":["Hemokinesis","Blood for Blood"],"picked":"Corruption","floor":4},{"not_picked":["Clash","Pommel Strike"],"picked":"Bloodletting","floor":5},{"not_picked":["Entrench","Wild Strike","Flex"],"picked":"SKIP","floor":7},{"not_picked":["Wild Strike","Flex"],"picked":"Entrench","floor":7},{"not_picked":["Heavy Blade","Twin Strike"],"picked":"Spot Weakness","floor":11},{"not_picked":["Fire Breathing","Headbutt"],"picked":"Whirlwind","floor":12},{"not_picked":["Heavy Blade","Rupture"],"picked":"Seeing Red","floor":13},{"not_picked":["Twin Strike","Rupture"],"picked":"Body Slam","floor":14}],"player_experience":300758,"relics_obtained":[{"floor":7,"key":"Pen Nib"},{"floor":9,"key":"Art of War"},{"floor":11,"key":"Odd Mushroom"}],"event_choices":[{"cards_removed":["Strike_R"],"damage_healed":0,"gold_gain":0,"player_choice":"Card Removal","damage_taken":7,"max_hp_gain":0,"max_hp_loss":0,"event_name":"Golden Wing","floor":8,"gold_loss":0},{"damage_healed":0,"gold_gain":0,"player_choice":"Fought Mushrooms","damage_taken":0,"max_hp_gain":0,"max_hp_loss":0,"event_name":"Mushrooms","floor":11,"gold_loss":0}],"is_beta":false,"boss_relics":[],"items_purged_floors":[],"is_endless":false,"potions_floor_spawned":[4,11,12],"killed_by":"Slime Boss","ascension_level":0}