{"gold_per_floor":[115,131,148,167,182,182,214,214,214,214,233,233,16,31,31,129,129,143,66,78,0,0,0,20,20,20,20,37,37,68,85,85,183,183,196,210,210,223,323,348,363,363,363,379,428,446,456,40,40,40,40,40,40,68,68],"floor_reached":55,"playtime":4198,"items_purged":["Strike_G"],"score":773,"play_id":"65e08a4d-8c82-402c-b552-ec0b29477241","local_time":"20190225160029","is_ascension_mode":false,"campfire_choices":[{"data":"Dagger Spray","floor":6,"key":"SMITH"},{"floor":8,"key":"REST"},{"data":"Backflip","floor":10,"key":"SMITH"},{"data":"Footwork","floor":15,"key":"SMITH"},{"floor":25,"key":"REST"},{"floor":27,"key":"REST"},{"floor":29,"key":"RECALL"},{"data":"Footwork","floor":32,"key":"SMITH"},{"data":"Outmaneuver","floor":42,"key":"SMITH"},{"floor":49,"key":"REST"},{"data":"Dodge and Roll","floor":52,"key":"SMITH"}],"neow_cost":"NONE","seed_source_timestamp":17648857643689,"circlet_count":0,"master_deck":["Defend_G","Defend_G+1","Defend_G+1","Defend_G","Strike_G","Strike_G","Neutralize","Dagger Spray+1","Dodge and Roll+1","Quick Slash","Flying Knee","Backflip+1","Poisoned Stab+1","Footwork+1","Poisoned Stab","Unload","Eviscerate+1","Setup+1","Quick Slash+1","Dodge and Roll","Footwork+1","Deadly Poison+1","Outmaneuver+1","Leg Sweep","Catalyst+1","Flying Knee","Tools of the Trade","Deflect","Dodge and Roll+1","Cloak And Dagger+1","Outmaneuver","Poisoned Stab+1","Bane+1","Backflip+1","Dodge and Roll+1","Deadly Poison+1","Poisoned Stab+1","Finesse","Poisoned Stab+1","A Thousand Cuts"],"relics":["Ring of the Snake","War Paint","Anchor","Lantern","Enchiridion","Nloth\u0027s Gift","Oddly Smooth Stone","Runic Pyramid","FossilizedHelix","Blue Candle","Molten Egg 2","StoneCalendar","Pen Nib","Ornamental Fan"],"potions_floor_usage":[7,24,33,33,33,38,41,41,45,50,50,50],"damage_taken":[{"damage":1,"enemies":"2 Louse","floor":1,"turns":3},{"damage":3,"enemies":"Jaw Worm","floor":2,"turns":3},{"damage":2,"enemies":"Cultist","floor":3,"turns":4},{"damage":5,"enemies":"Looter","floor":4,"turns":4},{"damage":4,"enemies":"2 Fungi Beasts","floor":5,"turns":4},{"damage":15,"enemies":"3 Sentries","floor":7,"turns":7},{"damage":4,"enemies":"Blue Slaver","floor":11,"turns":4},{"damage":8,"enemies":"Large Slime","floor":14,"turns":5},{"damage":38,"enemies":"Hexaghost","floor":16,"turns":12},{"damage":11,"enemies":"Shell Parasite","floor":18,"turns":5},{"damage":3,"enemies":"3 Byrds","floor":20,"turns":6},{"damage":15,"enemies":"Shelled Parasite and Fungi","floor":24,"turns":5},{"damage":1,"enemies":"Cultist and Chosen","floor":28,"turns":5},{"damage":2,"enemies":"Slavers","floor":30,"turns":6},{"damage":0,"enemies":"Snecko","floor":31,"turns":4},{"damage":42,"enemies":"Collector","floor":33,"turns":7},{"damage":0,"enemies":"Orb Walker","floor":35,"turns":3},{"damage":0,"enemies":"3 Shapes","floor":36,"turns":4},{"damage":5,"enemies":"Transient","floor":38,"turns":5},{"damage":0,"enemies":"Mind Bloom Boss Battle","floor":39,"turns":7},{"damage":0,"enemies":"Giant Head","floor":40,"turns":9},{"damage":2,"enemies":"Jaw Worm Horde","floor":41,"turns":7},{"damage":0,"enemies":"Spire Growth","floor":44,"turns":6},{"damage":22,"enemies":"2 Orb Walkers","floor":45,"turns":7},{"damage":16,"enemies":"Transient","floor":46,"turns":5},{"damage":0,"enemies":"3 Darklings","floor":47,"turns":7},{"damage":42,"enemies":"Awakened One","floor":50,"turns":15},{"damage":59,"enemies":"Shield and Spear","floor":54,"turns":9},{"damage":47,"enemies":"The Heart","floor":55,"turns":2}],"seed_played":"-7641572791283096806","potions_obtained":[{"floor":2,"key":"SpeedPotion"},{"floor":5,"key":"GamblersBrew"},{"floor":14,"key":"Ancient Potion"},{"floor":16,"key":"Fire Potion"},{"floor":20,"key":"Dexterity Potion"},{"floor":30,"key":"Poison Potion"},{"floor":31,"key":"Weak Potion"},{"floor":35,"key":"Swift Potion"},{"floor":36,"key":"FearPotion"},{"floor":40,"key":"EssenceOfSteel"},{"floor":44,"key":"FearPotion"},{"floor":46,"key":"Dexterity Potion"},{"floor":47,"key":"Strength Potion"}],"is_trial":false,"path_per_floor":["M","M","M","M","M","R","E","R","T","R","M","?","$","M","R","B",null,"M","$","M","?","?","?","M","R","T","R","M","R","E","M","R","B",null,"M","M","?","M","?","E","M","R","T","M","?","M","M","$","R","B",null,"R","$","E","B"],"character_chosen":"THE_SILENT","items_purchased":["Lantern","Footwork","Footwork","Finesse","Pen Nib","Poisoned Stab+1","Dexterity Potion"],"campfire_rested":4,"item_purchase_floors":[13,13,19,48,48,48,48],"current_hp_per_floor":[76,73,71,66,62,62,47,70,70,70,66,66,66,58,58,20,77,66,66,63,63,47,47,32,55,55,77,76,76,74,74,74,32,77,77,77,77,72,72,72,70,70,70,70,48,32,32,32,55,13,77,77,77,18,0],"gold":68,"neow_bonus":"TEN_PERCENT_HP_BONUS","is_prod":false,"is_daily":false,"chose_seed":false,"campfire_upgraded":6,"win_rate":0,"timestamp":1551132029,"path_taken":["M","M","M","M","M","R","E","R","T","R","M","?","$","M","R","BOSS","M","$","M","?","?","?","M","R","T","R","?","R","E","M","R","BOSS","M","M","?","M","?","E","M","R","T","M","?","M","M","$","R","BOSS","R","$","E","BOSS"],"build_version":"2019-01-23","purchased_purges":1,"victory":false,"max_hp_per_floor":[77,77,77,77,77,77,77,77,77,77,77,77,77,77,77,77,77,77,77,77,77,77,77,77,77,77,77,77,77,77,77,77,77,77,77,77,77,77,77,77,77,77,77,77,77,77,77,77,77,77,77,77,77,77,77],"card_choices":[{"not_picked":["Reflex","Noxious Fumes"],"picked":"Dagger Spray","floor":1},{"not_picked":["Expertise","Dash"],"picked":"Dodge and Roll","floor":2},{"not_picked":["Backflip","Prepared"],"picked":"Quick Slash","floor":3},{"not_picked":["Finisher","Prepared","Slice"],"picked":"SKIP","floor":4},{"not_picked":["Crippling Poison","Reflex"],"picked":"Flying Knee","floor":5},{"not_picked":["Endless Agony","Acrobatics"],"picked":"Backflip","floor":7},{"not_picked":["Backflip","Masterful Stab"],"picked":"Poisoned Stab","floor":11},{"not_picked":["A Thousand Cuts","Cloak And Dagger"],"picked":"Poisoned Stab","floor":14},{"not_picked":["Night Terror","Venomology"],"picked":"Unload","floor":16},{"not_picked":["Prepared","Predator"],"picked":"Dodge and Roll","floor":18},{"not_picked":["Sucker Punch","Flying Knee"],"picked":"Deadly Poison+1","floor":20},{"not_picked":["Prepared+1","Quick Slash+1"],"picked":"Outmaneuver","floor":24},{"not_picked":["Slice","After Image"],"picked":"Leg Sweep","floor":28},{"not_picked":["Expertise","Predator"],"picked":"Catalyst+1","floor":30},{"not_picked":["Well Laid Plans","A Thousand Cuts"],"picked":"Flying Knee","floor":31},{"not_picked":["Grand Finale","Doppelganger"],"picked":"Tools of the Trade","floor":33},{"not_picked":["Slice","Accuracy+1"],"picked":"Deflect","floor":35},{"not_picked":["Expertise+1","Prepared+1"],"picked":"Dodge and Roll+1","floor":36},{"not_picked":["Storm of Steel","Prepared+1"],"picked":"Cloak And Dagger+1","floor":38},{"not_picked":["Underhanded Strike","Backflip+1"],"picked":"Outmaneuver","floor":39},{"not_picked":["Flying Knee","Flechettes+1"],"picked":"Poisoned Stab+1","floor":40},{"not_picked":["Masterful Stab","Doppelganger"],"picked":"Bane+1","floor":41},{"not_picked":["Slice+1","Underhanded Strike+1"],"picked":"Backflip+1","floor":44},{"not_picked":["Backflip","Bane+1"],"picked":"Dodge and Roll+1","floor":45},{"not_picked":["Acrobatics","Blade Dance+1"],"picked":"Deadly Poison+1","floor":46},{"not_picked":["Acrobatics","Slice+1"],"picked":"Poisoned Stab+1","floor":47},{"not_picked":["Acrobatics","Unload+1"],"picked":"A Thousand Cuts","floor":54}],"player_experience":398181,"relics_obtained":[{"floor":7,"key":"War Paint"},{"floor":9,"key":"Anchor"},{"floor":22,"key":"Enchiridion"},{"floor":30,"key":"Oddly Smooth Stone"},{"floor":39,"key":"FossilizedHelix"},{"floor":40,"key":"Blue Candle"},{"floor":43,"key":"Molten Egg 2"},{"floor":45,"key":"StoneCalendar"},{"floor":54,"key":"Ornamental Fan"}],"event_choices":[{"damage_healed":0,"gold_gain":0,"player_choice":"Grow","damage_taken":0,"max_hp_gain":0,"max_hp_loss":0,"event_name":"Living Wall","floor":12,"gold_loss":0,"cards_upgraded":["Poisoned Stab"]},{"damage_healed":0,"gold_gain":0,"player_choice":"Paid Fearfully","damage_taken":0,"max_hp_gain":0,"max_hp_loss":0,"event_name":"Masked Bandits","floor":21,"gold_loss":78},{"damage_healed":0,"gold_gain":0,"player_choice":"Obtained Book","damage_taken":16,"max_hp_gain":0,"max_hp_loss":0,"event_name":"Cursed Tome","floor":22,"gold_loss":0},{"damage_healed":0,"gold_gain":0,"player_choice":"Traded Relic","damage_taken":0,"relics_obtained":["Nloth\u0027s Gift"],"max_hp_gain":0,"max_hp_loss":0,"event_name":"N\u0027loth","floor":23,"relics_lost":["Astrolabe"],"gold_loss":0},{"cards_removed":["Survivor"],"damage_healed":0,"gold_gain":0,"player_choice":"Removed Skill","damage_taken":0,"max_hp_gain":0,"max_hp_loss":0,"event_name":"Falling","floor":37,"gold_loss":0},{"damage_healed":0,"gold_gain":0,"player_choice":"Fight","damage_taken":0,"max_hp_gain":0,"max_hp_loss":0,"event_name":"MindBloom","floor":39,"gold_loss":0},{"damage_healed":0,"gold_gain":0,"player_choice":"Fight","damage_taken":0,"max_hp_gain":0,"max_hp_loss":0,"event_name":"Mysterious Sphere","floor":45,"gold_loss":0}],"is_beta":false,"boss_relics":[{"not_picked":["Lizard Tail","Ectoplasm"],"picked":"Astrolabe"},{"not_picked":["Runic Dome","Tiny House"],"picked":"Runic Pyramid"}],"items_purged_floors":[48],"is_endless":false,"potions_floor_spawned":[2,5,14,16,20,30,31,35,36,40,44,46,47],"killed_by":"The Heart","ascension_level":0}