{"gold_per_floor":[112,40,40,58,77,77,104,117,117,117,131,142,142,175,175,270,270,290,310,310,338,355,355,37,124,159,183,214,176,99,116,116,213,213,228,243,262,222,241,271,271,291,318,345,24,24,35,51,51,51,51,51,14,40,40],"floor_reached":56,"playtime":4465,"items_purged":["Strike_R"],"score":1228,"play_id":"1fc2ca35-2467-4dc1-a513-f1c5fecf4363","local_time":"20181206214349","is_ascension_mode":false,"campfire_choices":[{"data":"Infernal Blade","floor":6,"key":"SMITH"},{"data":"Hemokinesis","floor":10,"key":"SMITH"},{"data":"Searing Blow","floor":13,"key":"SMITH"},{"data":"Searing Blow+1","floor":15,"key":"SMITH"},{"data":"Havoc","floor":23,"key":"SMITH"},{"data":"Feel No Pain","floor":32,"key":"SMITH"},{"data":"Disarm","floor":41,"key":"SMITH"},{"floor":49,"key":"RECALL"},{"data":"Jack Of All Trades","floor":52,"key":"SMITH"}],"neow_cost":"NONE","seed_source_timestamp":282868861830853,"circlet_count":0,"master_deck":["Strike_R","Strike_R","Strike_R","Defend_R","Defend_R","Defend_R+1","Defend_R+1","Bash","Clash","Second Wind","Disarm+1","Infernal Blade+1","Hemokinesis+1","Searing Blow+3","Disarm","Armaments","Brutality","Battle Trance","Havoc+1","Feel No Pain+1","True Grit","Sever Soul+1","Bandage Up","Evolve","True Grit","Jack Of All Trades+1","Feel No Pain","Disarm"],"relics":["Burning Blood","Mercury Hourglass","Pantograph","Gremlin Horn","Pocketwatch","Sozu","Dead Branch","Red Mask","MawBank","Bronze Scales","Busted Crown","Ice Cream","Gambling Chip","War Paint","Centennial Puzzle"],"potions_floor_usage":[50,55,55],"damage_taken":[{"damage":1,"enemies":"Jaw Worm","floor":1,"turns":3},{"damage":4,"enemies":"Cultist","floor":4,"turns":3},{"damage":0,"enemies":"Small Slimes","floor":5,"turns":3},{"damage":9,"enemies":"Gremlin Nob","floor":7,"turns":3},{"damage":6,"enemies":"Exordium Wildlife","floor":8,"turns":2},{"damage":5,"enemies":"Looter","floor":11,"turns":2},{"damage":1,"enemies":"Red Slaver","floor":12,"turns":2},{"damage":15,"enemies":"3 Sentries","floor":14,"turns":4},{"damage":37,"enemies":"Slime Boss","floor":16,"turns":8},{"damage":2,"enemies":"Chosen","floor":18,"turns":4},{"damage":20,"enemies":"Shell Parasite","floor":19,"turns":5},{"damage":21,"enemies":"Masked Bandits","floor":21,"turns":4},{"damage":9,"enemies":"Snake Plant","floor":22,"turns":2},{"damage":2,"enemies":"Snecko","floor":27,"turns":5},{"damage":0,"enemies":"Shelled Parasite and Fungi","floor":28,"turns":3},{"damage":7,"enemies":"Chosen and Byrds","floor":31,"turns":4},{"damage":59,"enemies":"Collector","floor":33,"turns":10},{"damage":2,"enemies":"3 Shapes","floor":35,"turns":3},{"damage":23,"enemies":"3 Darklings","floor":36,"turns":3},{"damage":15,"enemies":"Maw","floor":37,"turns":6},{"damage":4,"enemies":"Transient","floor":39,"turns":5},{"damage":11,"enemies":"Reptomancer","floor":40,"turns":5},{"damage":2,"enemies":"3 Darklings","floor":42,"turns":3},{"damage":23,"enemies":"Nemesis","floor":44,"turns":9},{"damage":6,"enemies":"Sphere and 2 Shapes","floor":47,"turns":2},{"damage":2,"enemies":"Spire Growth","floor":48,"turns":3},{"damage":65,"enemies":"Time Eater","floor":50,"turns":8},{"damage":44,"enemies":"Shield and Spear","floor":54,"turns":8},{"damage":86,"enemies":"The Heart","floor":55,"turns":8}],"seed_played":"4354860227208763169","potions_obtained":[{"floor":1,"key":"Weak Potion"},{"floor":4,"key":"Strength Potion"},{"floor":7,"key":"Regen Potion"}],"is_trial":false,"path_per_floor":["M","$","?","M","M","R","E","M","T","R","M","M","R","E","R","B",null,"M","M","?","?","M","R","$","?","T","M","M","?","$","M","R","B",null,"M","M","M","?","M","E","R","M","T","E","$","$","M","M","R","B",null,"R","$","E","B",null],"character_chosen":"IRONCLAD","items_purchased":["Disarm","Feel No Pain","True Grit","MawBank","Bandage Up","Jack Of All Trades","War Paint","Feel No Pain","Disarm"],"campfire_rested":0,"item_purchase_floors":[2,24,24,24,30,45,45,45,53],"current_hp_per_floor":[80,80,80,80,80,80,77,77,77,77,78,80,80,71,71,49,80,80,66,66,51,48,48,48,40,40,44,50,50,50,53,53,27,80,80,66,61,61,67,66,66,74,74,61,61,61,65,73,73,25,80,80,80,46,10],"gold":40,"neow_bonus":"TRANSFORM_CARD","is_prod":false,"is_daily":false,"chose_seed":false,"campfire_upgraded":8,"win_rate":0,"timestamp":1544150629,"path_taken":["M","$","?","M","M","R","E","M","T","R","?","M","R","E","R","BOSS","M","M","?","?","M","R","$","?","T","?","M","?","$","M","R","BOSS","M","?","M","?","M","E","R","M","T","E","?","$","M","M","R","BOSS","R","$","E","BOSS"],"build_version":"2018-12-06","purchased_purges":1,"victory":true,"max_hp_per_floor":[80,80,80,80,80,80,80,80,80,80,80,80,80,80,80,80,80,80,80,80,80,80,80,80,80,80,80,80,80,80,80,80,80,80,80,80,80,80,80,80,80,80,80,80,80,80,80,80,80,80,80,80,80,80,80],"card_choices":[{"not_picked":["Cleave","Blood for Blood"],"picked":"Second Wind","floor":1},{"not_picked":["Thunderclap","Entrench","Warcry"],"picked":"SKIP","floor":4},{"not_picked":["Sword Boomerang","Inflame"],"picked":"Infernal Blade","floor":5},{"not_picked":["Flex","Pummel"],"picked":"Hemokinesis","floor":7},{"not_picked":["Headbutt","Havoc","Anger"],"picked":"SKIP","floor":8},{"not_picked":["Demon Form","Spot Weakness"],"picked":"Searing Blow","floor":11},{"not_picked":["Anger","Pummel"],"picked":"Disarm","floor":12},{"not_picked":["Sword Boomerang","Seeing Red"],"picked":"Armaments","floor":14},{"not_picked":["Fiend Fire","Reaper"],"picked":"Brutality","floor":16},{"not_picked":["Heavy Blade","Intimidate"],"picked":"Battle Trance","floor":18},{"not_picked":["Warcry","Sword Boomerang","Dropkick"],"picked":"SKIP","floor":19},{"not_picked":["Perfected Strike","Shockwave"],"picked":"Havoc","floor":22},{"not_picked":["Armaments+1","Rage","Combust+1"],"picked":"SKIP","floor":27},{"not_picked":["Dual Wield","Clothesline"],"picked":"Sever Soul+1","floor":28},{"not_picked":["Rampage","Bludgeon"],"picked":"Evolve","floor":31},{"not_picked":["Evolve"],"picked":"SKIP","floor":35},{"not_picked":["Dropkick"],"picked":"SKIP","floor":36},{"not_picked":["Carnage"],"picked":"SKIP","floor":37},{"not_picked":[],"picked":"True Grit","floor":39},{"not_picked":["Iron Wave"],"picked":"SKIP","floor":40},{"not_picked":["Sword Boomerang"],"picked":"SKIP","floor":42},{"not_picked":["Dropkick+1"],"picked":"SKIP","floor":44},{"not_picked":["Flame Barrier+1"],"picked":"SKIP","floor":47},{"not_picked":["Combust+1"],"picked":"SKIP","floor":48},{"not_picked":["Armaments+1"],"picked":"SKIP","floor":54}],"player_experience":397431,"relics_obtained":[{"floor":3,"key":"Mercury Hourglass"},{"floor":7,"key":"Pantograph"},{"floor":9,"key":"Gremlin Horn"},{"floor":14,"key":"Pocketwatch"},{"floor":21,"key":"Red Mask"},{"floor":26,"key":"Bronze Scales"},{"floor":40,"key":"Ice Cream"},{"floor":44,"key":"Gambling Chip"},{"floor":54,"key":"Centennial Puzzle"}],"event_choices":[{"damage_healed":0,"gold_gain":0,"player_choice":"Relic","damage_taken":0,"max_hp_gain":0,"max_hp_loss":0,"event_name":"Wheel of Change","floor":3,"gold_loss":0},{"damage_healed":0,"gold_gain":0,"player_choice":"Opened","damage_taken":0,"relics_obtained":["Dead Branch"],"max_hp_gain":0,"max_hp_loss":0,"event_name":"The Mausoleum","floor":20,"gold_loss":0},{"damage_healed":0,"gold_gain":0,"player_choice":"Fought Bandits","damage_taken":0,"max_hp_gain":0,"max_hp_loss":0,"event_name":"Masked Bandits","floor":21,"gold_loss":0},{"damage_healed":0,"gold_gain":75,"player_choice":"Touch","damage_taken":8,"max_hp_gain":0,"max_hp_loss":0,"event_name":"FaceTrader","floor":25,"gold_loss":0},{"damage_healed":0,"gold_gain":0,"player_choice":"Bet on Murderer","damage_taken":0,"max_hp_gain":0,"max_hp_loss":0,"event_name":"The Joust","floor":29,"gold_loss":50},{"damage_healed":0,"gold_gain":0,"player_choice":"Upgrade","damage_taken":0,"max_hp_gain":0,"max_hp_loss":0,"event_name":"Designer","floor":38,"gold_loss":40,"cards_upgraded":["Searing Blow"]}],"is_beta":true,"boss_relics":[{"not_picked":["Runic Dome","Coffee Dripper"],"picked":"Sozu"},{"not_picked":["Velvet Choker","Eternal Feather"],"picked":"Busted Crown"}],"items_purged_floors":[24],"is_endless":false,"potions_floor_spawned":[1,4,7,8,14,19,22,27,37,39,47],"ascension_level":0}