{"path_per_floor":["M","$","?","M","?","E","R","M","T","R","M","M","E","?","R"],"character_chosen":"THE_SILENT","items_purchased":["Bag of Marbles","Cloak And Dagger"],"gold_per_floor":[213,40,290,308,308,333,333,348,348,348,368,378,404,404,404,404],"floor_reached":16,"campfire_rested":2,"playtime":679,"current_hp_per_floor":[62,62,62,56,56,12,33,33,33,33,32,17,11,11,32,0],"items_purged":[],"gold":404,"score":110,"play_id":"38ae75c4-d1c7-4a1e-9621-98dd0977d134","local_time":"20180426215103","is_prod":false,"is_daily":false,"chose_seed":false,"is_ascension_mode":false,"campfire_upgraded":1,"timestamp":1524793863,"path_taken":["M","$","?","M","?","E","R","?","T","R","M","M","E","?","R","BOSS"],"build_version":"2018-04-26","seed_source_timestamp":15910083441330,"purchased_purges":0,"victory":false,"master_deck":["Defend_G","Defend_G","Defend_G","Defend_G","Defend_G","Strike_G","Strike_G","Strike_G","Strike_G","Survivor","Neutralize","Well Laid Plans","Cloak And Dagger+1","Regret","Escape Plan","Deflect","Accuracy","Malaise","Leg Sweep","Skewer"],"max_hp_per_floor":[70,70,70,70,70,70,70,70,70,70,70,70,70,70,70,70],"relics":["Ring of the Snake","Bag of Marbles","Kunai","Juzu Bracelet","Blood Vial"],"card_choices":[{"not_picked":["PiercingWail","Flechettes"],"picked":"Well Laid Plans","floor":1},{"not_picked":["Deflect","Setup"],"picked":"Escape Plan","floor":4},{"not_picked":["Flying Knee","Grand Finale"],"picked":"Deflect","floor":6},{"not_picked":["Slice","Acrobatics"],"picked":"Accuracy","floor":8},{"not_picked":["Slice","Sucker Punch"],"picked":"Malaise","floor":11},{"not_picked":["Dagger Spray","Flechettes"],"picked":"Leg Sweep","floor":12}],"player_experience":212796,"potions_floor_usage":[6,12],"damage_taken":[{"damage":8,"enemies":"Jaw Worm","floor":1,"turns":3},{"damage":6,"enemies":"Cultist","floor":4,"turns":4},{"damage":44,"enemies":"Lagavulin","floor":6,"turns":8},{"damage":0,"enemies":"2 Louse","floor":8,"turns":2},{"damage":1,"enemies":"Lots of Slimes","floor":11,"turns":5},{"damage":15,"enemies":"Gremlin Gang","floor":12,"turns":5},{"damage":6,"enemies":"3 Sentries","floor":13,"turns":15},{"damage":34,"enemies":"Hexaghost","floor":16,"turns":19}],"event_choices":[{"event_name":"Golden Shrine","player_choice":"Desecrate","floor":3,"damage_taken":0},{"event_name":"The Woman in Blue","player_choice":"Bought 0 Potions","floor":5,"damage_taken":0},{"event_name":"Transmorgrifier","player_choice":"Transform","floor":14,"damage_taken":0}],"boss_relics":[],"potions_floor_spawned":[4,6,11],"seed_played":"-1516452048959016096","killed_by":"Hexaghost","ascension_level":0,"is_trial":false}