{"path_per_floor":["M","?","M","M","M","E","?","E","T","E","R","?","M","$","R"],"character_chosen":"DEFECT","items_purchased":["Thread and Needle"],"gold_per_floor":[110,185,201,214,226,253,253,286,311,351,351,351,370,58,58,58],"floor_reached":16,"campfire_rested":1,"playtime":732,"item_purchase_floors":[14],"current_hp_per_floor":[75,64,61,61,50,33,33,9,9,5,27,27,23,23,23,0],"items_purged":[],"gold":58,"score":120,"play_id":"d2ff51b5-2da7-4951-9ea8-5e75b153ed61","local_time":"20180607015118","is_prod":false,"is_daily":false,"chose_seed":false,"is_ascension_mode":false,"campfire_upgraded":1,"win_rate":0.0,"timestamp":1528329078,"campfire_choices":[{"floor":11,"key":"REST"},{"data":"Zap","floor":15,"key":"SMITH"}],"path_taken":["M","?","M","M","M","E","?","E","T","E","R","?","M","$","R","BOSS"],"build_version":"2018-05-31","seed_source_timestamp":45442660488555,"purchased_purges":0,"victory":false,"master_deck":["Strike_B+1","Strike_B","Strike_B","Strike_B","Defend_B","Defend_B","Defend_B+1","Defend_B","Zap+1","Dualcast+1","Double Energy","Genetic Algorithm","BootSequence","FTL","Injury","All For One+1","Storm","Decay","Heatsinks"],"max_hp_per_floor":[75,75,75,75,75,75,75,75,75,75,75,75,75,75,75,75],"relics":["Cracked Core","Bag of Marbles","Golden Idol","Whetstone","War Paint","Juzu Bracelet","Thread and Needle"],"card_choices":[{"not_picked":["Turbo","Coolheaded"],"picked":"Double Energy","floor":1},{"not_picked":["Barrage","Coolheaded"],"picked":"Genetic Algorithm","floor":3},{"not_picked":["Go for the Eyes","Beam Cell"],"picked":"BootSequence","floor":4},{"not_picked":["Rebound","Beam Cell","Turbo"],"picked":"SKIP","floor":5},{"not_picked":["Genetic Algorithm","Recycle"],"picked":"FTL","floor":6},{"not_picked":["Skim","Stack"],"picked":"All For One","floor":8},{"not_picked":["Skim","Gash"],"picked":"Storm","floor":10},{"not_picked":["Coolheaded","Hello World"],"picked":"Heatsinks","floor":13}],"player_experience":331088,"potions_floor_usage":[6,8,10],"damage_taken":[{"damage":0,"enemies":"2 Louse","floor":1,"turns":2},{"damage":3,"enemies":"Small Slimes","floor":3,"turns":3},{"damage":0,"enemies":"Jaw Worm","floor":4,"turns":3},{"damage":11,"enemies":"2 Fungi Beasts","floor":5,"turns":3},{"damage":17,"enemies":"3 Sentries","floor":6,"turns":9},{"damage":24,"enemies":"Lagavulin","floor":8,"turns":9},{"damage":4,"enemies":"3 Sentries","floor":10,"turns":5},{"damage":4,"enemies":"Blue Slaver","floor":13,"turns":3},{"damage":25,"enemies":"Hexaghost","floor":16,"turns":9}],"relics_obtained":[{"floor":6,"key":"Bag of Marbles"},{"floor":8,"key":"Whetstone"},{"floor":9,"key":"War Paint"},{"floor":10,"key":"Juzu Bracelet"}],"event_choices":[{"event_name":"World of Goop","player_choice":"Gather Gold","floor":2,"damage_taken":0},{"event_name":"Golden Idol","player_choice":"Take Wound","floor":7,"damage_taken":0},{"event_name":"Wheel of Change","player_choice":"Curse","floor":12,"damage_taken":0}],"boss_relics":[],"items_purged_floors":[],"potions_floor_spawned":[1,5,6],"seed_played":"7402831103218541439","killed_by":"Hexaghost","ascension_level":0,"potions_obtained":[{"floor":1,"key":"Block Potion"},{"floor":5,"key":"Swift Potion"},{"floor":6,"key":"SkillPotion"}],"is_trial":false}