{"gold_per_floor":[117,133,143,161,177,177,209,209,281,313,313],"floor_reached":11,"playtime":371,"items_purged":[],"score":128,"play_id":"dd62fca4-e766-4b72-b9f1-285a20e20b36","local_time":"20190124172645","is_ascension_mode":true,"campfire_choices":[{"data":"Streamline","floor":6,"key":"SMITH"},{"floor":8,"key":"REST"}],"neow_cost":"PERCENT_DAMAGE","seed_source_timestamp":428263361524642,"circlet_count":0,"master_deck":["AscendersBane","Strike_B","Strike_B","Defend_B","Defend_B","Defend_B","Defend_B","Zap","Dualcast","Redo","Loop","Streamline+1","White Noise","Cold Snap","Capacitor"],"relics":["Cracked Core","DataDisk","Dodecahedron","StoneCalendar"],"potions_floor_usage":[10],"damage_taken":[{"damage":0,"enemies":"Cultist","floor":1,"turns":4},{"damage":7,"enemies":"Jaw Worm","floor":2,"turns":3},{"damage":3,"enemies":"Small Slimes","floor":3,"turns":3},{"damage":5,"enemies":"2 Fungi Beasts","floor":4,"turns":4},{"damage":16,"enemies":"Blue Slaver","floor":5,"turns":4},{"damage":18,"enemies":"Lagavulin","floor":7,"turns":5},{"damage":22,"enemies":"Gremlin Nob","floor":10,"turns":4},{"damage":7,"enemies":"Exordium Wildlife","floor":11,"turns":1}],"seed_played":"-6090674622135663961","potions_obtained":[{"floor":3,"key":"GamblersBrew"},{"floor":5,"key":"SpeedPotion"},{"floor":10,"key":"FocusPotion"}],"is_trial":false,"path_per_floor":["M","M","M","M","M","R","E","R","T","E","M"],"character_chosen":"DEFECT","items_purchased":[],"campfire_rested":1,"item_purchase_floors":[],"current_hp_per_floor":[50,43,40,35,19,19,1,23,23,1,0],"gold":313,"neow_bonus":"REMOVE_TWO","is_prod":false,"is_daily":false,"chose_seed":false,"campfire_upgraded":1,"win_rate":0,"timestamp":1548347205,"path_taken":["M","?","M","M","M","R","E","R","T","E","M"],"build_version":"2019-01-23","purchased_purges":0,"victory":false,"max_hp_per_floor":[75,75,75,75,75,75,75,75,75,75,75],"card_choices":[{"not_picked":["Sweeping Beam","Go for the Eyes"],"picked":"Redo","floor":1},{"not_picked":["Static Discharge","Barrage"],"picked":"Loop","floor":2},{"not_picked":["Rebound","Loop"],"picked":"Streamline","floor":3},{"not_picked":["Redo","Go for the Eyes"],"picked":"White Noise","floor":4},{"not_picked":["Leap","Redo"],"picked":"Cold Snap","floor":5},{"not_picked":["Amplify","Leap"],"picked":"Capacitor","floor":7},{"not_picked":["Reprogram","Genetic Algorithm","Streamline"],"picked":"SKIP","floor":10}],"player_experience":696120,"relics_obtained":[{"floor":7,"key":"DataDisk"},{"floor":9,"key":"Dodecahedron"},{"floor":10,"key":"StoneCalendar"}],"event_choices":[],"is_beta":false,"boss_relics":[],"items_purged_floors":[],"is_endless":false,"potions_floor_spawned":[3,5,10],"killed_by":"Exordium Wildlife","ascension_level":10}