{"path_per_floor":["M","M","M","M","$","E","R","E","T","R","E","M","M","?","R","B",null,"M","?","M","$","$","E","R","M","T","R","M","R","E","M","R","B",null,"M","M","?","M","$","R","E","R","T","M","?","M","M","?","R"],"character_chosen":"THE_SILENT","items_purchased":["Omamori","Well Laid Plans","Paper Crane"],"gold_per_floor":[119,139,158,174,18,48,48,75,75,75,109,122,135,135,135,236,236,250,150,168,24,24,53,53,65,65,65,75,75,106,120,120,225,225,242,256,256,270,21,21,55,55,55,65,0,19,37,37,37],"floor_reached":50,"campfire_rested":4,"playtime":4806,"current_hp_per_floor":[60,60,59,48,48,33,33,24,24,47,11,11,10,10,33,29,77,67,67,63,63,63,16,42,29,29,29,26,52,49,37,37,9,87,84,86,76,65,65,65,64,64,64,63,63,59,59,59,59],"items_purged":["Normality"],"gold":37,"play_id":"90b96a4f-0e9e-4721-a9d9-2c9da0be9abc","is_prod":false,"is_daily":false,"is_ascension_mode":true,"campfire_upgraded":5,"path_taken":["M","M","M","M","$","E","R","E","T","R","E","M","M","?","R","BOSS","M","?","M","?","$","E","R","M","T","R","M","R","E","M","R","BOSS","M","M","?","M","$","R","E","R","T","M","?","M","M","?","R","BOSS"],"build_version":"2018-01-25-PROD3","purchased_purges":1,"victory":false,"master_deck":["Defend_G","Defend_G","Defend_G","Defend_G","Defend_G","Strike_G","Strike_G","Strike_G","Survivor","Neutralize+1","Terror+1","Blade Dance","Blur","Caltrops","Acrobatics","Footwork+1","Dagger Spray","Dagger Throw","Escape Plan","Die Die Die","Riddle With Holes+1","J.A.X.","Sucker Punch","Well Laid Plans","Cloak And Dagger+1","Cloak And Dagger+1","Backstab","Burst","Adrenaline+1","Madness+1","Madness","Deflect+1","Writhe","Outmaneuver+1"],"max_hp_per_floor":[63,63,63,63,63,63,63,77,77,77,77,77,77,77,77,77,77,77,77,77,77,77,87,87,87,87,87,87,87,87,87,87,87,87,87,87,87,87,87,87,87,87,87,87,87,87,87,87,87],"relics":["Ring of the Snake","Omamori","Ginger","Mango","Sundial","Kunai","Calling Bell","Oddly Smooth Stone","Ancient Tea Set","Centennial Puzzle","Pear","Letter Opener","Blood Vial","Cursed Key","Paper Crane","Mercury Hourglass","Shovel","Red Mask","Meat on the Bone"],"card_choices":[{"not_picked":["Dagger Spray","Outmaneuver"],"picked":"Terror"},{"not_picked":["Bane","Acrobatics"],"picked":"Blade Dance"},{"not_picked":["Dodge and Roll","Flying Knee"],"picked":"Blur"},{"not_picked":["Dodge and Roll","Terror"],"picked":"Caltrops"},{"not_picked":["Phantasmal Killer","Flying Knee"],"picked":"Acrobatics"},{"not_picked":["Outmaneuver","Deadly Poison"],"picked":"Footwork"},{"not_picked":["Terror","Venomology"],"picked":"Dagger Spray"},{"not_picked":["Deadly Poison","Noxious Fumes"],"picked":"Dagger Throw"},{"not_picked":["Outmaneuver","Reflex"],"picked":"Escape Plan"},{"not_picked":["Corpse Explosion","A Thousand Cuts"],"picked":"Die Die Die"},{"not_picked":["Distraction","Choke"],"picked":"Riddle With Holes"},{"not_picked":["Dodge and Roll","Distraction"],"picked":"Sucker Punch"},{"not_picked":["Catalyst","Bane"],"picked":"Cloak And Dagger"},{"not_picked":["Noxious Fumes","Terror"],"picked":"Cloak And Dagger"},{"not_picked":["Poisoned Stab","All Out Attack"],"picked":"Backstab"},{"not_picked":["Dodge and Roll","Slice"],"picked":"Burst"},{"not_picked":["Doppelganger","Phantasmal Killer"],"picked":"Adrenaline"},{"not_picked":["Venomology","Bane"],"picked":"Deflect"},{"not_picked":["Cloak And Dagger","Deadly Poison"],"picked":"Outmaneuver"}],"player_experience":86004,"potions_floor_usage":[8,8,16,18,25,31,33,50,50,50],"damage_taken":[{"damage":3.0,"enemies":"Jaw Worm","floor":1.0,"turns":6.0},{"damage":0.0,"enemies":"Small Slimes","floor":2.0,"turns":4.0},{"damage":1.0,"enemies":"2 Louse","floor":3.0,"turns":4.0},{"damage":11.0,"enemies":"Exordium Thugs","floor":4.0,"turns":7.0},{"damage":15.0,"enemies":"Lagavulin","floor":6.0,"turns":10.0},{"damage":23,"enemies":"3 Sentries","floor":8,"turns":9},{"damage":36,"enemies":"Gremlin Nob","floor":11,"turns":6},{"damage":0,"enemies":"Large Slime","floor":12,"turns":5},{"damage":1,"enemies":"3 Louse","floor":13,"turns":4},{"damage":4,"enemies":"Hexaghost","floor":16,"turns":9},{"damage":10,"enemies":"Spheric Guardian","floor":18,"turns":6},{"damage":4,"enemies":"Chosen","floor":20,"turns":3},{"damage":57,"enemies":"Gremlin Leader","floor":23,"turns":7},{"damage":13,"enemies":"Sentry and Sphere","floor":25,"turns":3},{"damage":3,"enemies":"Chosen and Byrds","floor":28,"turns":4},{"damage":3,"enemies":"Slavers","floor":30,"turns":5},{"damage":14,"enemies":"Snecko","floor":31,"turns":5},{"damage":30,"enemies":"Automaton","floor":33,"turns":13},{"damage":3,"enemies":"Orb Walker","floor":35,"turns":2},{"damage":0,"enemies":"3 Shapes","floor":36,"turns":3},{"damage":13,"enemies":"Sphere and 2 Shapes","floor":38,"turns":4},{"damage":3,"enemies":"Nemesis","floor":41,"turns":7},{"damage":3,"enemies":"Maw","floor":44,"turns":6},{"damage":6,"enemies":"4 Shapes","floor":46,"turns":7},{"damage":2,"enemies":"Sphere and 2 Shapes","floor":47,"turns":5},{"damage":86,"enemies":"Time Eater","floor":50,"turns":14}],"event_choices":[{"event_name":"Dead Adventurer","player_choice":"Searched \u00270\u0027 times","floor":14,"damage_taken":0},{"event_name":"Drug Dealer","player_choice":"Got JAXXED","floor":19,"damage_taken":0},{"event_name":"Winding Halls","player_choice":"Embrace Madness","floor":37,"damage_taken":0},{"event_name":"Tomb of Lord Red Mask","player_choice":"Paid","floor":45,"damage_taken":0},{"event_name":"The Lab","player_choice":"Got Potions","floor":48,"damage_taken":0}],"boss_relics":[{"not_picked":["Astrolabe","Velvet Choker"],"picked":"Calling Bell"},{"not_picked":["Eternal Feather","Orrery"],"picked":"Cursed Key"}],"potions_floor_spawned":[1,6,12,13,18,23,30,36,41],"seed_played":"3771524679812580720","killed_by":"Time Eater","ascension_level":1,"is_trial":false}