{"gold_per_floor":[209,225,225,237,252,252,222,234,234,234,81,93,25,58,58,154,154,166,265,56,73,85,85,102,102,102,121,121,132,132,212,212,310,310,326,337,337],"floor_reached":37,"playtime":1423,"items_purged":[],"score":448,"play_id":"4bcf7099-ae78-42d6-99f1-934a2cf58145","local_time":"20190305095237","is_ascension_mode":false,"campfire_choices":[{"data":"Cleave","floor":6,"key":"SMITH"},{"data":"Headbutt","floor":10,"key":"SMITH"},{"floor":15,"key":"RECALL"},{"data":"Twin Strike","floor":23,"key":"SMITH"},{"data":"Defend_R","floor":25,"key":"SMITH"},{"floor":28,"key":"REST"},{"data":"Defend_R","floor":30,"key":"SMITH"},{"data":"Defend_R","floor":32,"key":"SMITH"}],"neow_cost":"NONE","seed_source_timestamp":570731071111,"circlet_count":0,"master_deck":["Strike_R","Strike_R","Strike_R","Strike_R","Strike_R","Defend_R","Defend_R+1","Defend_R+1","Defend_R+1","Bash+1","Pommel Strike","Headbutt+1","Cleave+1","Twin Strike+1","Combust+1","Barricade+1","Metallicize+1","Inflame+1","Corruption+1","Shrug It Off+1","Sentinel+1","Metallicize+1","Iron Wave+1"],"relics":["Burning Blood","Frozen Egg 2","Pen Nib","Potion Belt","Eternal Feather","Lee\u0027s Waffle","Bottled Tornado","Cursed Key"],"potions_floor_usage":[14,14,14,14,21,22,22,33,33],"damage_taken":[{"damage":9,"enemies":"2 Louse","floor":1,"turns":3},{"damage":10,"enemies":"Jaw Worm","floor":2,"turns":6},{"damage":1,"enemies":"Cultist","floor":4,"turns":3},{"damage":10,"enemies":"Looter","floor":5,"turns":3},{"damage":6,"enemies":"Exordium Wildlife","floor":8,"turns":2},{"damage":0,"enemies":"Large Slime","floor":12,"turns":3},{"damage":2,"enemies":"Lagavulin","floor":14,"turns":3},{"damage":5,"enemies":"Slime Boss","floor":16,"turns":7},{"damage":37,"enemies":"2 Thieves","floor":18,"turns":3},{"damage":28,"enemies":"Spheric Guardian","floor":21,"turns":6},{"damage":21,"enemies":"Snake Plant","floor":22,"turns":4},{"damage":20,"enemies":"Centurion and Healer","floor":24,"turns":7},{"damage":40,"enemies":"Shelled Parasite and Fungi","floor":27,"turns":6},{"damage":2,"enemies":"Chosen and Byrds","floor":29,"turns":8},{"damage":70,"enemies":"Automaton","floor":33,"turns":14},{"damage":22,"enemies":"3 Shapes","floor":35,"turns":4},{"damage":69,"enemies":"3 Darklings","floor":36,"turns":5},{"damage":29,"enemies":"Transient","floor":37,"turns":4}],"seed_played":"-2370154651594946551","potions_obtained":[{"floor":1,"key":"FairyPotion"},{"floor":7,"key":"EntropicBrew"},{"floor":7,"key":"Energy Potion"},{"floor":12,"key":"Fire Potion"},{"floor":14,"key":"FearPotion"},{"floor":16,"key":"EssenceOfSteel"},{"floor":18,"key":"BloodPotion"},{"floor":24,"key":"Energy Potion"},{"floor":27,"key":"Energy Potion"},{"floor":35,"key":"Dexterity Potion"}],"is_trial":false,"path_per_floor":["M","M","?","M","M","R","?","M","T","R","$","M","$","E","R","B",null,"M","?","$","M","M","R","M","R","T","M","R","M","R","T","R","B",null,"M","M","M"],"character_chosen":"IRONCLAD","items_purchased":["Pen Nib","Combust+1","Lee\u0027s Waffle"],"campfire_rested":1,"item_purchase_floors":[11,13,20],"current_hp_per_floor":[77,73,73,78,74,74,74,74,74,74,74,80,80,80,80,80,80,49,49,87,65,58,67,53,62,62,28,66,70,82,82,87,23,87,71,8,0],"gold":337,"neow_bonus":"HUNDRED_GOLD","is_prod":false,"is_daily":false,"chose_seed":false,"campfire_upgraded":6,"win_rate":0,"timestamp":1551801157,"path_taken":["M","M","?","M","M","R","?","?","T","R","$","M","$","E","R","BOSS","M","?","$","M","M","R","M","R","T","M","R","M","R","?","R","BOSS","M","M","M"],"build_version":"2019-01-23","purchased_purges":0,"victory":false,"max_hp_per_floor":[80,80,80,80,80,80,80,80,80,80,80,80,80,80,80,80,80,80,80,87,87,87,87,87,87,87,87,87,87,87,87,87,87,87,87,87,87],"card_choices":[{"not_picked":["Dual Wield","Anger","Inflame"],"picked":"SKIP","floor":1},{"not_picked":["Wild Strike","Armaments"],"picked":"Pommel Strike","floor":2},{"not_picked":["Thunderclap","Reckless Charge"],"picked":"Headbutt","floor":4},{"not_picked":["Combust","Iron Wave"],"picked":"Cleave","floor":5},{"not_picked":["Carnage","Flex","Dual Wield"],"picked":"SKIP","floor":8},{"not_picked":["Power Through","Seeing Red"],"picked":"Twin Strike","floor":12},{"not_picked":["Twin Strike","Headbutt","Pommel Strike"],"picked":"SKIP","floor":14},{"not_picked":["Offering","Brutality+1"],"picked":"Barricade+1","floor":16},{"not_picked":["Intimidate+1","Corruption+1"],"picked":"Metallicize+1","floor":18},{"not_picked":["Pommel Strike+1","Sever Soul","Sword Boomerang"],"picked":"SKIP","floor":21},{"not_picked":["Clothesline","Perfected Strike+1"],"picked":"Inflame+1","floor":22},{"not_picked":["Feel No Pain+1","Anger"],"picked":"Corruption+1","floor":24},{"not_picked":["Blood for Blood","Combust+1"],"picked":"Shrug It Off+1","floor":27},{"not_picked":["Twin Strike","Wild Strike"],"picked":"Sentinel+1","floor":29},{"not_picked":["Searing Blow+1","Twin Strike+1"],"picked":"Metallicize+1","floor":35},{"not_picked":["Clothesline","Armaments"],"picked":"Iron Wave+1","floor":36}],"player_experience":545231,"relics_obtained":[{"floor":9,"key":"Frozen Egg 2"},{"floor":14,"key":"Potion Belt"},{"floor":26,"key":"Bottled Tornado"}],"event_choices":[{"damage_healed":0,"gold_gain":0,"player_choice":"Grow","damage_taken":0,"max_hp_gain":0,"max_hp_loss":0,"event_name":"Living Wall","floor":3,"gold_loss":0,"cards_upgraded":["Bash"]},{"damage_healed":0,"gold_gain":0,"player_choice":"Bought 2 Potions","damage_taken":0,"max_hp_gain":0,"max_hp_loss":0,"event_name":"The Woman in Blue","floor":7,"gold_loss":0},{"damage_healed":0,"gold_gain":99,"player_choice":"Stole From Cult","damage_taken":0,"max_hp_gain":0,"max_hp_loss":0,"event_name":"Nest","floor":19,"gold_loss":0}],"is_beta":false,"boss_relics":[{"not_picked":["Fusion Hammer","Sozu"],"picked":"Eternal Feather"},{"not_picked":["Coffee Dripper","Runic Cube"],"picked":"Cursed Key"}],"items_purged_floors":[],"is_endless":false,"potions_floor_spawned":[1,12,14,16,18,24,27,35],"killed_by":"Transient","ascension_level":0}