{"gold_per_floor":[118,136,136,136,147,147,163,180,180,130,130,55,55,3,3,105,155,166,166,166,155,80,80,80,80,134,134,134,134,148,48,48,48],"floor_reached":33,"playtime":2241,"items_purged":["Amplify","Defend_B"],"score":231,"play_id":"a7c41e71-f8c3-4b5e-b8b2-03afa2dfbce3","local_time":"20181223020240","is_ascension_mode":false,"campfire_choices":[{"data":"Capacitor","floor":6,"key":"SMITH"},{"data":"Zap","floor":11,"key":"SMITH"},{"data":"Cold Snap","floor":13,"key":"SMITH"},{"data":"Cold Snap","floor":15,"key":"SMITH"},{"data":"Dualcast","floor":23,"key":"SMITH"},{"data":"Conserve Battery","floor":25,"key":"SMITH"},{"data":"Go for the Eyes","floor":28,"key":"SMITH"},{"floor":32,"key":"REST"}],"neow_cost":"NONE","seed_source_timestamp":109862043975455,"circlet_count":0,"master_deck":["Strike_B","Strike_B","Defend_B","Defend_B+1","Defend_B","Zap+1","Dualcast+1","Capacitor+1","Cold Snap+1","Conserve Battery+1","Cold Snap+1","Machine Learning","Go for the Eyes+1","Conserve Battery+1","Necronomicurse","Iron Wave"],"relics":["Cracked Core","Strawberry","Blue Candle","Tiny House","Necronomicon","PreservedInsect"],"potions_floor_usage":[8,8,21],"damage_taken":[{"damage":1,"enemies":"Cultist","floor":1,"turns":3},{"damage":6,"enemies":"Jaw Worm","floor":2,"turns":2},{"damage":3,"enemies":"Small Slimes","floor":5,"turns":3},{"damage":10,"enemies":"Looter","floor":7,"turns":3},{"damage":5,"enemies":"Large Slime","floor":8,"turns":5},{"damage":24,"enemies":"The Guardian","floor":16,"turns":12},{"damage":6,"enemies":"Chosen","floor":18,"turns":4},{"damage":8,"enemies":"2 Thieves","floor":21,"turns":4},{"damage":4,"enemies":"Centurion and Healer","floor":30,"turns":25},{"damage":85,"enemies":"Collector","floor":33,"turns":7}],"seed_played":"-7041379526946188495","potions_obtained":[{"floor":2,"key":"PowerPotion"},{"floor":5,"key":"Swift Potion"},{"floor":7,"key":"EssenceOfSteel"},{"floor":17,"key":"EssenceOfSteel"},{"floor":21,"key":"FocusPotion"}],"is_trial":false,"path_per_floor":["M","M","?","T","M","R","M","M","T","?","R","$","R","$","R","B",null,"M","?","?","M","?","R","$","R","T","?","R","?","M","$","R","B"],"character_chosen":"DEFECT","items_purchased":["Cold Snap"],"campfire_rested":1,"item_purchase_floors":[14],"current_hp_per_floor":[74,68,68,75,72,72,62,57,57,57,57,57,57,57,57,33,87,81,65,65,57,57,57,57,57,57,57,57,57,53,53,79,0],"gold":48,"neow_bonus":"ONE_RANDOM_RARE_CARD","is_prod":false,"is_daily":false,"chose_seed":false,"campfire_upgraded":7,"win_rate":0.0,"timestamp":1545559360,"path_taken":["M","?","?","?","?","R","M","M","T","?","R","$","R","$","R","BOSS","M","?","?","M","?","R","$","R","T","?","R","?","M","$","R","BOSS"],"build_version":"2018-12-20","purchased_purges":2,"victory":false,"max_hp_per_floor":[75,75,75,82,82,82,82,82,82,82,82,82,82,82,82,82,87,87,87,87,87,87,87,87,87,87,87,87,87,87,87,87,87],"card_choices":[{"not_picked":["Coolheaded","Blizzard"],"picked":"Lockon","floor":1},{"not_picked":["Undo","Chill"],"picked":"Rebound","floor":2},{"not_picked":["Conserve Battery","Rebound"],"picked":"Capacitor","floor":5},{"not_picked":["Capacitor","Leap"],"picked":"Cold Snap","floor":7},{"not_picked":["Capacitor","Beam Cell"],"picked":"Conserve Battery","floor":8},{"not_picked":["Rainbow","Multi-Cast"],"picked":"Machine Learning","floor":16},{"not_picked":["Streamline","Reinforced Body"],"picked":"Go for the Eyes","floor":17},{"not_picked":["Rip and Tear","Static Discharge"],"picked":"Conserve Battery+1","floor":18},{"not_picked":["Cold Snap","Scrape+1","Compile Driver"],"picked":"SKIP","floor":21},{"not_picked":["Beam Cell","Rebound+1","Leap"],"picked":"SKIP","floor":30}],"player_experience":229765,"relics_obtained":[{"floor":4,"key":"Strawberry"},{"floor":9,"key":"Blue Candle"},{"floor":19,"key":"Necronomicon"},{"floor":26,"key":"PreservedInsect"}],"event_choices":[{"damage_healed":0,"gold_gain":0,"player_choice":"Ignored","damage_taken":0,"max_hp_gain":0,"max_hp_loss":0,"event_name":"Liars Game","floor":3,"gold_loss":0},{"cards_removed":["Strike_B"],"damage_healed":0,"gold_gain":0,"player_choice":"Card Removal","damage_taken":0,"max_hp_gain":0,"max_hp_loss":0,"event_name":"The Cleric","floor":10,"gold_loss":50},{"damage_healed":0,"gold_gain":0,"player_choice":"Obtained Book","damage_taken":16,"max_hp_gain":0,"max_hp_loss":0,"event_name":"Cursed Tome","floor":19,"gold_loss":0},{"cards_removed":["Strike_B"],"damage_healed":0,"gold_gain":0,"player_choice":"Elegance","damage_taken":0,"max_hp_gain":0,"max_hp_loss":0,"event_name":"Back to Basics","floor":20,"gold_loss":0},{"cards_removed":["Lockon"],"damage_healed":0,"gold_gain":0,"player_choice":"Gave Gold","damage_taken":0,"max_hp_gain":0,"max_hp_loss":0,"event_name":"Beggar","floor":22,"gold_loss":75},{"damage_healed":0,"gold_gain":0,"player_choice":"Ignored","damage_taken":0,"max_hp_gain":0,"max_hp_loss":0,"event_name":"Ghosts","floor":27,"gold_loss":0},{"cards_removed":["Rebound"],"damage_healed":0,"gold_gain":0,"player_choice":"Took Card","damage_taken":0,"max_hp_gain":0,"max_hp_loss":0,"event_name":"NoteForYourself","floor":29,"gold_loss":0,"cards_obtained":["Iron Wave"]}],"is_beta":false,"boss_relics":[{"not_picked":["Pandora\u0027s Box","Ectoplasm"],"picked":"Tiny House"}],"items_purged_floors":[12,31],"is_endless":false,"potions_floor_spawned":[2,5,7,21],"killed_by":"Collector","ascension_level":0}