{"gold_per_floor":[112,129,149,23,40,70,82,82,82,82,108,183,183,12,12,107,107,122,122,23,123,205,205,216,236,236,252,252,282,294,320,332,448,460,482,494,506,531,543,555,567],"floor_reached":41,"playtime":4085,"items_purged":["Strike_G"],"score":451,"play_id":"8d7c84c4-1035-4bf3-b401-1a1a6ca987ba","local_time":"20190221193551","is_ascension_mode":false,"campfire_choices":[{"floor":8.0,"key":"REST"},{"floor":15.0,"key":"REST"},{"floor":23.0,"key":"DIG"},{"floor":28.0,"key":"DIG"},{"floor":30.0,"key":"DIG"},{"data":"Terror","floor":32.0,"key":"SMITH"},{"floor":40,"key":"REST"}],"neow_cost":"NONE","seed_source_timestamp":0,"circlet_count":0,"master_deck":["Survivor","Neutralize","Deadly Poison+1","Terror+1","Bane","Noxious Fumes","Poisoned Stab","Dodge and Roll","Distraction+1","Masterful Stab","Escape Plan","Cloak And Dagger","Night Terror","Well Laid Plans","Footwork","PiercingWail","Deflect+1","Prepared","Outmaneuver+1","Backflip+1","Deadly Poison+1","Catalyst","Die Die Die","Crippling Poison+1","Dodge and Roll+1","Noxious Fumes+1","Adrenaline","Expertise","Wraith Form v2+1","Corpse Explosion","Venomology","Footwork+1","Underhanded Strike","Slice","Dash","Masterful Stab","Poisoned Stab","Enlightenment","Madness","Madness"],"special_seed":0,"relics":["Ring of the Snake","NeowsBlessing","Pen Nib","Turnip","Shovel","Eternal Feather","MutagenicStrength","Mango","Bottled Lightning","Frozen Egg 2","Prayer Wheel","Pear","MawBank","Du-Vu Doll","Pandora\u0027s Box"],"potions_floor_usage":[35,41],"damage_taken":[{"damage":0.0,"enemies":"Jaw Worm","floor":1.0,"turns":1.0},{"damage":0.0,"enemies":"Small Slimes","floor":2.0,"turns":1.0},{"damage":0.0,"enemies":"2 Louse","floor":3.0,"turns":1.0},{"damage":0.0,"enemies":"Large Slime","floor":5.0,"turns":4.0},{"damage":26.0,"enemies":"3 Sentries","floor":6.0,"turns":7.0},{"damage":8.0,"enemies":"Blue Slaver","floor":7.0,"turns":3.0},{"damage":6.0,"enemies":"Gremlin Nob","floor":11.0,"turns":3.0},{"damage":28.0,"enemies":"Slime Boss","floor":16.0,"turns":9.0},{"damage":15.0,"enemies":"Shell Parasite","floor":18.0,"turns":6.0},{"damage":0.0,"enemies":"Colosseum Slavers","floor":21.0,"turns":1.0},{"damage":0.0,"enemies":"Colosseum Nobs","floor":21.0,"turns":6.0},{"damage":0.0,"enemies":"2 Thieves","floor":24.0,"turns":4.0},{"damage":8.0,"enemies":"Cultist and Chosen","floor":25.0,"turns":8.0},{"damage":13.0,"enemies":"Snake Plant","floor":27.0,"turns":4.0},{"damage":19.0,"enemies":"Snecko","floor":29.0,"turns":5.0},{"damage":15.0,"enemies":"3 Cultists","floor":31.0,"turns":6.0},{"damage":37.0,"enemies":"Automaton","floor":33.0,"turns":7.0},{"damage":20,"enemies":"Orb Walker","floor":35,"turns":5},{"damage":50,"enemies":"3 Darklings","floor":38,"turns":4},{"damage":66,"enemies":"Reptomancer","floor":41,"turns":8}],"seed_played":"-7966753486386856310","potions_obtained":[{"floor":1.0,"key":"FearPotion"},{"floor":6.0,"key":"Block Potion"},{"floor":7.0,"key":"PowerPotion"},{"floor":16.0,"key":"SkillPotion"},{"floor":18.0,"key":"AttackPotion"},{"floor":21.0,"key":"Poison Potion"},{"floor":25.0,"key":"SteroidPotion"},{"floor":27.0,"key":"SteroidPotion"},{"floor":29.0,"key":"Ancient Potion"},{"floor":31.0,"key":"SkillPotion"},{"floor":38,"key":"Block Potion"}],"is_trial":false,"path_per_floor":["M","M","M","$","M","E","M","R","T","?","E","?","?","$","R","B",null,"M","?","$","?","T","R","M","M","T","M","R","M","R","M","R","B",null,"M","?","?","M","?","R","E"],"character_chosen":"THE_SILENT","items_purchased":["Noxious Fumes","Poisoned Stab","Cloak And Dagger","Fire Potion","Footwork","PiercingWail"],"campfire_rested":3,"item_purchase_floors":[4,4,14,14,20,20],"current_hp_per_floor":[70,70,70,70,70,44,36,57,57,43,37,26,26,26,47,19,70,55,55,55,69,69,84,84,76,86,73,91,72,90,75,94,57,94,74,74,62,12,12,64,0],"gold":567,"neow_bonus":"THREE_ENEMY_KILL","is_prod":false,"is_daily":false,"chose_seed":false,"campfire_upgraded":1,"win_rate":0,"timestamp":1550795751,"path_taken":["M","M","M","$","M","E","M","R","T","?","E","?","?","$","R","BOSS","M","?","$","?","?","R","?","M","T","M","R","M","R","M","R","BOSS","M","?","?","M","?","R","E"],"build_version":"2019-02-06","purchased_purges":1,"victory":false,"max_hp_per_floor":[70,70,70,70,70,70,70,70,70,70,70,70,70,70,70,70,70,70,70,70,84,84,84,84,84,94,94,94,94,94,94,94,94,94,94,94,94,94,94,94,94],"card_choices":[{"not_picked":["Dodge and Roll","Poisoned Stab"],"picked":"Deadly Poison","floor":1.0},{"not_picked":["Underhanded Strike","Acrobatics"],"picked":"Terror","floor":2.0},{"not_picked":["Deadly Poison","PiercingWail"],"picked":"Bane","floor":3.0},{"not_picked":["Outmaneuver","Slice"],"picked":"Dodge and Roll","floor":5.0},{"not_picked":["Deflect","Underhanded Strike"],"picked":"Distraction","floor":6.0},{"not_picked":["Choke","Expertise"],"picked":"Masterful Stab","floor":7.0},{"not_picked":["Acrobatics","Riddle With Holes"],"picked":"Escape Plan","floor":11.0},{"not_picked":["Wraith Form v2","Glass Knife"],"picked":"Night Terror","floor":16.0},{"not_picked":["Quick Slash+1","Backstab"],"picked":"Well Laid Plans","floor":18.0},{"not_picked":["Dodge and Roll","Blade Dance"],"picked":"Deflect+1","floor":21.0},{"not_picked":["PiercingWail","Setup"],"picked":"Prepared","floor":24.0},{"not_picked":["Terror","Dash"],"picked":"Outmaneuver+1","floor":24.0},{"not_picked":["Underhanded Strike+1","Quick Slash"],"picked":"Backflip+1","floor":25.0},{"not_picked":["Prepared+1","Tactician"],"picked":"Deadly Poison+1","floor":25.0},{"not_picked":["Flying Knee","Deflect+1"],"picked":"Catalyst","floor":27.0},{"not_picked":["Choke+1","Reflex+1"],"picked":"Die Die Die","floor":27.0},{"not_picked":["Dagger Spray","Bane"],"picked":"Crippling Poison+1","floor":29.0},{"not_picked":["Outmaneuver+1","Quick Slash"],"picked":"Dodge and Roll+1","floor":29.0},{"not_picked":["Well Laid Plans+1","Flying Knee"],"picked":"Noxious Fumes+1","floor":31.0},{"not_picked":["Flying Knee","Cloak And Dagger","Sucker Punch"],"picked":"SKIP","floor":31.0},{"not_picked":["Venomology","Tools of the Trade+1"],"picked":"Adrenaline","floor":33.0},{"not_picked":["Riddle With Holes+1","Acrobatics"],"picked":"Masterful Stab","floor":35},{"not_picked":["Riddle With Holes+1","Endless Agony"],"picked":"Poisoned Stab","floor":35},{"not_picked":["Madness","Mayhem+1"],"picked":"Enlightenment","floor":36},{"not_picked":["Blur","Outmaneuver","Masterful Stab+1"],"picked":"SKIP","floor":38},{"not_picked":["Underhanded Strike+1","Dagger Spray+1","Acrobatics"],"picked":"SKIP","floor":38}],"player_experience":653000,"relics_obtained":[{"floor":6.0,"key":"Pen Nib"},{"floor":9.0,"key":"Turnip"},{"floor":11.0,"key":"Shovel"},{"floor":21.0,"key":"Mango"},{"floor":21.0,"key":"Bottled Lightning"},{"floor":22.0,"key":"Frozen Egg 2"},{"floor":23.0,"key":"Prayer Wheel"},{"floor":26.0,"key":"Pear"},{"floor":28.0,"key":"MawBank"},{"floor":30.0,"key":"Du-Vu Doll"}],"event_choices":[{"damage_healed":0.0,"max_hp_gain":0.0,"max_hp_loss":0.0,"gold_gain":0.0,"event_name":"Shining Light","player_choice":"Entered Light","floor":10.0,"gold_loss":0.0,"damage_taken":14.0,"cards_upgraded":["Strike_G","Deadly Poison"]},{"damage_healed":0.0,"max_hp_gain":0.0,"max_hp_loss":0.0,"gold_gain":75.0,"event_name":"World of Goop","player_choice":"Gather Gold","floor":12.0,"gold_loss":0.0,"damage_taken":11.0},{"damage_healed":0.0,"max_hp_gain":0.0,"max_hp_loss":0.0,"gold_gain":0.0,"event_name":"Living Wall","player_choice":"Grow","floor":13.0,"gold_loss":0.0,"damage_taken":0.0,"cards_upgraded":["Distraction"]},{"damage_healed":0.0,"max_hp_gain":0.0,"max_hp_loss":0.0,"gold_gain":0.0,"event_name":"Drug Dealer","player_choice":"Inject Mutagens","floor":19.0,"gold_loss":0.0,"damage_taken":0.0,"relics_obtained":["MutagenicStrength"]},{"damage_healed":0.0,"max_hp_gain":0.0,"max_hp_loss":0.0,"gold_gain":0.0,"event_name":"Colosseum","player_choice":"Fight","floor":21.0,"gold_loss":0.0,"damage_taken":0.0},{"damage_healed":0.0,"max_hp_gain":0.0,"max_hp_loss":0.0,"gold_gain":0.0,"event_name":"Colosseum","player_choice":"Fought Nobs","floor":21.0,"gold_loss":0.0,"damage_taken":0.0},{"damage_healed":0,"gold_gain":0,"player_choice":"Memory 1","damage_taken":0,"max_hp_gain":0,"max_hp_loss":0,"event_name":"SensoryStone","floor":36,"gold_loss":0},{"damage_healed":0,"gold_gain":0,"player_choice":"Embrace Madness","damage_taken":12,"max_hp_gain":0,"max_hp_loss":0,"event_name":"Winding Halls","floor":37,"gold_loss":0,"cards_obtained":["Madness","Madness"]},{"cards_removed":["Bouncing Flask"],"damage_healed":0,"gold_gain":0,"player_choice":"Removed Skill","damage_taken":0,"max_hp_gain":0,"max_hp_loss":0,"event_name":"Falling","floor":39,"gold_loss":0}],"is_beta":true,"boss_relics":[{"not_picked":["Ectoplasm","Lizard Tail"],"picked":"Eternal Feather"},{"not_picked":["HoveringKite","Tiny House"],"picked":"Pandora\u0027s Box"}],"items_purged_floors":[14],"is_endless":false,"potions_floor_spawned":[1,6,7,16,18,21,25,27,29,31,38],"killed_by":"Reptomancer","ascension_level":0}