{"gold_per_floor":[115,132,132,132,132,132,162,173,173,173,203,48,58,70,70,170,170,184,184,184,201,52,52,83,101,183,183,196,96,116,130,130,235,235,245,245,245,260,9,9,35,35,58,58,77,107,127,141,141,141],"floor_reached":51,"playtime":2852,"items_purged":["Strike_B","Pain"],"score":1070,"play_id":"e29ab66c-d4c7-48bb-80e9-7669471074d0","local_time":"20181220101228","is_ascension_mode":true,"campfire_choices":[{"data":"Dualcast","floor":6,"key":"SMITH"},{"data":"Genetic Algorithm","floor":10,"key":"SMITH"},{"data":"Defragment","floor":15,"key":"SMITH"},{"data":"Blizzard","floor":23,"key":"SMITH"},{"data":"Defragment","floor":32,"key":"SMITH"},{"data":"Echo Form","floor":40,"key":"SMITH"},{"data":"Discovery","floor":42,"key":"SMITH"},{"data":"Capacitor","floor":44,"key":"SMITH"},{"data":"Loop","floor":49,"key":"SMITH"}],"neow_cost":"NONE","seed_source_timestamp":2752156451700,"circlet_count":0,"master_deck":["Strike_B","Strike_B","Defend_B","Defend_B","Defend_B","Defend_B","Zap+1","Dualcast+1","Glacier","Coolheaded","Genetic Algorithm+1","Defragment+1","Blizzard+1","Amplify","Self Repair","Capacitor+1","Glacier+1","Cold Snap","Defragment+1","Echo Form+1","Discovery+1","Blizzard+1","Loop+1","Loop+1","Parasite","Coolheaded+1"],"relics":["Cracked Core","NeowsBlessing","Centennial Puzzle","Singing Bowl","Bag of Preparation","Orrery","Enchiridion","Dead Branch","Tiny Chest","WarpedTongs","Sozu","Mummified Hand","Emotion Chip","Vajra","Gremlin Horn"],"potions_floor_usage":[11,11,16,33],"damage_taken":[{"damage":0,"enemies":"Jaw Worm","floor":1,"turns":1},{"damage":0,"enemies":"Small Slimes","floor":2,"turns":1},{"damage":0,"enemies":"Gremlin Nob","floor":7,"turns":1},{"damage":0,"enemies":"2 Louse","floor":8,"turns":3},{"damage":9,"enemies":"3 Sentries","floor":11,"turns":13},{"damage":0,"enemies":"Looter","floor":13,"turns":3},{"damage":2,"enemies":"3 Louse","floor":14,"turns":2},{"damage":15,"enemies":"The Guardian","floor":16,"turns":13},{"damage":9,"enemies":"3 Byrds","floor":18,"turns":7},{"damage":4,"enemies":"Chosen","floor":21,"turns":9},{"damage":37,"enemies":"Gremlin Leader","floor":24,"turns":10},{"damage":0,"enemies":"Snake Plant","floor":25,"turns":6},{"damage":10,"enemies":"Shelled Parasite and Fungi","floor":28,"turns":10},{"damage":0,"enemies":"3 Cultists","floor":30,"turns":7},{"damage":1,"enemies":"Sentry and Sphere","floor":31,"turns":6},{"damage":20,"enemies":"Champ","floor":33,"turns":12},{"damage":0,"enemies":"Orb Walker","floor":35,"turns":6},{"damage":22,"enemies":"3 Darklings","floor":38,"turns":7},{"damage":11,"enemies":"Reptomancer","floor":41,"turns":7},{"damage":1,"enemies":"Spire Growth","floor":45,"turns":6},{"damage":0,"enemies":"Giant Head","floor":46,"turns":9},{"damage":0,"enemies":"Writhing Mass","floor":47,"turns":8},{"damage":8,"enemies":"4 Shapes","floor":48,"turns":4},{"damage":35,"enemies":"Time Eater","floor":50,"turns":9}],"seed_played":"8407572431803445973","potions_obtained":[{"floor":1,"key":"Fruit Juice"},{"floor":2,"key":"Fire Potion"},{"floor":16,"key":"FearPotion"},{"floor":24,"key":"Dexterity Potion"},{"floor":28,"key":"SteroidPotion"}],"is_trial":false,"path_per_floor":["M","M","?","?","?","R","E","M","T","R","E","$","M","M","R","B",null,"M","?","?","M","$","R","E","M","T","?","M","$","M","M","R","B",null,"M","?","?","M","$","R","E","R","T","R","M","E","M","M","R","B",null],"character_chosen":"DEFECT","items_purchased":["Defragment","EssenceOfSteel","Capacitor","Mummified Hand"],"campfire_rested":0,"item_purchase_floors":[12,12,22,39],"current_hp_per_floor":[68,68,68,68,61,61,61,61,61,61,59,59,59,59,59,44,82,75,59,90,96,96,96,66,80,80,80,79,79,86,85,85,74,94,96,96,96,81,81,81,84,84,84,84,92,101,106,107,107,82],"gold":141,"neow_bonus":"THREE_ENEMY_KILL","is_prod":false,"is_daily":false,"chose_seed":false,"campfire_upgraded":9,"win_rate":0,"timestamp":1545297148,"path_taken":["M","M","?","?","?","R","E","M","T","R","E","$","M","M","R","BOSS","M","?","?","M","?","R","E","M","T","?","M","$","?","M","R","BOSS","M","?","?","M","$","R","E","R","T","R","M","E","M","M","R","BOSS"],"build_version":"2018-12-13","purchased_purges":2,"victory":true,"max_hp_per_floor":[75,75,75,75,75,75,75,75,75,75,82,82,82,84,84,84,92,94,94,94,96,96,96,96,96,96,96,98,98,98,98,98,100,100,102,102,102,102,102,102,102,102,102,102,104,106,106,108,108,108],"card_choices":[{"not_picked":["Rip and Tear","Ball Lightning"],"picked":"Glacier","floor":1},{"not_picked":["Sunder","Stack"],"picked":"Coolheaded","floor":2},{"not_picked":["Hologram","Fission"],"picked":"Genetic Algorithm","floor":7},{"not_picked":["Rebound","Lockon","Steam"],"picked":"SKIP","floor":8},{"not_picked":["Machine Learning","Streamline","Beam Cell"],"picked":"Singing Bowl","floor":11},{"not_picked":["Defragment","Conserve Battery"],"picked":"Blizzard","floor":13},{"not_picked":["Stack","Ball Lightning","Gash"],"picked":"Singing Bowl","floor":14},{"not_picked":["Electrodynamics","Reboot"],"picked":"Amplify","floor":16},{"not_picked":["Compile Driver","Steam"],"picked":"Self Repair","floor":17},{"not_picked":["Biased Cognition","Conserve Battery","Sweeping Beam"],"picked":"Singing Bowl","floor":17},{"not_picked":["Barrage","Go for the Eyes","Beam Cell"],"picked":"Singing Bowl","floor":17},{"not_picked":["Recycle","Sweeping Beam","Gash"],"picked":"Singing Bowl","floor":17},{"not_picked":["Conserve Battery","Doom and Gloom","Aggregate"],"picked":"Singing Bowl","floor":17},{"not_picked":["Steam Power","Barrage","Darkness"],"picked":"Singing Bowl","floor":18},{"not_picked":["Sweeping Beam","Gash+1","Go for the Eyes"],"picked":"Singing Bowl","floor":21},{"not_picked":["Rebound","Biased Cognition"],"picked":"Glacier+1","floor":24},{"not_picked":["Fusion","Chaos"],"picked":"Cold Snap","floor":25},{"not_picked":["Stack+1","Rebound","Beam Cell"],"picked":"Singing Bowl","floor":28},{"not_picked":["Fusion","Cold Snap"],"picked":"Defragment","floor":30},{"not_picked":["Streamline","Conserve Battery"],"picked":"Echo Form","floor":31},{"not_picked":["Biased Cognition","Meteor Strike","Rainbow"],"picked":"Singing Bowl","floor":33},{"not_picked":["Leap","Conserve Battery+1","Barrage"],"picked":"Singing Bowl","floor":35},{"not_picked":["Trip","Thinking Ahead"],"picked":"Discovery","floor":36},{"not_picked":["Redo","Ball Lightning+1"],"picked":"Loop+1","floor":38},{"not_picked":["Compile Driver","Sweeping Beam+1"],"picked":"Loop","floor":41},{"not_picked":["Undo","Compile Driver","Conserve Battery"],"picked":"Singing Bowl","floor":45},{"not_picked":["Sunder","Compile Driver","Self Repair"],"picked":"Singing Bowl","floor":46},{"not_picked":["Doom and Gloom","Compile Driver"],"picked":"Coolheaded+1","floor":47},{"not_picked":["Rebound+1","Beam Cell+1","Go for the Eyes"],"picked":"Singing Bowl","floor":48}],"player_experience":282818,"relics_obtained":[{"floor":7,"key":"Centennial Puzzle"},{"floor":9,"key":"Singing Bowl"},{"floor":11,"key":"Bag of Preparation"},{"floor":19,"key":"Enchiridion"},{"floor":24,"key":"Dead Branch"},{"floor":26,"key":"Tiny Chest"},{"floor":41,"key":"Emotion Chip"},{"floor":43,"key":"Vajra"},{"floor":46,"key":"Gremlin Horn"}],"event_choices":[{"damage_healed":0,"gold_gain":0,"player_choice":"Ignored","damage_taken":0,"max_hp_gain":0,"max_hp_loss":0,"event_name":"Liars Game","floor":3,"gold_loss":0},{"damage_healed":0,"gold_gain":0,"player_choice":"Grow","damage_taken":0,"max_hp_gain":0,"max_hp_loss":0,"event_name":"Living Wall","floor":4,"gold_loss":0,"cards_upgraded":["Zap"]},{"cards_removed":["Strike_B"],"damage_healed":0,"gold_gain":0,"player_choice":"Card Removal","damage_taken":7,"max_hp_gain":0,"max_hp_loss":0,"event_name":"Golden Wing","floor":5,"gold_loss":0},{"damage_healed":0,"gold_gain":0,"player_choice":"Obtained Book","damage_taken":16,"max_hp_gain":0,"max_hp_loss":0,"event_name":"Cursed Tome","floor":19,"gold_loss":0},{"damage_healed":31,"gold_gain":0,"player_choice":"Heal","damage_taken":0,"max_hp_gain":0,"max_hp_loss":0,"event_name":"The Library","floor":20,"gold_loss":0},{"damage_healed":0,"gold_gain":0,"player_choice":"Rummage","damage_taken":0,"relics_obtained":["WarpedTongs"],"max_hp_gain":0,"max_hp_loss":0,"event_name":"Accursed Blacksmith","floor":27,"gold_loss":0,"cards_obtained":["Pain"]},{"damage_healed":0,"gold_gain":0,"player_choice":"Memory 1","damage_taken":0,"max_hp_gain":0,"max_hp_loss":0,"event_name":"SensoryStone","floor":36,"gold_loss":0},{"damage_healed":0,"gold_gain":0,"player_choice":"Copied","damage_taken":0,"max_hp_gain":0,"max_hp_loss":0,"event_name":"Duplicator","floor":37,"gold_loss":0,"cards_obtained":["Blizzard"]}],"is_beta":false,"boss_relics":[{"not_picked":["Eternal Feather","Astrolabe"],"picked":"Orrery"},{"not_picked":["White Beast Statue","Busted Crown"],"picked":"Sozu"}],"items_purged_floors":[22,29],"is_endless":false,"potions_floor_spawned":[1,2,16,24,28,31,38,41,46,48],"ascension_level":7}