{"gold_per_floor":[11,11,11,28,38,38,48,0,0,0,15,15,26,37,37,136,136,150,163,178,178],"floor_reached":21,"playtime":865,"items_purged":[],"score":175,"play_id":"0a13c4f5-68d9-4198-83bd-e21b30c63dc4","local_time":"20190215184239","is_ascension_mode":false,"campfire_choices":[{"data":"Tempest","floor":6,"key":"SMITH"},{"data":"White Noise","floor":12,"key":"SMITH"},{"floor":15,"key":"REST"}],"neow_cost":"NO_GOLD","seed_source_timestamp":23560080579990,"circlet_count":0,"master_deck":["Strike_B","Strike_B","Strike_B","Defend_B","Defend_B","Defend_B","Defend_B","Zap","Dualcast","Creative AI","Streamline","Hologram","Tempest+1","Ball Lightning","Ball Lightning","White Noise+1","Reinforced Body","Self Repair","Fission","Leap","Lockon","Double Energy"],"relics":["Cracked Core","Matryoshka","Black Star"],"potions_floor_usage":[11,16,18,19,21],"damage_taken":[{"damage":6,"enemies":"Jaw Worm","floor":1,"turns":4},{"damage":5,"enemies":"Small Slimes","floor":4,"turns":3},{"damage":6,"enemies":"Cultist","floor":5,"turns":3},{"damage":4,"enemies":"Blue Slaver","floor":7,"turns":3},{"damage":4,"enemies":"2 Fungi Beasts","floor":11,"turns":3},{"damage":5,"enemies":"Gremlin Gang","floor":13,"turns":3},{"damage":7,"enemies":"Blue Slaver","floor":14,"turns":3},{"damage":42,"enemies":"Slime Boss","floor":16,"turns":8},{"damage":36,"enemies":"2 Thieves","floor":18,"turns":4},{"damage":0,"enemies":"Chosen","floor":19,"turns":4},{"damage":45,"enemies":"Sentry and Sphere","floor":20,"turns":8},{"damage":26,"enemies":"3 Cultists","floor":21,"turns":4}],"seed_played":"5953684097519278051","potions_obtained":[{"floor":4,"key":"FocusPotion"},{"floor":11,"key":"Fruit Juice"},{"floor":16,"key":"Fire Potion"},{"floor":18,"key":"Poison Potion"},{"floor":20,"key":"Weak Potion"}],"is_trial":false,"path_per_floor":["M","?","?","M","M","R","M","$","T","?","M","R","M","M","R","B",null,"M","M","M","M"],"character_chosen":"DEFECT","items_purchased":["Ball Lightning"],"campfire_rested":1,"item_purchase_floors":[8],"current_hp_per_floor":[69,74,74,69,63,63,59,59,59,52,53,53,48,41,66,24,85,56,63,25,0],"gold":178,"neow_bonus":"THREE_RARE_CARDS","is_prod":false,"is_daily":false,"chose_seed":false,"campfire_upgraded":2,"win_rate":0,"timestamp":1550277759,"path_taken":["M","?","?","M","M","R","M","$","T","?","M","R","M","M","R","BOSS","M","M","M","M"],"build_version":"2019-01-23","purchased_purges":0,"victory":false,"max_hp_per_floor":[75,80,80,80,80,80,80,80,80,80,85,85,85,85,85,85,85,85,85,85,85],"card_choices":[{"not_picked":["Reboot","Amplify"],"picked":"Creative AI","floor":0},{"not_picked":["Beam Cell","Steam"],"picked":"Streamline","floor":1},{"not_picked":["Consume","Hello World"],"picked":"Hologram","floor":4},{"not_picked":["Storm","Turbo"],"picked":"Tempest","floor":5},{"not_picked":["Hologram","Leap"],"picked":"Ball Lightning","floor":7},{"not_picked":["Barrage","Steam"],"picked":"White Noise","floor":11},{"not_picked":["Rip and Tear","Undo"],"picked":"Reinforced Body","floor":13},{"not_picked":["Multi-Cast","Blizzard"],"picked":"Self Repair","floor":14},{"not_picked":["Biased Cognition","Reboot"],"picked":"Fission","floor":16},{"not_picked":["Beam Cell","Conserve Battery"],"picked":"Leap","floor":18},{"not_picked":["Gash+1","Turbo+1"],"picked":"Lockon","floor":19},{"not_picked":["Conserve Battery","Leap"],"picked":"Double Energy","floor":20}],"player_experience":149959,"relics_obtained":[{"floor":9,"key":"Matryoshka"}],"event_choices":[{"damage_healed":0,"gold_gain":0,"player_choice":"Donut","damage_taken":0,"max_hp_gain":5,"max_hp_loss":0,"event_name":"Big Fish","floor":2,"gold_loss":0},{"damage_healed":0,"gold_gain":0,"player_choice":"Ignored","damage_taken":0,"max_hp_gain":0,"max_hp_loss":0,"event_name":"Liars Game","floor":3,"gold_loss":0},{"cards_removed":["Strike_B"],"damage_healed":0,"gold_gain":0,"player_choice":"Card Removal","damage_taken":7,"max_hp_gain":0,"max_hp_loss":0,"event_name":"Golden Wing","floor":10,"gold_loss":0}],"is_beta":false,"boss_relics":[{"not_picked":["Lizard Tail","Fusion Hammer"],"picked":"Black Star"}],"items_purged_floors":[],"is_endless":false,"potions_floor_spawned":[4,11,16,18,20],"killed_by":"3 Cultists","ascension_level":0}