{"gold_per_floor":[119,129,141,159,122,122,156,156,181,209,224,224,242,242,242,337,337,355,367,385,385,44,375,375,408,408,408,439,456,466,486,486,584,584,604,623,640,657,673,698,698,724,724,771,803,803,820,854,854,854],"floor_reached":51,"playtime":2710,"items_purged":[],"score":1157,"play_id":"c11f6557-37bc-4271-b225-fb516fe9207b","local_time":"20180627005005","is_ascension_mode":true,"campfire_choices":[{"floor":6.0,"key":"REST"},{"floor":8.0,"key":"REST"},{"data":"Storm","floor":12.0,"key":"SMITH"},{"floor":15.0,"key":"REST"},{"data":"Streamline","floor":24.0,"key":"SMITH"},{"floor":27.0,"key":"REST"},{"data":"Buffer","floor":32,"key":"SMITH"},{"data":"Self Repair","floor":41,"key":"SMITH"},{"floor":49,"key":"DIG"}],"neow_cost":"","seed_source_timestamp":0,"circlet_count":0,"master_deck":["Strike_B","Strike_B","Strike_B","Strike_B","Defend_B","Defend_B","Defend_B","Defend_B","Zap","Dualcast","Streamline+1","Loop","Genetic Algorithm","Auto Shields","Reinforced Body","Defragment","Storm+1","BootSequence","Tempest","Glacier","Echo Form","Machine Learning","Sunder","Static Discharge","Self Repair+1","Loop","FTL+1","Melter","Storm+1","Chill+1","Defragment","Buffer+1","Electrodynamics","Capacitor","Loop","FTL+1","Thunder Strike","Force Field+1","Defragment+1","Reprogram+1"],"special_seed":0,"relics":["Cracked Core","Prayer Wheel","Art of War","Anchor","DataDisk","Thread and Needle","Nuclear Battery","Blood Vial","Bag of Preparation","Old Coin","Smiling Mask","Shovel","Toxic Egg 2","Inserter","The Courier","Cables","Symbiotic Virus","Ginger","Happy Flower","Juzu Bracelet","Kunai"],"potions_floor_usage":[33,37,45,48,50],"damage_taken":[{"damage":0.0,"enemies":"Cultist","floor":1.0,"turns":3.0},{"damage":2.0,"enemies":"2 Louse","floor":2.0,"turns":3.0},{"damage":4.0,"enemies":"Small Slimes","floor":3.0,"turns":3.0},{"damage":5.0,"enemies":"Blue Slaver","floor":4.0,"turns":4.0},{"damage":22.0,"enemies":"Lagavulin","floor":7.0,"turns":8.0},{"damage":13.0,"enemies":"Gremlin Nob","floor":10.0,"turns":3.0},{"damage":15.0,"enemies":"Large Slime","floor":11.0,"turns":3.0},{"damage":0.0,"enemies":"Gremlin Gang","floor":13.0,"turns":4.0},{"damage":9.0,"enemies":"Slime Boss","floor":16.0,"turns":8.0},{"damage":9.0,"enemies":"Shell Parasite","floor":18.0,"turns":4.0},{"damage":1.0,"enemies":"Spheric Guardian","floor":19.0,"turns":3.0},{"damage":21.0,"enemies":"Slaver and Parasite","floor":20.0,"turns":8.0},{"damage":8.0,"enemies":"Slavers","floor":23.0,"turns":5.0},{"damage":20.0,"enemies":"Gremlin Leader","floor":25.0,"turns":6.0},{"damage":4.0,"enemies":"Book of Stabbing","floor":28.0,"turns":4.0},{"damage":2,"enemies":"Centurion and Healer","floor":29,"turns":4},{"damage":0,"enemies":"3 Cultists","floor":30,"turns":4},{"damage":0,"enemies":"Chosen and Byrds","floor":31,"turns":3},{"damage":0,"enemies":"Automaton","floor":33,"turns":8},{"damage":4,"enemies":"3 Darklings","floor":35,"turns":4},{"damage":0,"enemies":"Orb Walker","floor":36,"turns":3},{"damage":17,"enemies":"Sphere and 2 Shapes","floor":37,"turns":4},{"damage":17,"enemies":"Maw","floor":38,"turns":5},{"damage":0,"enemies":"4 Shapes","floor":39,"turns":1},{"damage":6,"enemies":"Nemesis","floor":40,"turns":5},{"damage":0,"enemies":"2 Orb Walkers","floor":42,"turns":3},{"damage":0,"floor":44,"turns":4},{"damage":8,"enemies":"Nemesis","floor":45,"turns":7},{"damage":12,"enemies":"Sphere and 2 Shapes","floor":47,"turns":3},{"damage":0,"enemies":"Giant Head","floor":48,"turns":6},{"damage":0,"enemies":"Time Eater","floor":50,"turns":8}],"seed_played":"6893604379421569523","potions_obtained":[{"floor":2.0,"key":"Explosive Potion"},{"floor":3.0,"key":"Weak Potion"},{"floor":13.0,"key":"Swift Potion"},{"floor":16.0,"key":"EntropicBrew"},{"floor":20.0,"key":"AttackPotion"},{"floor":23.0,"key":"Swift Potion"},{"floor":30,"key":"FearPotion"},{"floor":33,"key":"AttackPotion"},{"floor":38,"key":"LiquidBronze"},{"floor":39,"key":"Block Potion"},{"floor":40,"key":"Weak Potion"},{"floor":44,"key":"Regen Potion"},{"floor":47,"key":"SteroidPotion"}],"is_trial":false,"path_per_floor":["M","M","M","M","?","R","E","R","T","E","M","R","M","?","R","B",null,"M","M","M","?","$","E","R","E","T","R","E","M","M","M","R","B",null,"M","M","M","M","M","E","R","E","T","?","E","?","M","E","R","B"],"character_chosen":"DEFECT","items_purchased":["Loop","Blood Vial","Bag of Preparation"],"campfire_rested":4,"item_purchase_floors":[],"current_hp_per_floor":[38,36,32,27,27,49,27,49,49,36,21,21,21,14,36,27,75,66,65,44,44,44,45,45,34,34,56,61,61,63,72,72,75,75,71,75,58,50,52,48,48,50,50,62,66,66,56,75,75,75],"gold":854,"neow_bonus":"","is_prod":false,"is_daily":false,"chose_seed":false,"campfire_upgraded":4,"win_rate":0,"timestamp":1530053405,"path_taken":["M","M","M","M","?","R","E","R","T","E","M","R","M","?","R","BOSS","M","M","M","?","$","E","R","E","T","R","E","M","M","M","R","BOSS","M","M","M","M","M","E","R","E","T","?","E","?","M","E","R","BOSS"],"build_version":"2018-06-21v2","purchased_purges":0,"victory":true,"max_hp_per_floor":[75,75,75,75,75,75,75,75,75,75,75,75,75,75,75,75,75,75,75,75,75,75,75,75,75,75,75,75,75,75,75,75,75,75,75,75,75,75,75,75,75,75,75,75,75,75,75,75,75,75],"card_choices":[{"not_picked":["Leap","Ball Lightning"],"picked":"Streamline","floor":1.0},{"not_picked":["Streamline","Ball Lightning"],"picked":"Loop","floor":1.0},{"not_picked":["Recycle","Ball Lightning"],"picked":"Genetic Algorithm","floor":2.0},{"not_picked":["Undo","Blizzard","Sweeping Beam"],"picked":"SKIP","floor":2.0},{"not_picked":["Leap","Hologram"],"picked":"Auto Shields","floor":3.0},{"not_picked":["Cold Snap","Hologram"],"picked":"Reinforced Body","floor":3.0},{"not_picked":["Turbo","Heatsinks"],"picked":"Defragment","floor":4.0},{"not_picked":["Sweeping Beam","Leap","Steam"],"picked":"SKIP","floor":4.0},{"not_picked":["Buffer","Conserve Battery"],"picked":"Storm","floor":7.0},{"not_picked":["Coolheaded","Cold Snap"],"picked":"BootSequence","floor":10.0},{"not_picked":["Auto Shields","Leap"],"picked":"Tempest","floor":11.0},{"not_picked":["Barrage","Compile Driver"],"picked":"Glacier","floor":11.0},{"not_picked":["Hologram","Conserve Battery"],"picked":"Echo Form","floor":13.0},{"not_picked":["Conserve Battery","Barrage","Turbo"],"picked":"SKIP","floor":13.0},{"not_picked":["Rainbow","Thunder Strike"],"picked":"Machine Learning","floor":16.0},{"not_picked":["Recycle","Undo"],"picked":"Sunder","floor":18.0},{"not_picked":["Auto Shields","Compile Driver","Stack"],"picked":"SKIP","floor":18.0},{"not_picked":["Sweeping Beam","Steam","Cold Snap"],"picked":"SKIP","floor":19.0},{"not_picked":["Steam","Cold Snap+1","Recycle+1"],"picked":"SKIP","floor":19.0},{"not_picked":["Reinforced Body","Compile Driver"],"picked":"Static Discharge","floor":20.0},{"not_picked":["Rebound","Hologram","Compile Driver"],"picked":"SKIP","floor":20.0},{"not_picked":["Cold Snap","Compile Driver+1","Streamline"],"picked":"SKIP","floor":23.0},{"not_picked":["Undo+1","Darkness"],"picked":"FTL+1","floor":25.0},{"not_picked":["Undo+1","Beam Cell"],"picked":"Melter","floor":28},{"not_picked":["Conserve Battery+1","Rebound"],"picked":"Storm+1","floor":29},{"not_picked":["Rebound+1","FTL"],"picked":"Chill+1","floor":29},{"not_picked":["Leap+1","Compile Driver","Cold Snap"],"picked":"SKIP","floor":30},{"not_picked":["Coolheaded+1","Rebound","Hologram+1"],"picked":"SKIP","floor":30},{"not_picked":["Sweeping Beam","Hologram+1"],"picked":"Defragment","floor":31},{"not_picked":["Redo+1","Streamline+1"],"picked":"Buffer","floor":31},{"not_picked":["Rainbow+1","Fission+1"],"picked":"Electrodynamics","floor":33},{"not_picked":["Coolheaded+1","Steam+1","Streamline+1"],"picked":"SKIP","floor":35},{"not_picked":["Hologram+1","Cold Snap+1","Melter+1"],"picked":"SKIP","floor":35},{"not_picked":["Machine Learning","FTL"],"picked":"Capacitor","floor":36},{"not_picked":["Ball Lightning+1","Streamline+1"],"picked":"Loop","floor":36},{"not_picked":["Compile Driver","Sweeping Beam+1"],"picked":"FTL+1","floor":37},{"not_picked":["Sweeping Beam+1","Doom and Gloom","Steam+1"],"picked":"SKIP","floor":37},{"not_picked":["Capacitor","Rebound+1","Coolheaded+1"],"picked":"SKIP","floor":38},{"not_picked":["Cold Snap","Beam Cell","Reprogram+1"],"picked":"SKIP","floor":38},{"not_picked":["Cold Snap","Steam+1"],"picked":"Thunder Strike","floor":39},{"not_picked":["Compile Driver+1","Beam Cell+1","Turbo+1"],"picked":"SKIP","floor":39},{"not_picked":["Conserve Battery+1","All For One","Steam Power+1"],"picked":"SKIP","floor":40},{"not_picked":["Self Repair+1","Tempest+1"],"picked":"Force Field+1","floor":42},{"not_picked":["Undo+1","Creative AI"],"picked":"Defragment+1","floor":45},{"not_picked":["Chaos+1","Coolheaded+1"],"picked":"Reprogram+1","floor":47},{"not_picked":["Steam Power+1","Coolheaded+1","Ball Lightning+1"],"picked":"SKIP","floor":47},{"not_picked":["Beam Cell","Conserve Battery+1","Ball Lightning"],"picked":"SKIP","floor":48}],"player_experience":429795,"relics_obtained":[{"floor":7.0,"key":"Art of War"},{"floor":9.0,"key":"Anchor"},{"floor":10.0,"key":"DataDisk"},{"floor":23.0,"key":"Old Coin"},{"floor":25.0,"key":"Smiling Mask"},{"floor":26.0,"key":"Shovel"},{"floor":28,"key":"Toxic Egg 2"},{"floor":40,"key":"The Courier"},{"floor":42,"key":"Cables"},{"floor":43,"key":"Symbiotic Virus"},{"floor":44,"key":"Ginger"},{"floor":45,"key":"Happy Flower"},{"floor":48,"key":"Juzu Bracelet"},{"floor":49,"key":"Kunai"}],"event_choices":[{"event_name":"World of Goop","player_choice":"Left","floor":5.0,"damage_taken":0.0},{"event_name":"Scrap Ooze","player_choice":"success","floor":14.0,"damage_taken":7.0},{"event_name":"The Library","player_choice":"Read","floor":21.0,"damage_taken":0.0},{"event_name":"Mysterious Sphere","player_choice":"Fight","floor":44,"damage_taken":0},{"event_name":"The Woman in Blue","player_choice":"Bought 0 Potions","floor":46,"damage_taken":0}],"boss_relics":[{"not_picked":["Pandora\u0027s Box","Philosopher\u0027s Stone"],"picked":"Nuclear Battery"},{"not_picked":["Runic Pyramid","Runic Dome"],"picked":"Inserter"}],"items_purged_floors":[],"is_endless":false,"potions_floor_spawned":[2,3,13,16,20,23,30,33,38,39,40,44,47],"ascension_level":3}