{"path_per_floor":["M","?","?","?","$","R","?","E","T","M","M","M","R","M","R","B",null,"M","?","?","?","$","E","R","M","T","?","M"],"character_chosen":"THE_SILENT","items_purchased":[],"gold_per_floor":[17,17,17,17,17,17,17,50,75,89,109,123,123,138,138,237,237,248,248,248,248,173,204,204,187,214,214,228],"floor_reached":29,"campfire_rested":0,"playtime":2855,"current_hp_per_floor":[69,55,55,55,55,55,55,38,38,38,38,38,38,38,38,34,70,69,69,69,53,53,5,5,5,5,5,4],"items_purged":["Strike_G"],"gold":228,"score":241,"play_id":"8b4438ac-af43-48b1-ad85-5e78d6cb929f","is_prod":false,"is_daily":false,"is_ascension_mode":false,"campfire_upgraded":4,"path_taken":["M","?","?","?","?","R","?","E","T","M","?","?","R","M","R","BOSS","M","?","?","?","$","E","R","M","T","?","?","M"],"build_version":"2018-02-15-PROD1","purchased_purges":1,"victory":false,"master_deck":["Defend_G","Defend_G","Defend_G+1","Defend_G","Defend_G","Strike_G","Strike_G+1","Survivor","Neutralize","Calculated Gamble+1","Leg Sweep+1","Wraith Form","Poisoned Stab+1","Infinite Blades+1","Bullet Time","Bouncing Flask+1","Outmaneuver","Terror","Flying Knee","Normality","Terror+1"],"max_hp_per_floor":[70,70,70,70,70,70,70,70,70,70,70,70,70,70,70,70,70,70,70,70,70,70,70,70,70,70,70,70],"relics":["Ring of the Snake","Torii","Thread and Needle","Lantern","Question Card","Nilry\u0027s Codex","Bag of Marbles","Happy Flower","Regal Pillow"],"card_choices":[{"not_picked":["Sucker Punch","Dodge and Roll"],"picked":"Calculated Gamble"},{"not_picked":["Slice","PiercingWail"],"picked":"Leg Sweep"},{"not_picked":["PiercingWail","Dodge and Roll"],"picked":"Wraith Form"},{"not_picked":["Expertise","Dagger Spray"],"picked":"Poisoned Stab"},{"not_picked":["Poisoned Stab","Sucker Punch"],"picked":"Infinite Blades"},{"not_picked":["Burst","Doppelganger"],"picked":"Bullet Time"},{"not_picked":["Sucker Punch","Flying Knee","Dagger Spray"],"picked":"Bouncing Flask"},{"not_picked":["Choke","Riddle With Holes","Sucker Punch"],"picked":"Flying Knee"},{"not_picked":["Deflect","Infinite Blades","Backflip"],"picked":"Terror"}],"player_experience":121388,"potions_floor_usage":[16,23,23],"damage_taken":[{"damage":1,"enemies":"2 Louse","floor":1,"turns":3},{"damage":17,"enemies":"3 Sentries","floor":8,"turns":14},{"damage":0,"enemies":"Small Slimes","floor":10,"turns":3},{"damage":0,"enemies":"Jaw Worm","floor":11,"turns":5},{"damage":0,"enemies":"Exordium Wildlife","floor":12,"turns":7},{"damage":0,"enemies":"Blue Slaver","floor":14,"turns":5},{"damage":4,"enemies":"Hexaghost","floor":16,"turns":13},{"damage":1,"enemies":"Shell Parasite","floor":18,"turns":11},{"damage":63,"enemies":"Slavers","floor":23,"turns":9},{"damage":0,"enemies":"2 Thieves","floor":25,"turns":4},{"damage":1,"enemies":"Snake Plant","floor":28,"turns":4},{"damage":7,"enemies":"Centurion and Healer","floor":29,"turns":2}],"event_choices":[{"event_name":"Shining Light","player_choice":"Entered Light","floor":2,"damage_taken":0},{"event_name":"Living Wall","player_choice":"Forget","floor":3,"damage_taken":0},{"event_name":"Liars Game","player_choice":"disagreed","floor":4,"damage_taken":0},{"event_name":"The Lab","player_choice":"Got Potions","floor":7,"damage_taken":0},{"event_name":"Transmorgrifier","player_choice":"Transform","floor":19,"damage_taken":0},{"event_name":"The Library","player_choice":"Read","floor":20,"damage_taken":0},{"event_name":"Cursed Tome","player_choice":"Obtained Book","floor":21,"damage_taken":0},{"event_name":"Accursed Blacksmith","player_choice":"Rummage","floor":27,"damage_taken":0}],"boss_relics":[{"not_picked":["Orrery","The Specimen"],"picked":"Question Card"}],"potions_floor_spawned":[8,10,11,14,25],"seed_played":"-4667542570947591821","killed_by":"Centurion and Healer","ascension_level":0,"is_trial":false}