{"gold_per_floor":[216,216,231,85,85,85,100,100,100,110,122,122,122,135,135,240,240,254,254,254,108,127,143,157,170,197,224,236,248,279,304,316,430,442,465,489,8,24,38,38,38],"floor_reached":41,"playtime":1829,"items_purged":["Strike_B"],"score":391,"play_id":"e5fcc521-a06c-4481-9579-57a5b6acf707","local_time":"20190219144145","is_ascension_mode":false,"campfire_choices":[{"data":"Redo","floor":6,"key":"SMITH"},{"data":"Zap","floor":8,"key":"SMITH"},{"data":"Conserve Battery","floor":13,"key":"SMITH"},{"floor":15,"key":"REST"},{"floor":29,"key":"REST"},{"floor":32,"key":"REST"},{"floor":40,"key":"REST"}],"neow_cost":"NONE","seed_source_timestamp":20866078970664,"circlet_count":0,"master_deck":["Strike_B+1","Strike_B+1","Defend_B","Defend_B","Defend_B","Defend_B","Zap+1","Dualcast","Redo+1","Conserve Battery","Sunder","Conserve Battery+1","Redo+1","Echo Form","All For One","Cold Snap+1","Redo","Tempest+1","Leap","Melter+1","All For One","Auto Shields+1","Stack","Auto Shields"],"relics":["Cracked Core","Sundial","Lizard Tail","MutagenicStrength","Anchor","MawBank","Inserter","Ancient Tea Set","Bronze Scales","MealTicket"],"potions_floor_usage":[18,24,24,25,31,33,36,38,41],"damage_taken":[{"damage":1,"enemies":"Jaw Worm","floor":1,"turns":4},{"damage":0,"enemies":"Cultist","floor":3,"turns":2},{"damage":0,"enemies":"2 Louse","floor":7,"turns":2},{"damage":0,"enemies":"Red Slaver","floor":10,"turns":3},{"damage":0,"enemies":"Looter","floor":11,"turns":2},{"damage":0,"enemies":"3 Louse","floor":14,"turns":3},{"damage":23,"enemies":"Hexaghost","floor":16,"turns":9},{"damage":16,"enemies":"2 Thieves","floor":18,"turns":3},{"damage":0,"enemies":"Spheric Guardian","floor":22,"turns":3},{"damage":4,"enemies":"Cultist and Chosen","floor":23,"turns":7},{"damage":10,"enemies":"Centurion and Healer","floor":24,"turns":5},{"damage":9,"enemies":"Snake Plant","floor":25,"turns":4},{"damage":2,"enemies":"Shelled Parasite and Fungi","floor":27,"turns":5},{"damage":15,"enemies":"Centurion and Healer","floor":30,"turns":4},{"damage":9,"enemies":"Snake Plant","floor":31,"turns":3},{"damage":43,"enemies":"Champ","floor":33,"turns":13},{"damage":16,"enemies":"3 Shapes","floor":35,"turns":5},{"damage":43,"enemies":"3 Darklings","floor":36,"turns":7},{"damage":9,"enemies":"4 Shapes","floor":38,"turns":6},{"damage":27,"enemies":"Spire Growth","floor":39,"turns":7},{"damage":55,"enemies":"Reptomancer","floor":41,"turns":2}],"seed_played":"-5701402220839441849","potions_obtained":[{"floor":1,"key":"FocusPotion"},{"floor":10,"key":"Dexterity Potion"},{"floor":11,"key":"EssenceOfSteel"},{"floor":18,"key":"SteroidPotion"},{"floor":24,"key":"PowerPotion"},{"floor":30,"key":"Dexterity Potion"},{"floor":33,"key":"Weak Potion"},{"floor":36,"key":"SkillPotion"},{"floor":39,"key":"GamblersBrew"}],"is_trial":false,"path_per_floor":["M","?","M","$","?","R","M","R","T","M","M","?","R","M","R","B",null,"M","?","?","$","M","M","M","M","T","M","?","R","M","M","R","B",null,"M","M","$","M","M","R","E"],"character_chosen":"DEFECT","items_purchased":["Sunder","Anchor","Ancient Tea Set","Bronze Scales","MealTicket"],"campfire_rested":4,"item_purchase_floors":[4,21,37,37,37],"current_hp_per_floor":[74,59,59,59,59,59,59,59,59,59,59,59,59,59,75,52,75,59,59,59,59,59,55,45,36,36,34,34,56,41,32,54,11,75,59,16,16,7,26,48,0],"gold":38,"neow_bonus":"HUNDRED_GOLD","is_prod":false,"is_daily":false,"chose_seed":false,"campfire_upgraded":3,"win_rate":0,"timestamp":1550608905,"path_taken":["M","?","M","$","?","R","?","R","T","M","M","?","R","M","R","BOSS","M","?","?","$","M","M","M","M","T","M","?","R","M","M","R","BOSS","M","M","$","M","M","R","E"],"build_version":"2019-01-23","purchased_purges":1,"victory":false,"max_hp_per_floor":[75,75,75,75,75,75,75,75,75,75,75,75,75,75,75,75,75,75,75,75,75,75,75,75,75,75,75,75,75,75,75,75,75,75,75,75,75,75,75,75,75],"card_choices":[{"not_picked":["Steam Power","Leap"],"picked":"Redo","floor":1},{"not_picked":["Recycle","Chill"],"picked":"Conserve Battery","floor":3},{"not_picked":["Compile Driver","BootSequence"],"picked":"Conserve Battery","floor":7},{"not_picked":["Go for the Eyes","Hologram","Reprogram"],"picked":"SKIP","floor":10},{"not_picked":["Cold Snap","Conserve Battery"],"picked":"Redo","floor":11},{"not_picked":["Conserve Battery","Doom and Gloom"],"picked":"Echo Form","floor":14},{"not_picked":["Creative AI","Fission"],"picked":"All For One","floor":16},{"not_picked":["Hello World+1","Aggregate","Streamline+1"],"picked":"SKIP","floor":18},{"not_picked":["Go for the Eyes","Consume"],"picked":"Cold Snap+1","floor":22},{"not_picked":["Skim","Blizzard+1"],"picked":"Redo","floor":23},{"not_picked":["Coolheaded","Heatsinks"],"picked":"Tempest+1","floor":24},{"not_picked":["Rebound+1","Hologram","Skim"],"picked":"SKIP","floor":25},{"not_picked":["Sunder","Static Discharge","Loop+1"],"picked":"SKIP","floor":27},{"not_picked":["Genetic Algorithm","Tempest"],"picked":"Leap","floor":30},{"not_picked":["Beam Cell","Turbo"],"picked":"Melter+1","floor":31},{"not_picked":["Thunder Strike","Fission"],"picked":"All For One","floor":33},{"not_picked":["Sweeping Beam","Turbo"],"picked":"Auto Shields+1","floor":35},{"not_picked":["Turbo+1","Gash"],"picked":"Stack","floor":36},{"not_picked":["Doom and Gloom","Barrage+1","Cold Snap+1"],"picked":"SKIP","floor":38},{"not_picked":["Hologram+1","Rebound+1"],"picked":"Auto Shields","floor":39}],"player_experience":252667,"relics_obtained":[{"floor":9,"key":"Sundial"},{"floor":26,"key":"MawBank"}],"event_choices":[{"damage_healed":0,"gold_gain":0,"player_choice":"Entered Light","damage_taken":15,"max_hp_gain":0,"max_hp_loss":0,"event_name":"Shining Light","floor":2,"gold_loss":0,"cards_upgraded":["Strike_B","Strike_B"]},{"cards_removed":["Strike_B"],"damage_healed":0,"gold_gain":0,"player_choice":"Purged","damage_taken":0,"max_hp_gain":0,"max_hp_loss":0,"event_name":"Purifier","floor":5,"gold_loss":0},{"damage_healed":0,"gold_gain":0,"player_choice":"Upgraded","damage_taken":0,"max_hp_gain":0,"max_hp_loss":0,"event_name":"Upgrade Shrine","floor":12,"gold_loss":0,"cards_upgraded":["Redo"]},{"damage_healed":0,"gold_gain":0,"player_choice":"Ignored","damage_taken":0,"max_hp_gain":0,"max_hp_loss":0,"event_name":"Ghosts","floor":19,"gold_loss":0},{"damage_healed":0,"gold_gain":0,"player_choice":"Inject Mutagens","damage_taken":0,"relics_obtained":["MutagenicStrength"],"max_hp_gain":0,"max_hp_loss":0,"event_name":"Drug Dealer","floor":20,"gold_loss":0},{"damage_healed":0,"gold_gain":0,"player_choice":"Ignored","damage_taken":0,"max_hp_gain":0,"max_hp_loss":0,"event_name":"Cursed Tome","floor":28,"gold_loss":0}],"is_beta":false,"boss_relics":[{"not_picked":["Snecko Eye","Fusion Hammer"],"picked":"Lizard Tail"},{"not_picked":["Busted Crown","White Beast Statue"],"picked":"Inserter"}],"items_purged_floors":[4],"is_endless":false,"potions_floor_spawned":[1,10,11,18,22,24,30,33,36,39],"killed_by":"Reptomancer","ascension_level":0}