{"path_per_floor":["M","M","M","M","?","E","M","R","T","?","?","M","E","M","R","B",null,"M","$","?","M","M","R","M","?","T","M"],"character_chosen":"THE_SILENT","items_purchased":["Unceasing Top"],"gold_per_floor":[114,129,144,159,159,189,204,204,204,278,278,293,323,338,338,438,438,453,153,153,168,183,183,198,288,588,603,603],"floor_reached":28,"campfire_rested":1,"playtime":2257,"current_hp_per_floor":[69,69,68,68,68,34,14,65,65,65,65,64,46,46,46,6,65,42,42,42,33,22,46,38,22,22,4,0],"items_purged":[],"gold":603,"score":384,"play_id":"e18edd70-fca4-4fb2-a35b-8e2ecc39b2eb","local_time":"20180413154456","daily_mods":["Insanity","Night Terrors","Hoarder"],"is_prod":false,"is_daily":true,"chose_seed":false,"is_ascension_mode":false,"campfire_upgraded":2,"timestamp":1523648696,"path_taken":["M","M","?","M","?","E","M","R","T","?","?","M","E","?","R","BOSS","M","$","?","?","M","R","M","?","T","M","M"],"build_version":"2018-04-12","seed_source_timestamp":0,"purchased_purges":0,"victory":false,"master_deck":["Reflex","Setup","Concentrate","Blur","Endless Agony","Catalyst","Outmaneuver","Distraction","A Thousand Cuts","Blur","Bouncing Flask","Finisher","Outmaneuver","Finisher","Caltrops","Deadly Poison","Escape Plan","Terror","Dagger Throw","Terror","Venomology","Infinite Blades+1","Underhanded Strike","Die Die Die","Bullet Time","Concentrate","Poisoned Stab","Prepared","Grand Finale","Blur","Cloak And Dagger","Infinite Blades+1","Well Laid Plans","Outmaneuver","Blade Dance","Well Laid Plans","Backflip","Escape Plan","Noxious Fumes","Outmaneuver","Cloak And Dagger","Wraith Form v2","Quick Slash","Infinite Blades+1","Accuracy","Leg Sweep","Escape Plan","Noxious Fumes","Well Laid Plans","Accuracy","Accuracy","Accuracy","Regret","Regret","Regret","A Thousand Cuts","A Thousand Cuts","A Thousand Cuts","Choke","Choke","Choke","Blade Dance","Blade Dance","Blade Dance"],"max_hp_per_floor":[70,70,70,70,70,70,70,65,65,65,65,65,65,65,65,65,65,65,65,65,65,65,65,65,65,65,65,65],"relics":["Ring of the Snake","Bag of Marbles","Toolbox","Kunai","Shuriken","Eternal Feather","Unceasing Top","Old Coin"],"card_choices":[{"not_picked":["Heel Hook","Malaise"],"picked":"Accuracy","floor":6},{"not_picked":["Unload","Night Terror"],"picked":"A Thousand Cuts","floor":16},{"not_picked":["Eviscerate","Malaise"],"picked":"Choke","floor":22},{"not_picked":["Flying Knee","Slice"],"picked":"Blade Dance","floor":24}],"player_experience":168303,"potions_floor_usage":[14,16,16,21,24,28,28],"damage_taken":[{"damage":1,"enemies":"Cultist","floor":1,"turns":3},{"damage":0,"enemies":"Small Slimes","floor":2,"turns":3},{"damage":1,"enemies":"Jaw Worm","floor":3,"turns":3},{"damage":0,"enemies":"Large Slime","floor":4,"turns":6},{"damage":34,"enemies":"3 Sentries","floor":6,"turns":7},{"damage":20,"enemies":"3 Louse","floor":7,"turns":3},{"damage":1,"enemies":"Blue Slaver","floor":12,"turns":3},{"damage":18,"enemies":"Lagavulin","floor":13,"turns":7},{"damage":0,"enemies":"Large Slime","floor":14,"turns":4},{"damage":40,"enemies":"Hexaghost","floor":16,"turns":6},{"damage":23,"enemies":"Spheric Guardian","floor":18,"turns":5},{"damage":9,"enemies":"3 Byrds","floor":21,"turns":3},{"damage":11,"enemies":"Slaver and Parasite","floor":22,"turns":5},{"damage":8,"enemies":"Snecko","floor":24,"turns":4},{"damage":18,"enemies":"Cultist and Chosen","floor":27,"turns":4},{"damage":6,"enemies":"Snake Plant","floor":28,"turns":1}],"event_choices":[{"event_name":"Living Wall","player_choice":"Forget","floor":5,"damage_taken":0},{"event_name":"Golden Wing","player_choice":"Gained Gold","floor":10,"damage_taken":0},{"event_name":"Big Fish","player_choice":"Box","floor":11,"damage_taken":0},{"event_name":"Upgrade Shrine","player_choice":"Upgraded","floor":20,"damage_taken":0},{"event_name":"Knowing Skull","player_choice":"GOLD ","floor":25,"damage_taken":0}],"boss_relics":[{"not_picked":["Philosopher\u0027s Stone","Tiny House"],"picked":"Eternal Feather"}],"potions_floor_spawned":[2,4,13,14,16,22],"seed_played":"-7209576087114707502","killed_by":"Snake Plant","ascension_level":0,"is_trial":false}