{"gold_per_floor":[114,64,64,74,84,84,110,110,110,135,135,169,182,196,196,294,294,313,324,334,347,347,347,409,409,454,454,483,483,515,149,149,247,247,264,264,315,91,103,103,138,138,138,169,189,216,227,15,15,15],"floor_reached":51,"playtime":2886,"items_purged":["Strike_B","Strike_B","Strike_B"],"score":1153,"play_id":"0a2fa5a3-19c6-4d61-a8b1-f455b220098b","local_time":"20190116200454","is_ascension_mode":true,"campfire_choices":[{"data":"Redo","floor":6,"key":"SMITH"},{"data":"Dualcast","floor":8,"key":"SMITH"},{"data":"Coolheaded","floor":11,"key":"SMITH"},{"data":"Barrage","floor":15,"key":"SMITH"},{"data":"Zap","floor":23,"key":"SMITH"},{"data":"Defragment","floor":25,"key":"SMITH"},{"data":"Self Repair","floor":27,"key":"SMITH"},{"data":"White Noise","floor":29,"key":"SMITH"},{"data":"Cold Snap","floor":32,"key":"SMITH"},{"data":"Seek","floor":40,"key":"SMITH"},{"data":"Blizzard","floor":42,"key":"SMITH"},{"floor":49,"key":"REST"}],"neow_cost":"NONE","seed_source_timestamp":31647951840232,"circlet_count":0,"master_deck":["Defend_B","Defend_B","Defend_B+1","Defend_B+1","Zap+1","Dualcast+1","Coolheaded+1","Redo+1","White Noise+1","Steam","Seek+1","Blizzard","Barrage+1","Electrodynamics","Conserve Battery+1","Self Repair+1","Defragment+1","Cold Snap+1","Madness","Blizzard+1","Fusion+1","Compile Driver+1","Defragment","Panacea"],"relics":["Cracked Core","Calipers","Thread and Needle","Ginger","Art of War","Runic Pyramid","MutagenicStrength","Tiny Chest","Strawberry","Emotion Chip","Ornamental Fan","Membership Card","Black Star","Mango","Regal Pillow","Sling","Ancient Tea Set","War Paint","Nunchaku","Darkstone Periapt","Symbiotic Virus","Dodecahedron","Anchor"],"potions_floor_usage":[10,12,16,24,28,33,37,37,39,44,47,50,50,50,50,50],"damage_taken":[{"damage":0,"enemies":"2 Louse","floor":1,"turns":1},{"damage":0,"enemies":"Small Slimes","floor":4,"turns":4},{"damage":2,"enemies":"Jaw Worm","floor":5,"turns":4},{"damage":3,"enemies":"Lagavulin","floor":7,"turns":8},{"damage":17,"enemies":"Gremlin Nob","floor":10,"turns":4},{"damage":2,"enemies":"Lagavulin","floor":12,"turns":8},{"damage":4,"enemies":"Blue Slaver","floor":13,"turns":3},{"damage":0,"enemies":"Large Slime","floor":14,"turns":4},{"damage":29,"enemies":"Hexaghost","floor":16,"turns":12},{"damage":0,"enemies":"Chosen","floor":18,"turns":4},{"damage":0,"enemies":"Shell Parasite","floor":19,"turns":5},{"damage":2,"enemies":"Centurion and Healer","floor":20,"turns":4},{"damage":9,"enemies":"Chosen and Byrds","floor":21,"turns":4},{"damage":29,"enemies":"Slavers","floor":24,"turns":3},{"damage":8,"enemies":"Book of Stabbing","floor":28,"turns":5},{"damage":19,"enemies":"Slavers","floor":30,"turns":2},{"damage":6,"enemies":"Automaton","floor":33,"turns":9},{"damage":4,"enemies":"3 Shapes","floor":35,"turns":4},{"damage":13,"enemies":"2 Orb Walkers","floor":37,"turns":5},{"damage":7,"enemies":"Orb Walker","floor":39,"turns":4},{"damage":6,"enemies":"Reptomancer","floor":41,"turns":8},{"damage":49,"enemies":"Giant Head","floor":44,"turns":10},{"damage":9,"enemies":"Spire Growth","floor":45,"turns":5},{"damage":36,"enemies":"Reptomancer","floor":46,"turns":6},{"damage":11,"enemies":"Jaw Worm Horde","floor":47,"turns":4},{"damage":33,"enemies":"Time Eater","floor":50,"turns":9}],"seed_played":"-1596448570273147899","potions_obtained":[{"floor":1,"key":"Fire Potion"},{"floor":10,"key":"Fire Potion"},{"floor":12,"key":"Poison Potion"},{"floor":16,"key":"SteroidPotion"},{"floor":18,"key":"GamblersBrew"},{"floor":20,"key":"Fire Potion"},{"floor":30,"key":"Weak Potion"},{"floor":33,"key":"Swift Potion"},{"floor":37,"key":"Swift Potion"},{"floor":39,"key":"Swift Potion"},{"floor":47,"key":"EntropicBrew"}],"is_trial":false,"path_per_floor":["M","?","$","M","M","R","E","R","T","E","R","E","M","M","R","B",null,"M","M","M","M","?","R","E","R","T","R","E","R","E","$","R","B",null,"M","?","?","$","M","R","E","R","T","E","M","E","M","$","R","B",null],"character_chosen":"DEFECT","items_purchased":["Cold Snap","Membership Card","Regen Potion","Regal Pillow","Sling","Defragment","Regen Potion","PowerPotion","Panacea"],"campfire_rested":1,"item_purchase_floors":[31,31,31,38,38,48,48,48,48],"current_hp_per_floor":[75,75,75,75,73,73,70,70,70,53,53,51,47,47,47,18,66,66,66,78,76,76,76,54,54,61,61,63,63,44,44,44,63,83,89,89,100,100,103,103,103,103,103,64,65,39,38,38,83,75],"gold":15,"neow_bonus":"TEN_PERCENT_HP_BONUS","is_prod":false,"is_daily":false,"chose_seed":false,"campfire_upgraded":11,"win_rate":0,"timestamp":1547665494,"path_taken":["M","?","$","M","M","R","E","R","T","E","R","E","M","M","R","BOSS","M","M","M","M","?","R","E","R","T","R","E","R","E","$","R","BOSS","M","?","?","$","M","R","E","R","T","E","M","E","M","$","R","BOSS"],"build_version":"2019-01-10","purchased_purges":3,"victory":true,"max_hp_per_floor":[82,82,82,82,82,82,82,82,82,82,82,82,82,82,82,82,82,82,82,82,82,82,82,82,82,89,89,89,89,89,89,89,89,89,89,89,103,103,103,103,103,103,103,103,103,103,103,103,103,103],"card_choices":[{"not_picked":["Skim","Reprogram"],"picked":"Coolheaded","floor":1},{"not_picked":["Lockon","Coolheaded"],"picked":"Redo","floor":4},{"not_picked":["Darkness","Doom and Gloom"],"picked":"White Noise","floor":5},{"not_picked":["Consume","Rebound"],"picked":"Steam","floor":7},{"not_picked":["Hyperbeam","Leap"],"picked":"Seek","floor":10},{"not_picked":["Multi-Cast","Hello World","Compile Driver"],"picked":"SKIP","floor":12},{"not_picked":["Redo","Go for the Eyes"],"picked":"Blizzard","floor":13},{"not_picked":["Fusion","Double Energy"],"picked":"Barrage","floor":14},{"not_picked":["Meteor Strike","Amplify"],"picked":"Electrodynamics","floor":16},{"not_picked":["Hologram","Redo"],"picked":"Conserve Battery+1","floor":18},{"not_picked":["Hologram+1","Consume+1"],"picked":"Self Repair","floor":19},{"not_picked":["FTL","Beam Cell","Redo"],"picked":"SKIP","floor":20},{"not_picked":["Stack","Beam Cell","Turbo+1"],"picked":"SKIP","floor":21},{"not_picked":["Heatsinks","White Noise"],"picked":"Defragment","floor":24},{"not_picked":["Rip and Tear","Lockon+1","Multi-Cast"],"picked":"SKIP","floor":28},{"not_picked":["Sweeping Beam","Go for the Eyes","Tempest"],"picked":"SKIP","floor":30},{"not_picked":["Turbo","Sweeping Beam","Ball Lightning+1"],"picked":"SKIP","floor":35},{"not_picked":["Metamorphosis","Discovery"],"picked":"Madness","floor":36},{"not_picked":["Darkness+1","Consume"],"picked":"Blizzard","floor":37},{"not_picked":["Stack","Auto Shields"],"picked":"Fusion+1","floor":39},{"not_picked":["Sweeping Beam+1","Cold Snap+1","Conserve Battery"],"picked":"SKIP","floor":41},{"not_picked":["Leap","Tempest"],"picked":"Compile Driver+1","floor":44},{"not_picked":["Stack","Force Field+1","Sweeping Beam"],"picked":"SKIP","floor":45},{"not_picked":["Compile Driver","Turbo+1","Sunder"],"picked":"SKIP","floor":46},{"not_picked":["Aggregate+1","Leap","Ball Lightning"],"picked":"SKIP","floor":47}],"player_experience":687057,"relics_obtained":[{"floor":7,"key":"Calipers"},{"floor":9,"key":"Thread and Needle"},{"floor":10,"key":"Ginger"},{"floor":12,"key":"Art of War"},{"floor":24,"key":"Tiny Chest"},{"floor":26,"key":"Strawberry"},{"floor":28,"key":"Emotion Chip"},{"floor":30,"key":"Ornamental Fan"},{"floor":37,"key":"Mango"},{"floor":41,"key":"Ancient Tea Set"},{"floor":41,"key":"War Paint"},{"floor":43,"key":"Nunchaku"},{"floor":44,"key":"Darkstone Periapt"},{"floor":44,"key":"Symbiotic Virus"},{"floor":46,"key":"Dodecahedron"},{"floor":46,"key":"Anchor"}],"event_choices":[{"cards_removed":["Strike_B"],"damage_healed":0,"gold_gain":0,"player_choice":"Card Removal","damage_taken":0,"max_hp_gain":0,"max_hp_loss":0,"event_name":"The Cleric","floor":2,"gold_loss":50},{"damage_healed":0,"gold_gain":0,"player_choice":"Inject Mutagens","damage_taken":0,"relics_obtained":["MutagenicStrength"],"max_hp_gain":0,"max_hp_loss":0,"event_name":"Drug Dealer","floor":22,"gold_loss":0},{"damage_healed":0,"gold_gain":0,"player_choice":"Memory 1","damage_taken":0,"max_hp_gain":0,"max_hp_loss":0,"event_name":"SensoryStone","floor":36,"gold_loss":0},{"damage_healed":0,"gold_gain":0,"player_choice":"Fight","damage_taken":0,"max_hp_gain":0,"max_hp_loss":0,"event_name":"Mysterious Sphere","floor":37,"gold_loss":0}],"is_beta":false,"boss_relics":[{"not_picked":["Ectoplasm","Runic Dome"],"picked":"Runic Pyramid"},{"not_picked":["Pandora\u0027s Box","Cursed Key"],"picked":"Black Star"}],"items_purged_floors":[31,38,48],"is_endless":false,"potions_floor_spawned":[1,10,12,16,18,20,30,33,37,39,47],"ascension_level":9}