{"gold_per_floor":[112,37,37,37,37,72,72,85,156,174,174,184,184,196,196,295,295,235,121,121,121,67,67,67,67,67,67,67,67,67,67,67,67,67,67,18,18,0,0,0,0,0,0,0,0,0,0,0,0,0],"floor_reached":51,"playtime":6018,"items_purged":["Strike_R"],"score":642,"play_id":"7038a6a2-3d7d-4c9a-86b6-067560978461","local_time":"20190226023420","is_ascension_mode":false,"campfire_choices":[{"data":"Whirlwind","floor":7,"key":"SMITH"},{"data":"Armaments","floor":11,"key":"SMITH"},{"data":"Shockwave","floor":13,"key":"SMITH"},{"data":"Shrug It Off","floor":15,"key":"SMITH"},{"data":"Strike_R","floor":23,"key":"PURGE"},{"data":"True Grit","floor":25,"key":"SMITH"},{"floor":29,"key":"REST"},{"floor":32,"key":"REST"},{"data":"Barricade","floor":40,"key":"SMITH"},{"floor":49,"key":"REST"}],"neow_cost":"NONE","seed_source_timestamp":811963099246078,"circlet_count":0,"master_deck":["Strike_R","Strike_R","Defend_R","Defend_R","Defend_R","Defend_R","Bash","Whirlwind+1","Pommel Strike","Armaments+1","Shockwave+1","Shrug It Off+1","Juggernaut","Flex","Disarm","Inflame","Headbutt+1","True Grit+1","Ghostly Armor","Barricade+1","Metallicize","Offering","Metallicize","Battle Trance","Madness","Madness","Thinking Ahead"],"relics":["Burning Blood","NeowsBlessing","Boot","Peace Pipe","Pantograph","Ectoplasm","Bottled Tornado","Darkstone Periapt","Cursed Key","Old Coin","Red Mask"],"potions_floor_usage":[16,24,28,30,30,31,33,50,50,50],"damage_taken":[{"damage":0,"enemies":"Cultist","floor":1,"turns":1},{"damage":0,"enemies":"Gremlin Nob","floor":6,"turns":1},{"damage":0,"enemies":"Jaw Worm","floor":8,"turns":1},{"damage":8,"enemies":"Small Slimes","floor":10,"turns":2},{"damage":4,"enemies":"Looter","floor":12,"turns":3},{"damage":6,"enemies":"Large Slime","floor":14,"turns":6},{"damage":62,"enemies":"Slime Boss","floor":16,"turns":15},{"damage":19,"enemies":"2 Thieves","floor":18,"turns":4},{"damage":21,"enemies":"Chosen","floor":20,"turns":7},{"damage":5,"enemies":"Centurion and Healer","floor":24,"turns":9},{"damage":27,"enemies":"Sentry and Sphere","floor":27,"turns":7},{"damage":16,"enemies":"Snake Plant","floor":28,"turns":4},{"damage":17,"enemies":"Gremlin Leader","floor":30,"turns":6},{"damage":12,"enemies":"Snecko","floor":31,"turns":5},{"damage":66,"enemies":"Automaton","floor":33,"turns":15},{"damage":15,"enemies":"3 Shapes","floor":35,"turns":4},{"damage":6,"enemies":"Mind Bloom Boss Battle","floor":37,"turns":6},{"damage":12,"enemies":"Orb Walker","floor":41,"turns":3},{"damage":21,"enemies":"Spire Growth","floor":44,"turns":5},{"damage":13,"enemies":"Writhing Mass","floor":46,"turns":9},{"damage":6,"enemies":"Maw","floor":48,"turns":7},{"damage":44,"enemies":"Time Eater","floor":50,"turns":14}],"seed_played":"-3578783323627557075","potions_obtained":[{"floor":8,"key":"SkillPotion"},{"floor":10,"key":"Energy Potion"},{"floor":14,"key":"Regen Potion"},{"floor":18,"key":"Energy Potion"},{"floor":27,"key":"Energy Potion"},{"floor":30,"key":"AttackPotion"},{"floor":31,"key":"BloodPotion"},{"floor":37,"key":"SteroidPotion"},{"floor":41,"key":"FearPotion"}],"is_trial":false,"path_per_floor":["M","$","$","?","?","E","R","M","T","M","R","M","R","M","R","B",null,"M","$","M","?","$","R","M","R","T","M","M","R","E","M","R","B",null,"M","$","?","?","?","R","M","?","T","M","?","M","?","M","R","B",null],"character_chosen":"IRONCLAD","items_purchased":["Disarm","Inflame","True Grit","Strength Potion"],"campfire_rested":3,"item_purchase_floors":[19,19,22,36],"current_hp_per_floor":[80,80,80,77,70,76,76,80,80,78,78,80,80,80,80,24,80,67,67,52,37,37,37,52,52,52,31,21,46,35,29,54,27,85,76,76,85,85,85,85,79,68,68,53,53,46,46,46,71,47],"gold":0,"neow_bonus":"THREE_ENEMY_KILL","is_prod":false,"is_daily":false,"chose_seed":false,"campfire_upgraded":6,"win_rate":0,"timestamp":1551116060,"path_taken":["M","?","$","?","?","E","R","M","T","?","R","M","R","M","R","BOSS","M","$","M","?","?","R","M","R","T","?","M","R","E","M","R","BOSS","M","$","?","?","?","R","M","?","T","M","?","?","?","M","R","BOSS"],"build_version":"2019-01-23","purchased_purges":1,"victory":true,"max_hp_per_floor":[80,80,80,80,80,80,80,80,80,80,80,80,80,80,80,80,80,80,80,80,85,85,85,85,85,85,85,85,85,85,85,85,85,85,85,85,85,85,85,85,85,85,85,85,85,85,85,85,85,85],"card_choices":[{"not_picked":["Wild Strike","Thunderclap"],"picked":"Whirlwind","floor":1},{"not_picked":["Feel No Pain","Juggernaut"],"picked":"Pommel Strike","floor":6},{"not_picked":["Infernal Blade","Body Slam"],"picked":"Clothesline","floor":8},{"not_picked":["Second Wind","Evolve"],"picked":"Armaments","floor":10},{"not_picked":["Perfected Strike","Flex"],"picked":"Shockwave","floor":12},{"not_picked":["True Grit","Searing Blow"],"picked":"Shrug It Off","floor":14},{"not_picked":["Fiend Fire","Exhume"],"picked":"Juggernaut","floor":16},{"not_picked":["Warcry","Perfected Strike"],"picked":"Flex","floor":18},{"not_picked":["Havoc+1","Pommel Strike"],"picked":"Headbutt+1","floor":20},{"not_picked":["Evolve","Sword Boomerang"],"picked":"Ghostly Armor","floor":24},{"not_picked":["Cleave","Headbutt","Wild Strike"],"picked":"SKIP","floor":27},{"not_picked":["Seeing Red","Uppercut"],"picked":"Barricade","floor":28},{"not_picked":["Shockwave","Dropkick","Anger"],"picked":"SKIP","floor":30},{"not_picked":["Entrench","Cleave"],"picked":"Metallicize","floor":31},{"not_picked":["Juggernaut","Brutality"],"picked":"Offering","floor":33},{"not_picked":["Cleave+1","Heavy Blade"],"picked":"Metallicize","floor":35},{"not_picked":["Sever Soul+1","True Grit"],"picked":"Battle Trance","floor":37},{"not_picked":["Perfected Strike+1","Twin Strike+1","Flex+1"],"picked":"SKIP","floor":41},{"not_picked":["Cleave","Thunderclap+1","Seeing Red"],"picked":"SKIP","floor":44},{"not_picked":["Flash of Steel","Impatience"],"picked":"Thinking Ahead","floor":45},{"not_picked":["Combust","Havoc","Uppercut"],"picked":"SKIP","floor":46},{"not_picked":["Thunderclap","Perfected Strike+1","Second Wind+1"],"picked":"SKIP","floor":48}],"player_experience":432966,"relics_obtained":[{"floor":6,"key":"Peace Pipe"},{"floor":9,"key":"Pantograph"},{"floor":26,"key":"Bottled Tornado"},{"floor":30,"key":"Darkstone Periapt"},{"floor":37,"key":"Old Coin"}],"event_choices":[{"damage_healed":0,"gold_gain":0,"player_choice":"Success","damage_taken":3,"relics_obtained":["Boot"],"max_hp_gain":0,"max_hp_loss":0,"event_name":"Scrap Ooze","floor":4,"gold_loss":0},{"cards_removed":["Strike_R"],"damage_healed":0,"gold_gain":0,"player_choice":"Card Removal","damage_taken":7,"max_hp_gain":0,"max_hp_loss":0,"event_name":"Golden Wing","floor":5,"gold_loss":0},{"damage_healed":0,"gold_gain":0,"player_choice":"Shed Blood","damage_taken":20,"max_hp_gain":5,"max_hp_loss":0,"event_name":"Forgotten Altar","floor":21,"gold_loss":0},{"damage_healed":0,"gold_gain":0,"player_choice":"Fight","damage_taken":0,"max_hp_gain":0,"max_hp_loss":0,"event_name":"MindBloom","floor":37,"gold_loss":0},{"damage_healed":0,"gold_gain":0,"player_choice":"Paid","damage_taken":0,"relics_obtained":["Red Mask"],"max_hp_gain":0,"max_hp_loss":0,"event_name":"Tomb of Lord Red Mask","floor":38,"gold_loss":18},{"damage_healed":0,"gold_gain":0,"player_choice":"Ignored","damage_taken":0,"max_hp_gain":0,"max_hp_loss":0,"event_name":"Mysterious Sphere","floor":39,"gold_loss":0},{"damage_healed":0,"gold_gain":0,"player_choice":"Embrace Madness","damage_taken":11,"max_hp_gain":0,"max_hp_loss":0,"event_name":"Winding Halls","floor":42,"gold_loss":0,"cards_obtained":["Madness","Madness"]},{"damage_healed":0,"gold_gain":0,"player_choice":"Memory 1","damage_taken":0,"max_hp_gain":0,"max_hp_loss":0,"event_name":"SensoryStone","floor":45,"gold_loss":0},{"cards_removed":["Clothesline"],"damage_healed":0,"gold_gain":0,"player_choice":"Removed Attack","damage_taken":0,"max_hp_gain":0,"max_hp_loss":0,"event_name":"Falling","floor":47,"gold_loss":0}],"is_beta":false,"boss_relics":[{"not_picked":["Orrery","Snecko Eye"],"picked":"Ectoplasm"},{"not_picked":["White Beast Statue","Pandora\u0027s Box"],"picked":"Cursed Key"}],"items_purged_floors":[2],"is_endless":false,"potions_floor_spawned":[8,10,14,18,27,30,31,37,41],"ascension_level":0}