{"gold_per_floor":[117,128,128,143,318,346,346,47,47,80,41,1,16,16,16,115,115,135,150,165,36,50,50,50,50,50,50,60,60,92,16,16,121,121,135,155,170,42,58,58,58,83,83,83,102,102,102,0,0,0],"floor_reached":51,"playtime":2337,"items_purged":["Doubt"],"score":919,"play_id":"5ec90387-960e-451f-88aa-c6e34c8102c2","local_time":"20190303210507","is_ascension_mode":true,"campfire_choices":[{"floor":7,"key":"REST"},{"floor":15,"key":"REST"},{"floor":23,"key":"REST"},{"floor":25,"key":"REST"},{"data":"Accuracy","floor":27,"key":"SMITH"},{"floor":29,"key":"REST"},{"floor":32,"key":"REST"},{"floor":40,"key":"REST"},{"data":"Blade Dance","floor":44,"key":"SMITH"},{"floor":47,"key":"RECALL"},{"floor":49,"key":"REST"}],"neow_cost":"NONE","seed_source_timestamp":2992431697852,"circlet_count":0,"master_deck":["Survivor+1","Neutralize+1","Backstab+1","Cloak And Dagger+1","Backflip+1","Dodge and Roll+1","Poisoned Stab+1","PiercingWail+1","Flying Knee+1","Blade Dance+1","Backstab+1","Blade Dance+1","Glass Knife+1","Quick Slash+1","Night Terror+1","After Image+1","Expertise+1","Die Die Die+1","Blur+1","Predator+1","Endless Agony+1","Wraith Form v2+1","Terror+1","Flying Knee+1","Acrobatics+1","Blur+1","Accuracy+1","Well Laid Plans+1","Deflect+1","Backflip+1","Infinite Blades+1","Corpse Explosion+1","Deflect+1","Sucker Punch+1","Accuracy+1","Poisoned Stab+1","Dash+1"],"relics":["Ring of the Snake","Smiling Mask","Oddly Smooth Stone","Bronze Scales","Paper Crane","Pen Nib","Kunai","Pandora\u0027s Box","Matryoshka","Happy Flower","Busted Crown","Torii","Snake Skull","Ornamental Fan","Mark of the Bloom","Red Mask"],"potions_floor_usage":[6,6,28,30,33,33,36,36,42,50,50],"damage_taken":[{"damage":0,"enemies":"Small Slimes","floor":1,"turns":3},{"damage":8,"enemies":"Jaw Worm","floor":2,"turns":4},{"damage":0,"enemies":"Cultist","floor":4,"turns":4},{"damage":39,"enemies":"Lagavulin","floor":6,"turns":10},{"damage":6,"enemies":"3 Sentries","floor":10,"turns":10},{"damage":0,"enemies":"Looter","floor":13,"turns":2},{"damage":23,"enemies":"Hexaghost","floor":16,"turns":11},{"damage":0,"enemies":"Chosen","floor":18,"turns":2},{"damage":15,"enemies":"Shell Parasite","floor":19,"turns":3},{"damage":14,"enemies":"Centurion and Healer","floor":20,"turns":4},{"damage":0,"enemies":"Snecko","floor":22,"turns":3},{"damage":12,"enemies":"Chosen and Byrds","floor":28,"turns":3},{"damage":25,"enemies":"Book of Stabbing","floor":30,"turns":5},{"damage":32,"enemies":"Automaton","floor":33,"turns":11},{"damage":0,"enemies":"Orb Walker","floor":35,"turns":2},{"damage":5,"enemies":"3 Darklings","floor":36,"turns":5},{"damage":16,"enemies":"Maw","floor":37,"turns":6},{"damage":8,"enemies":"4 Shapes","floor":39,"turns":6},{"damage":1,"enemies":"Nemesis","floor":42,"turns":7},{"damage":0,"enemies":"Sphere and 2 Shapes","floor":45,"turns":2},{"damage":0,"enemies":"Awakened One","floor":50,"turns":11}],"seed_played":"-2808313056431828489","potions_obtained":[{"floor":1,"key":"GhostInAJar"},{"floor":2,"key":"FearPotion"},{"floor":6,"key":"GamblersBrew"},{"floor":20,"key":"AttackPotion"},{"floor":22,"key":"SkillPotion"},{"floor":30,"key":"EntropicBrew"},{"floor":35,"key":"PowerPotion"},{"floor":39,"key":"SkillPotion"},{"floor":42,"key":"LiquidBronze"}],"is_trial":false,"path_per_floor":["M","M","$","M","?","E","R","$","T","E","$","?","M","?","R","B",null,"M","M","M","$","M","R","?","R","T","R","M","R","E","$","R","B",null,"M","M","M","$","M","R","?","E","T","R","M","?","R","?","R","B",null],"character_chosen":"THE_SILENT","items_purchased":["Bronze Scales","Poisoned Stab","PiercingWail","Flying Knee","Backstab","Accuracy","Infinite Blades","Accuracy","Block Potion"],"campfire_rested":8,"item_purchase_floors":[8,8,8,8,11,21,31,38,38],"current_hp_per_floor":[70,62,62,62,62,23,44,44,44,38,38,38,38,38,59,36,70,70,55,41,41,41,62,49,71,71,71,59,75,50,50,72,40,75,75,70,54,54,46,68,68,75,75,75,75,75,75,75,75,75],"gold":0,"neow_bonus":"RANDOM_COMMON_RELIC","is_prod":false,"is_daily":false,"chose_seed":false,"campfire_upgraded":2,"win_rate":0,"timestamp":1551668707,"path_taken":["M","M","$","M","?","E","R","$","T","E","$","?","M","?","R","BOSS","M","?","M","$","M","R","?","R","T","R","M","R","E","$","R","BOSS","M","M","M","$","M","R","?","E","T","R","?","?","R","?","R","BOSS"],"build_version":"2019-01-23","purchased_purges":1,"victory":true,"max_hp_per_floor":[70,70,70,70,70,70,70,70,70,70,70,70,70,70,70,70,70,70,70,70,70,70,70,75,75,75,75,75,75,75,75,75,75,75,75,75,75,75,75,75,75,75,75,75,75,75,75,75,75,75],"card_choices":[{"not_picked":["Bane","Sucker Punch"],"picked":"Backstab","floor":1},{"not_picked":["Blade Dance","Catalyst"],"picked":"Cloak And Dagger","floor":2},{"not_picked":["Bane","Flechettes"],"picked":"Backflip","floor":4},{"not_picked":["Reflex","Tactician"],"picked":"Dodge and Roll","floor":6},{"not_picked":["Quick Slash","Dagger Throw"],"picked":"Blade Dance","floor":10},{"not_picked":["Choke","Outmaneuver"],"picked":"Blade Dance","floor":13},{"not_picked":["Wraith Form v2","Venomology"],"picked":"Glass Knife","floor":16},{"not_picked":["Sucker Punch+1","Slice"],"picked":"Flying Knee+1","floor":18},{"not_picked":["Sucker Punch+1","Dagger Throw"],"picked":"Acrobatics+1","floor":19},{"not_picked":["Flechettes+1","Dagger Spray"],"picked":"Blur","floor":20},{"not_picked":["Doppelganger","Eviscerate"],"picked":"Well Laid Plans","floor":22},{"not_picked":["PiercingWail","Dash"],"picked":"Deflect","floor":28},{"not_picked":["Expertise","Flechettes"],"picked":"Backflip+1","floor":30},{"not_picked":["Die Die Die","Glass Knife"],"picked":"Corpse Explosion","floor":33},{"not_picked":[],"picked":"Deflect","floor":35},{"not_picked":[],"picked":"Sucker Punch+1","floor":36},{"not_picked":["Underhanded Strike"],"picked":"SKIP","floor":37},{"not_picked":["Slice+1"],"picked":"SKIP","floor":39},{"not_picked":[],"picked":"Dash+1","floor":42},{"not_picked":["Prepared"],"picked":"SKIP","floor":45}],"player_experience":486216,"relics_obtained":[{"floor":6,"key":"Oddly Smooth Stone"},{"floor":9,"key":"Paper Crane"},{"floor":10,"key":"Pen Nib"},{"floor":26,"key":"Matryoshka"},{"floor":30,"key":"Happy Flower"},{"floor":42,"key":"Torii"},{"floor":43,"key":"Snake Skull"},{"floor":43,"key":"Ornamental Fan"}],"event_choices":[{"damage_healed":0,"gold_gain":175,"player_choice":"AGREE","damage_taken":0,"max_hp_gain":0,"max_hp_loss":0,"event_name":"Liars Game","floor":5,"gold_loss":0,"cards_obtained":["Doubt"]},{"damage_healed":0,"gold_gain":0,"player_choice":"Left Gold","damage_taken":0,"max_hp_gain":0,"max_hp_loss":0,"event_name":"World of Goop","floor":12,"gold_loss":40},{"damage_healed":0,"gold_gain":0,"player_choice":"Gave Potion","damage_taken":0,"relics_obtained":["Kunai"],"max_hp_gain":0,"max_hp_loss":0,"event_name":"WeMeetAgain","floor":14,"gold_loss":0},{"damage_healed":0,"gold_gain":0,"player_choice":"Shed Blood","damage_taken":18,"max_hp_gain":5,"max_hp_loss":0,"event_name":"Forgotten Altar","floor":24,"gold_loss":0},{"damage_healed":0,"gold_gain":0,"player_choice":"1 cards matched","damage_taken":0,"max_hp_gain":0,"max_hp_loss":0,"event_name":"Match and Keep!","floor":41,"gold_loss":0,"cards_obtained":["Poisoned Stab"]},{"damage_healed":0,"gold_gain":0,"player_choice":"Upgrade","damage_taken":0,"relics_obtained":["Mark of the Bloom"],"max_hp_gain":0,"max_hp_loss":0,"event_name":"MindBloom","floor":46,"gold_loss":0,"cards_upgraded":["Survivor","Neutralize","Backstab","Cloak And Dagger","Backflip","Dodge and Roll","Poisoned Stab","PiercingWail","Flying Knee","Backstab","Blade Dance","Glass Knife","Quick Slash","Night Terror","After Image","Expertise","Die Die Die","Blur","Predator","Endless Agony","Wraith Form v2","Terror","Blur","Well Laid Plans","Deflect","Infinite Blades","Corpse Explosion","Deflect","Accuracy","Poisoned Stab"]},{"damage_healed":0,"gold_gain":0,"player_choice":"Paid","damage_taken":0,"relics_obtained":["Red Mask"],"max_hp_gain":0,"max_hp_loss":0,"event_name":"Tomb of Lord Red Mask","floor":48,"gold_loss":102}],"is_beta":false,"boss_relics":[{"not_picked":["Snecko Eye","Lizard Tail"],"picked":"Pandora\u0027s Box"},{"not_picked":["Tiny House","Black Star"],"picked":"Busted Crown"}],"items_purged_floors":[21],"is_endless":false,"potions_floor_spawned":[1,2,6,20,22,30,35,39,42],"ascension_level":4}