{"path_per_floor":["M","M","$","?","?","R","T","?","T","M","R","E","?","M","R","B",null,"M","?","?","?","M","E","R","M","T","M","M","R","M","M","R","B",null,"M","?","M","?","T","R","M","R","T","M","R","$","M","M","R"],"character_chosen":"IRONCLAD","items_purchased":["Rupture","Shuriken","Gremlin Horn","Combust"],"gold_per_floor":[114,124,56,56,56,56,126,201,201,211,211,236,236,249,249,351,351,367,267,267,267,283,310,310,327,327,339,351,351,371,381,381,479,479,495,495,515,515,587,587,600,600,670,686,686,80,100,111,111,111],"floor_reached":50,"campfire_rested":4,"playtime":2184,"current_hp_per_floor":[80,80,80,80,80,80,80,69,69,73,73,57,57,61,61,33,80,72,72,72,56,46,16,34,26,26,30,35,35,24,26,47,30,71,65,65,51,51,51,51,39,61,71,46,46,46,32,42,67,0],"items_purged":["Defend_R"],"gold":111,"score":514,"play_id":"423b080d-85e1-4390-aeb6-84e6a920d046","local_time":"20180413171352","is_prod":false,"is_daily":false,"chose_seed":false,"is_ascension_mode":false,"campfire_upgraded":6,"timestamp":1523654032,"path_taken":["M","M","$","?","?","R","?","?","T","M","R","E","?","M","R","BOSS","M","?","?","?","?","E","R","M","T","M","M","R","?","M","R","BOSS","M","?","?","?","?","R","M","R","T","M","R","?","M","M","R","BOSS"],"build_version":"2018-04-12","seed_source_timestamp":22255172803391,"purchased_purges":1,"victory":false,"master_deck":["Defend_R","Defend_R","Bash+1","Brutality+1","Thunderclap","Dropkick","Rupture+1","Twin Strike","Anger+1","Feed","Hemokinesis+1","J.A.X.","Bite","Bite","Bite","Bite","Bite","Warcry+1","Rupture+1","Heavy Blade+1","Whirlwind+1","Deep Breath+1","Combust+1","Berserk+1"],"max_hp_per_floor":[80,80,80,80,80,80,80,80,80,80,80,80,80,80,80,80,80,80,80,80,56,59,62,62,65,65,68,71,71,71,71,71,71,71,71,71,74,74,74,74,74,74,84,84,84,84,84,84,84,84],"relics":["Black Blood","Frozen Egg 2","Oddly Smooth Stone","Question Card","Sozu","Red Skull","Mercury Hourglass","Kunai","Pear","Shuriken","Gremlin Horn"],"card_choices":[{"not_picked":["Reckless Charge","Shrug It Off"],"picked":"Thunderclap","floor":1},{"not_picked":["Flex","Clash"],"picked":"Dropkick","floor":2},{"not_picked":["Warcry","Power Through"],"picked":"Twin Strike","floor":12},{"not_picked":["Corruption","Burning Pact","Perfected Strike"],"picked":"Anger","floor":14},{"not_picked":["Brutality","Immolate","Fiend Fire"],"picked":"Feed","floor":16},{"not_picked":["Feel No Pain","Perfected Strike","Flame Barrier"],"picked":"Hemokinesis","floor":18},{"not_picked":["Pommel Strike","Perfected Strike","Twin Strike"],"picked":"Warcry","floor":27},{"not_picked":["Shockwave","Pommel Strike","True Grit"],"picked":"Rupture","floor":28},{"not_picked":["Clash","Dual Wield","Clothesline"],"picked":"Heavy Blade","floor":31},{"not_picked":["Sentinel","Iron Wave","Seeing Red"],"picked":"Whirlwind","floor":35},{"not_picked":["Madness","Swift Strike","Trip"],"picked":"Deep Breath","floor":38},{"not_picked":["Clothesline","Sentinel","Sword Boomerang"],"picked":"Berserk","floor":48}],"player_experience":171338,"potions_floor_usage":[14,16,33],"damage_taken":[{"damage":6,"enemies":"Jaw Worm","floor":1,"turns":3},{"damage":2,"enemies":"Cultist","floor":2,"turns":3},{"damage":2,"enemies":"2 Louse","floor":10,"turns":2},{"damage":22,"enemies":"Lagavulin","floor":12,"turns":6},{"damage":2,"enemies":"Blue Slaver","floor":14,"turns":3},{"damage":34,"enemies":"Hexaghost","floor":16,"turns":7},{"damage":14,"enemies":"Chosen","floor":18,"turns":5},{"damage":19,"enemies":"2 Thieves","floor":22,"turns":3},{"damage":49,"enemies":"Slavers","floor":23,"turns":4},{"damage":25,"enemies":"Snake Plant","floor":25,"turns":4},{"damage":15,"enemies":"Sentry and Sphere","floor":27,"turns":3},{"damage":12,"enemies":"Chosen and Byrds","floor":28,"turns":3},{"damage":25,"enemies":"Centurion and Healer","floor":30,"turns":3},{"damage":6,"enemies":"Snake Plant","floor":31,"turns":2},{"damage":39,"enemies":"Champ","floor":33,"turns":5},{"damage":32,"enemies":"3 Darklings","floor":35,"turns":5},{"damage":33,"enemies":"3 Shapes","floor":37,"turns":4},{"damage":28,"enemies":"3 Darklings","floor":41,"turns":3},{"damage":53,"enemies":"Maw","floor":44,"turns":6},{"damage":28,"enemies":"Sphere and 2 Shapes","floor":47,"turns":3},{"damage":4,"enemies":"4 Shapes","floor":48,"turns":3},{"damage":72,"enemies":"Donu and Deca","floor":50,"turns":3}],"event_choices":[{"event_name":"Bonfire Elementals","player_choice":"BASIC","floor":4,"damage_taken":0},{"event_name":"Purifier","player_choice":"One Purge","floor":5,"damage_taken":0},{"event_name":"World of Goop","player_choice":"Gather Gold","floor":8,"damage_taken":0},{"event_name":"Liars Game","player_choice":"disagreed","floor":13,"damage_taken":0},{"event_name":"Drug Dealer","player_choice":"Got JAXXED","floor":19,"damage_taken":0},{"event_name":"The Woman in Blue","player_choice":"Bought 0 Potions","floor":20,"damage_taken":0},{"event_name":"Vampires","player_choice":"Became a vampire","floor":21,"damage_taken":0},{"event_name":"Tomb of Lord Red Mask","player_choice":"Ignored","floor":36,"damage_taken":0},{"event_name":"SensoryStone","player_choice":"Memory 1","floor":38,"damage_taken":0}],"boss_relics":[{"not_picked":["Philosopher\u0027s Stone","Snecko Eye"],"picked":"Sozu"},{"not_picked":["Runic Pyramid","Tiny House"],"picked":"Black Blood"}],"potions_floor_spawned":[2,12,14,23,30,31,33,37,41,47],"seed_played":"-6289185366820225345","killed_by":"Donu and Deca","ascension_level":0,"is_trial":false}