{"gold_per_floor":[113,132,152,172,172,198,198,217,285,285,315,331,331],"floor_reached":13,"playtime":530,"items_purged":[],"score":102,"play_id":"e3e0e759-c3ff-4c08-af68-8e4f8555e25c","local_time":"20181124224531","is_ascension_mode":true,"campfire_choices":[{"data":"Machine Learning","floor":7,"key":"SMITH"},{"data":"Auto Shields","floor":10,"key":"SMITH"}],"neow_cost":"NONE","seed_source_timestamp":793013476338595,"circlet_count":0,"master_deck":["Strike_B","Strike_B","Strike_B","Defend_B","Defend_B","Defend_B","Defend_B","Zap","Dualcast","Auto Shields+1","Reprogram","Machine Learning+1","Barrage+1","Ball Lightning+1"],"relics":["Cracked Core","Darkstone Periapt","Molten Egg 2","Incense Burner"],"potions_floor_usage":[6,6,11],"damage_taken":[{"damage":0,"enemies":"Cultist","floor":1,"turns":4},{"damage":0,"enemies":"2 Louse","floor":2,"turns":3},{"damage":0,"enemies":"Small Slimes","floor":3,"turns":4},{"damage":6,"enemies":"3 Louse","floor":4,"turns":5},{"damage":20,"enemies":"Lagavulin","floor":6,"turns":8},{"damage":3,"enemies":"Exordium Wildlife","floor":8,"turns":6},{"damage":36,"enemies":"Gremlin Nob","floor":11,"turns":6},{"damage":14,"enemies":"Gremlin Gang","floor":12,"turns":6},{"damage":5,"enemies":"Lots of Slimes","floor":13,"turns":1}],"seed_played":"-8962183229010284242","potions_obtained":[{"floor":1,"key":"LiquidBronze"},{"floor":5,"key":"Fire Potion"},{"floor":5,"key":"Fruit Juice"},{"floor":6,"key":"SpeedPotion"},{"floor":11,"key":"Dexterity Potion"}],"is_trial":false,"path_per_floor":["M","M","M","M","?","E","R","M","T","R","E","M","M"],"character_chosen":"DEFECT","items_purchased":[],"campfire_rested":0,"item_purchase_floors":[],"current_hp_per_floor":[75,75,75,69,69,54,54,51,51,51,15,1,0],"gold":331,"neow_bonus":"REMOVE_CARD","is_prod":false,"is_daily":false,"chose_seed":false,"campfire_upgraded":2,"win_rate":0,"timestamp":1543095931,"path_taken":["M","M","M","M","?","E","R","M","T","R","E","M","M"],"build_version":"2018-11-15","purchased_purges":0,"victory":false,"max_hp_per_floor":[75,75,75,75,75,80,80,80,80,80,80,80,80],"card_choices":[{"not_picked":["Fusion","Hologram"],"picked":"Auto Shields","floor":1},{"not_picked":["Redo","Steam"],"picked":"Reprogram","floor":2},{"not_picked":["Conserve Battery","Barrage","Sweeping Beam"],"picked":"SKIP","floor":3},{"not_picked":["Barrage","Hello World","Gash"],"picked":"SKIP","floor":4},{"not_picked":["Barrage","Coolheaded"],"picked":"Machine Learning","floor":6},{"not_picked":["Turbo","Go for the Eyes","Beam Cell"],"picked":"SKIP","floor":8},{"not_picked":["Compile Driver+1","Turbo"],"picked":"Barrage+1","floor":11},{"not_picked":["Auto Shields","Redo"],"picked":"Ball Lightning+1","floor":12}],"player_experience":557208,"relics_obtained":[{"floor":6,"key":"Darkstone Periapt"},{"floor":9,"key":"Molten Egg 2"},{"floor":11,"key":"Incense Burner"}],"event_choices":[{"damage_healed":0,"gold_gain":0,"player_choice":"Got Potions","damage_taken":0,"max_hp_gain":0,"max_hp_loss":0,"event_name":"Lab","floor":5,"gold_loss":0}],"is_beta":false,"boss_relics":[],"items_purged_floors":[],"is_endless":false,"potions_floor_spawned":[1,6,11],"killed_by":"Lots of Slimes","ascension_level":1}