{"gold_per_floor":[114,114,129,143,155,155,181,181,181,181,216,231,251,216,216,312,312,324,342,353,353],"floor_reached":21,"playtime":848,"items_purged":[],"score":261,"play_id":"d32363f4-edca-4da0-9218-bc1b814ca4cf","local_time":"20190112023018","is_ascension_mode":true,"campfire_choices":[{"data":"Dualcast","floor":6,"key":"SMITH"},{"data":"Zap","floor":8,"key":"SMITH"},{"data":"Barrage","floor":10,"key":"SMITH"},{"data":"Sunder","floor":15,"key":"SMITH"}],"neow_cost":"NONE","seed_source_timestamp":250657928997820,"circlet_count":0,"master_deck":["Strike_B","Strike_B","Strike_B","Defend_B","Defend_B","Defend_B","Defend_B","Zap+1","Dualcast+1","Barrage+1","Coolheaded","Steam","Blizzard","Sunder+1","FTL","Buffer","Rebound+1","Cold Snap+1"],"relics":["Cracked Core","Cables","Letter Opener","Torii","Sozu"],"potions_floor_usage":[16,21,21],"damage_taken":[{"damage":0,"enemies":"2 Louse","floor":1,"turns":2},{"damage":1,"enemies":"Cultist","floor":3,"turns":3},{"damage":0,"enemies":"Small Slimes","floor":4,"turns":3},{"damage":0,"enemies":"3 Louse","floor":5,"turns":6},{"damage":25,"enemies":"3 Sentries","floor":7,"turns":12},{"damage":21,"enemies":"Gremlin Nob","floor":11,"turns":4},{"damage":0,"enemies":"2 Fungi Beasts","floor":12,"turns":2},{"damage":1,"enemies":"Exordium Thugs","floor":13,"turns":3},{"damage":14,"enemies":"Hexaghost","floor":16,"turns":10},{"damage":11,"enemies":"2 Thieves","floor":18,"turns":4},{"damage":1,"enemies":"Chosen","floor":19,"turns":5},{"damage":28,"enemies":"Snecko","floor":20,"turns":6},{"damage":38,"enemies":"Masked Bandits","floor":21,"turns":3}],"seed_played":"-8619929183228248836","potions_obtained":[{"floor":5,"key":"Dexterity Potion"},{"floor":11,"key":"Swift Potion"},{"floor":13,"key":"Dexterity Potion"}],"is_trial":false,"path_per_floor":["M","?","M","M","M","R","E","R","T","R","E","M","M","?","R","B",null,"M","M","M","?"],"character_chosen":"DEFECT","items_purchased":[],"campfire_rested":0,"item_purchase_floors":[],"current_hp_per_floor":[75,75,74,74,74,74,49,49,49,49,28,28,27,47,47,33,70,59,58,30,0],"gold":353,"neow_bonus":"TEN_PERCENT_HP_BONUS","is_prod":false,"is_daily":false,"chose_seed":false,"campfire_upgraded":4,"win_rate":0,"timestamp":1547256618,"path_taken":["M","?","M","M","M","R","E","R","T","R","E","M","?","?","R","BOSS","M","M","M","?"],"build_version":"2019-01-10","purchased_purges":0,"victory":false,"max_hp_per_floor":[82,82,82,82,82,82,82,82,82,82,82,82,82,82,82,82,82,82,82,82,82],"card_choices":[{"not_picked":["Beam Cell","Leap"],"picked":"Barrage","floor":1},{"not_picked":["Barrage","Streamline"],"picked":"Coolheaded","floor":3},{"not_picked":["Leap","Auto Shields"],"picked":"Steam","floor":4},{"not_picked":["Ball Lightning","Force Field","Sweeping Beam"],"picked":"SKIP","floor":5},{"not_picked":["Gash","BootSequence"],"picked":"Blizzard","floor":7},{"not_picked":["Amplify","Storm"],"picked":"Sunder","floor":11},{"not_picked":["Steam","Gash"],"picked":"FTL","floor":12},{"not_picked":["Compile Driver","Double Energy","Beam Cell"],"picked":"SKIP","floor":13},{"not_picked":["Multi-Cast","Rainbow"],"picked":"Buffer","floor":16},{"not_picked":["Stack","Sweeping Beam"],"picked":"Rebound+1","floor":18},{"not_picked":["Rebound","Sweeping Beam"],"picked":"Cold Snap+1","floor":19},{"not_picked":["Chaos","Ball Lightning+1","Undo+1"],"picked":"SKIP","floor":20}],"player_experience":671033,"relics_obtained":[{"floor":7,"key":"Cables"},{"floor":9,"key":"Letter Opener"},{"floor":11,"key":"Torii"}],"event_choices":[{"cards_removed":["Strike_B"],"damage_healed":0,"gold_gain":0,"player_choice":"Offered Basic","damage_taken":0,"max_hp_gain":0,"max_hp_loss":0,"event_name":"Bonfire Elementals","floor":2,"gold_loss":0},{"damage_healed":20,"gold_gain":0,"player_choice":"Healed","damage_taken":0,"max_hp_gain":0,"max_hp_loss":0,"event_name":"The Cleric","floor":14,"gold_loss":35},{"damage_healed":0,"gold_gain":0,"player_choice":"Fought Bandits","damage_taken":0,"max_hp_gain":0,"max_hp_loss":0,"event_name":"Masked Bandits","floor":21,"gold_loss":0}],"is_beta":false,"boss_relics":[{"not_picked":["Tiny House","Ectoplasm"],"picked":"Sozu"}],"items_purged_floors":[],"is_endless":false,"potions_floor_spawned":[5,11,13],"killed_by":"Masked Bandits","ascension_level":7}