{"gold_per_floor":[110,130,147,147,158,158,168,200,200,90,90,190,190,290,290,290],"floor_reached":16,"playtime":635,"items_purged":["Strike_B"],"score":130,"play_id":"7ea451f7-d6ad-4c25-8c1c-7a9c06416655","local_time":"20181011111028","is_ascension_mode":true,"campfire_choices":[{"data":"Dualcast","floor":6,"key":"SMITH"},{"floor":11,"key":"REST"},{"floor":15,"key":"REST"}],"neow_cost":"","seed_source_timestamp":47250092884802,"circlet_count":0,"master_deck":["Strike_B+1","Strike_B","Strike_B+1","Defend_B","Defend_B","Defend_B+1","Defend_B+1","Zap","Dualcast+1","Coolheaded","Self Repair","Gash","Redo","Hologram","Leap","Blizzard"],"relics":["Cracked Core","Whetstone","Kunai","Golden Idol"],"potions_floor_usage":[16],"damage_taken":[{"damage":5,"enemies":"Small Slimes","floor":1,"turns":4},{"damage":0,"enemies":"Jaw Worm","floor":2,"turns":4},{"damage":0,"enemies":"Cultist","floor":3,"turns":4},{"damage":0,"enemies":"Large Slime","floor":5,"turns":5},{"damage":7,"enemies":"Red Slaver","floor":7,"turns":3},{"damage":59,"enemies":"Gremlin Nob","floor":8,"turns":7},{"damage":61,"enemies":"The Guardian","floor":16,"turns":12}],"seed_played":"-4329270790069993980","potions_obtained":[{"floor":7,"key":"Energy Potion"}],"is_trial":false,"path_per_floor":["M","M","M","?","M","R","M","E","T","$","R","?","?","?","R"],"character_chosen":"DEFECT","items_purchased":["Blizzard"],"campfire_rested":2,"item_purchase_floors":[10],"current_hp_per_floor":[63,63,70,55,62,62,62,10,10,10,32,32,32,32,52,0],"gold":290,"neow_bonus":"","is_prod":false,"is_daily":false,"chose_seed":false,"campfire_upgraded":1,"win_rate":0,"timestamp":1539270628,"path_taken":["M","M","M","?","?","R","M","E","T","$","R","?","?","?","R","BOSS"],"build_version":"2018-10-10","purchased_purges":1,"victory":false,"max_hp_per_floor":[75,75,75,75,75,75,75,75,75,75,75,75,69,69,69,69],"card_choices":[{"not_picked":["Sweeping Beam","Beam Cell"],"picked":"Coolheaded","floor":1},{"not_picked":["Barrage","Genetic Algorithm"],"picked":"Self Repair","floor":2},{"not_picked":["Doom and Gloom","Storm"],"picked":"Gash","floor":3},{"not_picked":["Recycle","Fission"],"picked":"Redo","floor":5},{"not_picked":["Lockon","Aggregate"],"picked":"Hologram","floor":7},{"not_picked":["Cold Snap","Redo"],"picked":"Leap","floor":8}],"player_experience":326708,"relics_obtained":[{"floor":8,"key":"Whetstone"},{"floor":9,"key":"Kunai"}],"event_choices":[{"event_name":"Shining Light","player_choice":"Entered Light","floor":4,"damage_taken":0},{"event_name":"Golden Shrine","player_choice":"Pray","floor":12,"damage_taken":0},{"event_name":"Golden Idol","player_choice":"Lose Max HP","floor":13,"damage_taken":0},{"event_name":"Wheel of Change","player_choice":"Gold","floor":14,"damage_taken":0}],"is_beta":true,"boss_relics":[],"items_purged_floors":[10],"is_endless":false,"potions_floor_spawned":[7],"killed_by":"The Guardian","ascension_level":6}