{"gold_per_floor":[112,123,48,67,79,79,108,108,134,164,164,176,176,209,221,328,340,366,396,408,431,8,8,8,8,8,8,24,124,149,166,166,166],"floor_reached":33,"playtime":1544,"items_purged":["Parasite","Defend_R"],"score":328,"play_id":"7d09dcf0-fb26-4cc9-978d-4c5ea4e0ddd0","local_time":"20180923165948","is_ascension_mode":true,"campfire_choices":[{"data":"Pommel Strike","floor":6,"key":"SMITH"},{"data":"Uppercut","floor":8,"key":"SMITH"},{"data":"Flex","floor":13,"key":"SMITH"},{"data":"Bludgeon","floor":15,"key":"SMITH"},{"data":"Apotheosis","floor":23,"key":"SMITH"},{"data":"Double Tap","floor":25,"key":"SMITH"},{"data":"Shrug It Off","floor":27,"key":"SMITH"},{"data":"Iron Wave","floor":32,"key":"SMITH"}],"neow_cost":"CURSE","seed_source_timestamp":708348689087047,"circlet_count":0,"master_deck":["Defend_R+1","Defend_R+1","Bash","Iron Wave+1","Iron Wave","Pommel Strike+1","Iron Wave","Uppercut+1","Flex+1","Bludgeon+1","Double Tap+1","Anger+1","Shrug It Off+1","Bite","Bite","Bite","Bite","Bite","Ghostly Armor+1","Apotheosis+1","Rage+1","Infernal Blade+1","Bloodletting+1"],"relics":["Burning Blood","Potion Belt","Bag of Marbles","War Paint","Pen Nib","MawBank","Runic Dome","Bronze Scales","Dream Catcher","Dead Branch","Dodecahedron","Red Skull"],"potions_floor_usage":[5,10,16,28,29,29,33],"damage_taken":[{"damage":6,"enemies":"Cultist","floor":1,"turns":4},{"damage":3,"enemies":"2 Louse","floor":2,"turns":4},{"damage":14,"enemies":"Small Slimes","floor":4,"turns":3},{"damage":4,"enemies":"Red Slaver","floor":5,"turns":2},{"damage":16,"enemies":"3 Sentries","floor":7,"turns":9},{"damage":5,"enemies":"Gremlin Nob","floor":10,"turns":3},{"damage":3,"enemies":"Blue Slaver","floor":12,"turns":2},{"damage":5,"enemies":"Gremlin Nob","floor":14,"turns":3},{"damage":35,"enemies":"Slime Boss","floor":16,"turns":7},{"damage":2,"enemies":"Chosen","floor":18,"turns":3},{"damage":4,"enemies":"3 Byrds","floor":19,"turns":4},{"damage":0,"enemies":"Snake Plant","floor":21,"turns":2},{"damage":0,"enemies":"Snecko","floor":28,"turns":2},{"damage":8,"enemies":"Colosseum Slavers","floor":29,"turns":2},{"damage":16,"enemies":"Colosseum Nobs","floor":29,"turns":2},{"damage":17,"enemies":"Slavers","floor":30,"turns":4},{"damage":17,"enemies":"3 Cultists","floor":31,"turns":4},{"damage":74,"enemies":"Collector","floor":33,"turns":8}],"seed_played":"1660131549321582712","potions_obtained":[{"floor":4,"key":"AttackPotion"},{"floor":5,"key":"Poison Potion"},{"floor":10,"key":"PowerPotion"},{"floor":12,"key":"Explosive Potion"},{"floor":14,"key":"Swift Potion"},{"floor":28,"key":"Swift Potion"},{"floor":30,"key":"SneckoOil"}],"is_trial":false,"path_per_floor":["M","M","$","M","M","R","E","R","T","E","T","M","R","?","R","B",null,"M","M","?","M","$","R","?","R","T","R","M","?","E","M","R"],"character_chosen":"IRONCLAD","items_purchased":["Apotheosis","Bronze Scales"],"campfire_rested":0,"item_purchase_floors":[22,22],"current_hp_per_floor":[96,96,93,85,87,87,77,77,77,78,78,81,81,82,82,53,93,93,93,65,65,65,65,65,65,65,65,65,55,50,57,57,0],"gold":166,"neow_bonus":"TWENTY_PERCENT_HP_BONUS","is_prod":false,"is_daily":false,"chose_seed":false,"campfire_upgraded":8,"win_rate":0,"timestamp":1537736388,"path_taken":["M","M","$","M","M","R","E","R","T","E","?","M","R","?","R","BOSS","M","M","?","M","$","R","?","R","T","R","M","?","E","?","R","BOSS"],"build_version":"2018-09-20","purchased_purges":2,"victory":false,"max_hp_per_floor":[96,96,93,93,93,93,93,93,93,93,93,93,93,93,93,93,93,93,93,65,65,65,65,65,65,65,65,65,65,65,65,65,65],"card_choices":[{"not_picked":["Sword Boomerang","Warcry"],"picked":"Iron Wave","floor":1},{"not_picked":["Havoc","Sword Boomerang"],"picked":"Iron Wave","floor":2},{"not_picked":["Sever Soul","Havoc"],"picked":"Pommel Strike","floor":4},{"not_picked":["Havoc","Headbutt"],"picked":"Iron Wave","floor":5},{"not_picked":["Clothesline","Havoc"],"picked":"Uppercut","floor":7},{"not_picked":["Shockwave","Pommel Strike"],"picked":"Flex","floor":10},{"not_picked":["Havoc","Wild Strike","True Grit"],"picked":"SKIP","floor":12},{"not_picked":["Wild Strike","Pummel"],"picked":"Bludgeon","floor":14},{"not_picked":["Limit Break","Dark Embrace"],"picked":"Double Tap","floor":16},{"not_picked":["Corruption","Clothesline+1"],"picked":"Anger+1","floor":18},{"not_picked":["Clash","Heavy Blade+1"],"picked":"Shrug It Off","floor":19},{"not_picked":["Twin Strike","Clothesline"],"picked":"Ghostly Armor+1","floor":21},{"not_picked":["Battle Trance","Perfected Strike+1"],"picked":"Rage+1","floor":28},{"not_picked":["Searing Blow","Pommel Strike"],"picked":"Infernal Blade+1","floor":29},{"not_picked":["Iron Wave","Armaments"],"picked":"Bloodletting+1","floor":30},{"not_picked":["Twin Strike","Battle Trance","Reaper"],"picked":"SKIP","floor":31}],"player_experience":316846,"relics_obtained":[{"floor":7,"key":"Potion Belt"},{"floor":9,"key":"Bag of Marbles"},{"floor":10,"key":"War Paint"},{"floor":11,"key":"Pen Nib"},{"floor":14,"key":"MawBank"},{"floor":26,"key":"Dream Catcher"},{"floor":29,"key":"Dead Branch"},{"floor":29,"key":"Dodecahedron"},{"floor":30,"key":"Red Skull"}],"event_choices":[{"event_name":"Dead Adventurer","player_choice":"Searched \u00272\u0027 times","floor":14,"damage_taken":0},{"event_name":"Vampires","player_choice":"Became a vampire","floor":20,"damage_taken":0},{"event_name":"Back to Basics","player_choice":"Elegance","floor":24,"damage_taken":0},{"event_name":"Colosseum","player_choice":"Fight","floor":29,"damage_taken":0},{"event_name":"Colosseum","player_choice":"Fought Nobs","floor":29,"damage_taken":0}],"is_beta":true,"boss_relics":[{"not_picked":["Velvet Choker","Black Star"],"picked":"Runic Dome"}],"items_purged_floors":[3,22],"is_endless":false,"potions_floor_spawned":[4,5,10,12,14,28,29,30],"killed_by":"Collector","ascension_level":2}