{"gold_per_floor":[115,115,134,134,148,180,180,197,223,254,329,349,41,59,59,155,155,168,22,36,36,51,51,51],"floor_reached":24,"playtime":883,"items_purged":[],"score":208,"play_id":"aab8d137-fafd-4597-a85b-98ae2081766e","local_time":"20190221183421","is_ascension_mode":false,"campfire_choices":[{"data":"Dropkick","floor":7,"key":"SMITH"},{"data":"Sword Boomerang","floor":15,"key":"SMITH"},{"data":"Corruption","floor":23,"key":"SMITH"}],"neow_cost":"NONE","seed_source_timestamp":22256984444041,"circlet_count":0,"master_deck":["Strike_R","Strike_R","Strike_R","Strike_R","Strike_R","Defend_R","Defend_R","Defend_R","Defend_R","Bash+1","Iron Wave","Sword Boomerang+1","Dropkick+1","Iron Wave","Twin Strike","Infernal Blade","Exhume","Corruption+1","Twin Strike+1","Iron Wave"],"relics":["Black Blood","Happy Flower","Juzu Bracelet","Boot","Unceasing Top","Bag of Marbles"],"potions_floor_usage":[6,16,16,20,24],"damage_taken":[{"damage":6,"enemies":"2 Louse","floor":1,"turns":3},{"damage":8,"enemies":"Jaw Worm","floor":3,"turns":4},{"damage":2,"enemies":"Small Slimes","floor":5,"turns":3},{"damage":9,"enemies":"Gremlin Nob","floor":6,"turns":3},{"damage":8,"enemies":"Gremlin Gang","floor":8,"turns":5},{"damage":21,"enemies":"3 Sentries","floor":10,"turns":9},{"damage":0,"enemies":"Blue Slaver","floor":12,"turns":3},{"damage":0,"enemies":"Looter","floor":14,"turns":3},{"damage":20,"enemies":"Slime Boss","floor":16,"turns":7},{"damage":25,"enemies":"3 Byrds","floor":18,"turns":4},{"damage":31,"enemies":"2 Thieves","floor":20,"turns":5},{"damage":10,"enemies":"Snecko","floor":22,"turns":5},{"damage":70,"enemies":"Book of Stabbing","floor":24,"turns":4}],"seed_played":"-7125847697302849325","potions_obtained":[{"floor":3,"key":"GamblersBrew"},{"floor":5,"key":"PowerPotion"},{"floor":8,"key":"Energy Potion"},{"floor":16,"key":"Regen Potion"},{"floor":20,"key":"FearPotion"}],"is_trial":false,"path_per_floor":["M","?","M","?","M","E","R","M","T","E","?","M","$","M","R","B",null,"M","$","M","?","M","R","E"],"character_chosen":"IRONCLAD","items_purchased":["Unceasing Top","Bag of Marbles"],"campfire_rested":0,"item_purchase_floors":[13,19],"current_hp_per_floor":[80,85,83,83,85,82,82,80,80,65,54,60,60,66,66,52,85,70,70,63,63,63,63,0],"gold":51,"neow_bonus":"UPGRADE_CARD","is_prod":false,"is_daily":false,"chose_seed":false,"campfire_upgraded":3,"win_rate":0,"timestamp":1550795661,"path_taken":["M","?","M","?","M","E","R","M","T","E","?","M","$","M","R","BOSS","M","$","M","?","M","R","E"],"build_version":"2019-01-23","purchased_purges":0,"victory":false,"max_hp_per_floor":[80,85,85,85,85,85,85,85,85,85,85,85,85,85,85,85,85,85,85,85,85,85,85,85],"card_choices":[{"not_picked":["Anger","Headbutt"],"picked":"Iron Wave","floor":1},{"not_picked":["Rage","Body Slam","Rupture"],"picked":"SKIP","floor":3},{"not_picked":["Heavy Blade","Juggernaut"],"picked":"Sword Boomerang","floor":5},{"not_picked":["Perfected Strike","Body Slam"],"picked":"Dropkick","floor":6},{"not_picked":["Searing Blow","Thunderclap"],"picked":"Iron Wave","floor":8},{"not_picked":["Double Tap","Clothesline"],"picked":"Twin Strike","floor":10},{"not_picked":["Metallicize","Bloodletting"],"picked":"Infernal Blade","floor":12},{"not_picked":["Hemokinesis","Havoc","Clothesline"],"picked":"SKIP","floor":14},{"not_picked":["Impervious","Barricade"],"picked":"Exhume","floor":16},{"not_picked":["Sword Boomerang","Body Slam"],"picked":"Corruption","floor":18},{"not_picked":["Sever Soul","Ghostly Armor"],"picked":"Twin Strike+1","floor":20},{"not_picked":["Thunderclap","Rage"],"picked":"Iron Wave","floor":22}],"player_experience":286763,"relics_obtained":[{"floor":6,"key":"Happy Flower"},{"floor":9,"key":"Juzu Bracelet"},{"floor":10,"key":"Boot"}],"event_choices":[{"damage_healed":0,"gold_gain":0,"player_choice":"Donut","damage_taken":0,"max_hp_gain":5,"max_hp_loss":0,"event_name":"Big Fish","floor":2,"gold_loss":0},{"damage_healed":0,"gold_gain":0,"player_choice":"Ignored","damage_taken":0,"max_hp_gain":0,"max_hp_loss":0,"event_name":"Liars Game","floor":4,"gold_loss":0},{"damage_healed":0,"gold_gain":75,"player_choice":"Gather Gold","damage_taken":11,"max_hp_gain":0,"max_hp_loss":0,"event_name":"World of Goop","floor":11,"gold_loss":0},{"damage_healed":0,"gold_gain":0,"player_choice":"Ignored","damage_taken":0,"max_hp_gain":0,"max_hp_loss":0,"event_name":"Beggar","floor":21,"gold_loss":0}],"is_beta":false,"boss_relics":[{"not_picked":["Orrery","Tiny House"],"picked":"Black Blood"}],"items_purged_floors":[],"is_endless":false,"potions_floor_spawned":[3,5,8,16,20],"killed_by":"Book of Stabbing","ascension_level":0}