{"gold_per_floor":[114,114,34,61,73,105,105,27,27,55,67,67,97,110,110,209,209,227,227],"floor_reached":19,"playtime":1193,"items_purged":[],"score":228,"play_id":"9e6475f5-9ee7-4cbc-b936-1b53deb73d49","local_time":"20181108233151","is_ascension_mode":true,"campfire_choices":[{"data":"Defragment","floor":7,"key":"SMITH"},{"data":"Dualcast","floor":12,"key":"SMITH"},{"data":"Capacitor","floor":15,"key":"SMITH"}],"neow_cost":"NONE","seed_source_timestamp":364804827723424,"circlet_count":0,"master_deck":["Strike_B","Strike_B","Strike_B","Defend_B+1","Defend_B","Defend_B","Defend_B","Zap","Dualcast+1","Genetic Algorithm","Defragment+1","Chill","Cold Snap","Capacitor+1","Leap","Conserve Battery+1","Coolheaded","Reboot","Redo"],"relics":["FrozenCore","DataDisk","Gremlin Horn","Blue Candle","Letter Opener","War Paint"],"potions_floor_usage":[6,6,16],"damage_taken":[{"damage":2,"enemies":"2 Louse","floor":1,"turns":4},{"damage":0,"enemies":"Cultist","floor":5,"turns":3},{"damage":36,"enemies":"Gremlin Nob","floor":6,"turns":5},{"damage":1,"enemies":"3 Sentries","floor":10,"turns":8},{"damage":0,"enemies":"Small Slimes","floor":11,"turns":2},{"damage":0,"enemies":"2 Fungi Beasts","floor":14,"turns":4},{"damage":22,"enemies":"The Guardian","floor":16,"turns":11},{"damage":8,"enemies":"3 Byrds","floor":18,"turns":6},{"damage":17,"enemies":"Colosseum Slavers","floor":19,"turns":6},{"damage":60,"enemies":"Colosseum Nobs","floor":19,"turns":4}],"seed_played":"6789039473866995523","potions_obtained":[{"floor":1,"key":"PowerPotion"},{"floor":5,"key":"AttackPotion"},{"floor":14,"key":"LiquidBronze"}],"is_trial":false,"path_per_floor":["M","?","$","T","M","E","R","$","T","E","M","R","?","M","R","B",null,"M","?"],"character_chosen":"DEFECT","items_purchased":["Defragment","Capacitor"],"campfire_rested":0,"item_purchase_floors":[3,8],"current_hp_per_floor":[66,66,66,66,66,30,30,30,30,29,29,29,29,29,29,7,58,50,0],"gold":227,"neow_bonus":"THREE_CARDS","is_prod":false,"is_daily":false,"chose_seed":false,"campfire_upgraded":3,"win_rate":0,"timestamp":1541737911,"path_taken":["M","?","$","?","M","E","R","$","T","E","M","R","?","M","R","BOSS","M","?"],"build_version":"2018-11-07","purchased_purges":0,"victory":false,"max_hp_per_floor":[75,75,75,75,75,75,75,75,75,75,75,75,75,75,75,75,75,75,75],"card_choices":[{"not_picked":["Go for the Eyes","Sweeping Beam"],"picked":"Genetic Algorithm","floor":0},{"not_picked":["Darkness","Blizzard","Rebound"],"picked":"SKIP","floor":1},{"not_picked":["Stack","Recycle"],"picked":"Chill","floor":5},{"not_picked":["Steam","Skim"],"picked":"Cold Snap","floor":6},{"not_picked":["Rebound","Aggregate"],"picked":"Leap","floor":10},{"not_picked":["Sweeping Beam","Go for the Eyes"],"picked":"Conserve Battery","floor":11},{"not_picked":["Stack","Auto Shields"],"picked":"Coolheaded","floor":14},{"not_picked":["Multi-Cast","Biased Cognition"],"picked":"Reboot","floor":16},{"not_picked":["Cold Snap","Tempest"],"picked":"Redo","floor":18}],"player_experience":329579,"relics_obtained":[{"floor":4,"key":"DataDisk"},{"floor":6,"key":"Gremlin Horn"},{"floor":9,"key":"Blue Candle"},{"floor":10,"key":"Letter Opener"}],"event_choices":[{"cards_removed":["Strike_B"],"damage_healed":0,"gold_gain":0,"player_choice":"Offered Basic","damage_taken":0,"max_hp_gain":0,"max_hp_loss":0,"event_name":"Bonfire Elementals","floor":2,"gold_loss":0},{"damage_healed":0,"gold_gain":30,"player_choice":"Searched \u00272\u0027 times","damage_taken":0,"relics_obtained":["War Paint"],"max_hp_gain":0,"max_hp_loss":0,"event_name":"Dead Adventurer","floor":13,"gold_loss":0},{"damage_healed":0,"gold_gain":0,"player_choice":"Fight","damage_taken":0,"max_hp_gain":0,"max_hp_loss":0,"event_name":"Colosseum","floor":19,"gold_loss":0},{"damage_healed":0,"gold_gain":0,"player_choice":"Fought Nobs","damage_taken":0,"max_hp_gain":0,"max_hp_loss":0,"event_name":"Colosseum","floor":19,"gold_loss":0}],"is_beta":true,"boss_relics":[{"not_picked":["Snecko Eye","Sozu"],"picked":"FrozenCore"}],"items_purged_floors":[],"is_endless":false,"potions_floor_spawned":[1,5,14,19],"killed_by":"Colosseum Nobs","ascension_level":6}