{"gold_per_floor":[111,111,129,147,147,177,177,26,26,26,40,51,84,102,102,201,251,263,276,16,16,16,16,16,34,109,109],"floor_reached":27,"playtime":1292,"items_purged":[],"score":329,"play_id":"62384757-dfa0-456c-877a-ce3ae5117e82","local_time":"20190222143956","is_ascension_mode":true,"campfire_choices":[{"data":"Bash","floor":7,"key":"SMITH"},{"data":"Seeing Red","floor":10,"key":"SMITH"},{"floor":15,"key":"REST"},{"floor":24,"key":"REST"}],"neow_cost":"CURSE","seed_source_timestamp":11700881870833,"circlet_count":0,"master_deck":["Strike_R","Strike_R","Strike_R","Strike_R+1","Strike_R","Defend_R","Defend_R","Defend_R+1","Defend_R","Bash+1","Injury","Headbutt","Iron Wave","Seeing Red+1","Corruption","Inflame","Spot Weakness","Shrug It Off","Heavy Blade","Feed","Feel No Pain+1","Exhume+1","Armaments","Shrug It Off","Ghostly Armor"],"relics":["Burning Blood","Ice Cream","Sundial","Meat on the Bone","Pear","Frozen Egg 2","Tiny House","Lee\u0027s Waffle","Blood Vial","War Paint","Singing Bowl"],"potions_floor_usage":[11,18,19,23,23,27],"damage_taken":[{"damage":1,"enemies":"Cultist","floor":1,"turns":3},{"damage":7,"enemies":"Small Slimes","floor":3,"turns":4},{"damage":4,"enemies":"Jaw Worm","floor":4,"turns":4},{"damage":24,"enemies":"Gremlin Nob","floor":6,"turns":4},{"damage":25,"enemies":"Exordium Wildlife","floor":11,"turns":4},{"damage":11,"enemies":"Blue Slaver","floor":12,"turns":3},{"damage":20,"enemies":"Lagavulin","floor":13,"turns":5},{"damage":1,"enemies":"Gremlin Gang","floor":14,"turns":4},{"damage":35,"enemies":"Slime Boss","floor":16,"turns":6},{"damage":39,"enemies":"3 Byrds","floor":18,"turns":8},{"damage":39,"enemies":"Shell Parasite","floor":19,"turns":6},{"damage":94,"enemies":"Gremlin Leader","floor":23,"turns":5},{"damage":54,"enemies":"3 Cultists","floor":25,"turns":7},{"damage":44,"enemies":"Book of Stabbing","floor":27,"turns":7}],"seed_played":"7698994365107041517","potions_obtained":[{"floor":6,"key":"Regen Potion"},{"floor":11,"key":"SmokeBomb"},{"floor":13,"key":"Fruit Juice"},{"floor":17,"key":"Regen Potion"},{"floor":25,"key":"Weak Potion"}],"is_trial":false,"path_per_floor":["M","T","M","M","?","E","R","$","T","R","M","M","E","M","R","B",null,"M","M","$","?","T","E","R","M","T","E"],"character_chosen":"IRONCLAD","items_purchased":["Inflame","Spot Weakness","Lee\u0027s Waffle","Fire Potion"],"campfire_rested":2,"item_purchase_floors":[8,8,20,20],"current_hp_per_floor":[80,80,79,80,80,62,62,62,72,72,65,60,58,66,93,64,98,83,67,113,113,113,37,70,36,36,0],"gold":109,"neow_bonus":"ONE_RARE_RELIC","is_prod":false,"is_daily":false,"chose_seed":false,"campfire_upgraded":2,"win_rate":0,"timestamp":1550867996,"path_taken":["M","?","M","M","?","E","R","$","T","R","M","M","E","M","R","BOSS","M","M","$","?","?","E","R","M","T","E"],"build_version":"2019-01-23","purchased_purges":0,"victory":false,"max_hp_per_floor":[80,80,80,80,80,80,80,80,90,90,90,90,90,93,93,93,98,101,106,113,113,113,113,113,113,113,113],"card_choices":[{"not_picked":["Warcry","Sword Boomerang"],"picked":"Headbutt","floor":1},{"not_picked":["Fire Breathing","Entrench"],"picked":"Iron Wave","floor":3},{"not_picked":["Sever Soul","Rupture"],"picked":"Seeing Red","floor":4},{"not_picked":["Fire Breathing","Juggernaut"],"picked":"Corruption","floor":6},{"not_picked":["Pummel","Cleave"],"picked":"Shrug It Off","floor":11},{"not_picked":["Pummel","Battle Trance"],"picked":"Heavy Blade","floor":12},{"not_picked":["Ghostly Armor","Clothesline"],"picked":"Feed","floor":13},{"not_picked":["Thunderclap","Flex"],"picked":"Feel No Pain+1","floor":14},{"not_picked":["Offering","Immolate"],"picked":"Exhume","floor":16},{"not_picked":["Iron Wave","Thunderclap"],"picked":"Armaments","floor":17},{"not_picked":["Anger","True Grit"],"picked":"Shrug It Off","floor":18},{"not_picked":["Twin Strike","Armaments","Warcry+1"],"picked":"SKIP","floor":19},{"not_picked":["Infernal Blade","Sword Boomerang+1"],"picked":"Ghostly Armor","floor":25}],"player_experience":304564,"relics_obtained":[{"floor":2,"key":"Sundial"},{"floor":6,"key":"Meat on the Bone"},{"floor":9,"key":"Pear"},{"floor":13,"key":"Frozen Egg 2"},{"floor":22,"key":"War Paint"},{"floor":26,"key":"Singing Bowl"}],"event_choices":[{"damage_healed":0,"gold_gain":0,"player_choice":"Ignored","damage_taken":0,"max_hp_gain":0,"max_hp_loss":0,"event_name":"Golden Wing","floor":5,"gold_loss":0},{"damage_healed":0,"gold_gain":0,"player_choice":"Opened","damage_taken":0,"relics_obtained":["Blood Vial"],"max_hp_gain":0,"max_hp_loss":0,"event_name":"The Mausoleum","floor":21,"gold_loss":0}],"is_beta":false,"boss_relics":[{"not_picked":["White Beast Statue","Cursed Key"],"picked":"Tiny House"}],"items_purged_floors":[],"is_endless":false,"potions_floor_spawned":[6,11,13,23,25],"killed_by":"Book of Stabbing","ascension_level":3}