{"gold_per_floor":[109,123,140,150,150,179,129,146,146,146],"floor_reached":10,"playtime":276,"items_purged":[],"score":84,"play_id":"9b952de0-66f7-49ec-a26b-565df745c753","local_time":"20180627005537","is_ascension_mode":true,"campfire_choices":[],"neow_cost":"NONE","seed_source_timestamp":347792353708722,"circlet_count":0,"master_deck":["Strike_B","Strike_B","Strike_B","Defend_B","Defend_B","Defend_B","Defend_B","Zap+1","Dualcast","Static Discharge+1","Static Discharge","Auto Shields"],"relics":["Cracked Core","Matryoshka","Bag of Marbles","Prayer Wheel"],"potions_floor_usage":[6],"damage_taken":[{"damage":0,"enemies":"Small Slimes","floor":1,"turns":2},{"damage":0,"enemies":"Jaw Worm","floor":2,"turns":3},{"damage":1,"enemies":"Cultist","floor":3,"turns":3},{"damage":11,"enemies":"Blue Slaver","floor":4,"turns":3},{"damage":10,"enemies":"Lagavulin","floor":6,"turns":6},{"damage":9,"enemies":"3 Louse","floor":8,"turns":2},{"damage":47,"enemies":"Gremlin Nob","floor":10,"turns":4}],"seed_played":"8730417073525397234","potions_obtained":[{"floor":1,"key":"FocusPotion"}],"is_trial":false,"path_per_floor":["M","M","M","M","?","E","?","M","T"],"character_chosen":"DEFECT","items_purchased":[],"campfire_rested":0,"item_purchase_floors":[],"current_hp_per_floor":[75,75,74,63,63,53,53,44,44,0],"gold":146,"neow_bonus":"UPGRADE_CARD","is_prod":false,"is_daily":false,"chose_seed":false,"campfire_upgraded":0,"win_rate":0,"timestamp":1530053737,"path_taken":["M","M","M","M","?","E","?","M","T","E"],"build_version":"2018-06-21v2","purchased_purges":0,"victory":false,"max_hp_per_floor":[75,75,75,75,75,75,75,75,75,75],"card_choices":[{"not_picked":["Chaos","Leap","Steam"],"picked":"SKIP","floor":1},{"not_picked":["Redo","Ball Lightning","Sweeping Beam"],"picked":"SKIP","floor":2},{"not_picked":["Rebound","Sweeping Beam"],"picked":"Static Discharge","floor":3},{"not_picked":["Hologram","Beam Cell"],"picked":"Static Discharge","floor":4},{"not_picked":["Hello World","Leap"],"picked":"Auto Shields","floor":6},{"not_picked":["Ball Lightning","Redo","Turbo"],"picked":"SKIP","floor":8}],"player_experience":432505,"relics_obtained":[{"floor":6,"key":"Matryoshka"},{"floor":9,"key":"Bag of Marbles"},{"floor":9,"key":"Prayer Wheel"}],"event_choices":[{"event_name":"Living Wall","player_choice":"Grow","floor":5,"damage_taken":0},{"event_name":"The Cleric","player_choice":"Card Removal","floor":7,"damage_taken":0}],"boss_relics":[],"items_purged_floors":[],"is_endless":false,"potions_floor_spawned":[1],"killed_by":"Gremlin Nob","ascension_level":4}