{"gold_per_floor":[20,20,20,30,49,49,81,97,124,124,40,56,83,103,103,208,208,224,241,156,169,179,179,213,213,213,232,252,252,252,280,280,280],"floor_reached":33,"playtime":1255,"items_purged":[],"score":299,"play_id":"114767ee-006a-426d-8210-47987e922a32","local_time":"20190226131912","is_ascension_mode":false,"campfire_choices":[{"data":"Core Surge","floor":6,"key":"SMITH"},{"data":"FTL","floor":10,"key":"SMITH"},{"floor":15,"key":"REST"},{"floor":23,"key":"REST"},{"data":"Loop","floor":25,"key":"SMITH"},{"floor":29,"key":"REST"},{"data":"Steam","floor":32,"key":"SMITH"}],"neow_cost":"NO_GOLD","seed_source_timestamp":10213267124383,"circlet_count":0,"master_deck":["Strike_B","Strike_B","Strike_B","Strike_B","Defend_B","Defend_B","Defend_B+1","Defend_B","Zap","Dualcast","Core Surge+1","FTL+1","Tempest","Cold Snap","Steam","Ball Lightning","Doom and Gloom","Conserve Battery","Melter","Steam","Leap+1","All For One","Auto Shields+1","Steam+1","Loop+1","Leap","Redo","Sunder","Leap","Melter+1"],"relics":["Cracked Core","Blood Vial","Ancient Tea Set","Vajra","Juzu Bracelet","Black Star","StoneCalendar","Happy Flower","War Paint","Centennial Puzzle","Darkstone Periapt","Potion Belt"],"potions_floor_usage":[7,7,13,22,22,24,24,27],"damage_taken":[{"damage":6,"enemies":"Jaw Worm","floor":1,"turns":2},{"damage":0,"enemies":"Cultist","floor":4,"turns":2},{"damage":1,"enemies":"Small Slimes","floor":5,"turns":2},{"damage":3,"enemies":"Lagavulin","floor":7,"turns":5},{"damage":22,"enemies":"Gremlin Gang","floor":8,"turns":4},{"damage":0,"enemies":"Blue Slaver","floor":12,"turns":2},{"damage":4,"enemies":"Gremlin Nob","floor":13,"turns":3},{"damage":0,"enemies":"3 Louse","floor":14,"turns":3},{"damage":36,"enemies":"The Guardian","floor":16,"turns":9},{"damage":24,"enemies":"Shell Parasite","floor":18,"turns":5},{"damage":0,"enemies":"Spheric Guardian","floor":19,"turns":1},{"damage":2,"enemies":"Shelled Parasite and Fungi","floor":21,"turns":6},{"damage":4,"enemies":"Centurion and Healer","floor":22,"turns":7},{"damage":23,"enemies":"Book of Stabbing","floor":24,"turns":5},{"damage":1,"enemies":"Snake Plant","floor":27,"turns":4},{"damage":28,"enemies":"Chosen and Byrds","floor":28,"turns":5},{"damage":8,"enemies":"Slavers","floor":31,"turns":5},{"damage":80,"enemies":"Collector","floor":33,"turns":10}],"seed_played":"-5337751820743515128","potions_obtained":[{"floor":4,"key":"Weak Potion"},{"floor":5,"key":"EssenceOfSteel"},{"floor":7,"key":"Strength Potion"},{"floor":14,"key":"FocusPotion"},{"floor":16,"key":"Poison Potion"},{"floor":18,"key":"EssenceOfSteel"},{"floor":22,"key":"Fruit Juice"},{"floor":24,"key":"Weak Potion"}],"is_trial":false,"path_per_floor":["M","?","$","M","M","R","E","M","T","R","$","M","E","M","R","B",null,"M","M","?","M","M","R","E","R","T","M","M","R","?","E","R","B"],"character_chosen":"DEFECT","items_purchased":["Doom and Gloom","Conserve Battery"],"campfire_rested":3,"item_purchase_floors":[11,11],"current_hp_per_floor":[69,69,69,71,72,72,71,51,51,51,51,53,51,53,75,39,75,51,53,53,53,56,80,57,57,57,58,32,56,80,72,72,0],"gold":280,"neow_bonus":"THREE_RARE_CARDS","is_prod":false,"is_daily":false,"chose_seed":false,"campfire_upgraded":4,"win_rate":0,"timestamp":1551208752,"path_taken":["M","?","?","M","?","R","E","M","T","R","$","M","E","M","R","BOSS","M","M","?","M","M","R","E","R","T","M","M","R","?","E","R","BOSS"],"build_version":"2019-01-23","purchased_purges":0,"victory":false,"max_hp_per_floor":[75,75,75,75,75,75,75,75,75,75,75,75,75,75,75,75,75,75,75,75,75,80,80,80,80,80,80,80,80,80,80,80,80],"card_choices":[{"not_picked":["Biased Cognition","Creative AI"],"picked":"Core Surge","floor":0},{"not_picked":["Barrage","Force Field"],"picked":"FTL","floor":1},{"not_picked":["FTL","Streamline"],"picked":"Tempest","floor":4},{"not_picked":["Streamline","Glacier"],"picked":"Cold Snap","floor":5},{"not_picked":["Reprogram","Rebound"],"picked":"Steam","floor":7},{"not_picked":["Cold Snap","Sunder"],"picked":"Ball Lightning","floor":8},{"not_picked":["Rebound","Redo"],"picked":"Melter","floor":12},{"not_picked":["Melter","Force Field"],"picked":"Steam","floor":13},{"not_picked":["Redo","Barrage"],"picked":"Leap","floor":14},{"not_picked":["Creative AI","Meteor Strike"],"picked":"All For One","floor":16},{"not_picked":["Conserve Battery","Sweeping Beam"],"picked":"Auto Shields+1","floor":18},{"not_picked":["Aggregate","Blizzard+1"],"picked":"Steam","floor":19},{"not_picked":["Blizzard+1","Consume"],"picked":"Loop","floor":21},{"not_picked":["Barrage+1","Aggregate"],"picked":"Leap","floor":22},{"not_picked":["Barrage","Heatsinks"],"picked":"Redo","floor":24},{"not_picked":["Beam Cell","Cold Snap"],"picked":"Sunder","floor":27},{"not_picked":["Capacitor","Reboot"],"picked":"Leap","floor":28},{"not_picked":["Gash","Thunder Strike"],"picked":"Melter+1","floor":31}],"player_experience":428380,"relics_obtained":[{"floor":2,"key":"Blood Vial"},{"floor":7,"key":"Ancient Tea Set"},{"floor":9,"key":"Vajra"},{"floor":13,"key":"Juzu Bracelet"},{"floor":24,"key":"Happy Flower"},{"floor":24,"key":"War Paint"},{"floor":26,"key":"Centennial Puzzle"},{"floor":31,"key":"Darkstone Periapt"},{"floor":31,"key":"Potion Belt"}],"event_choices":[{"damage_healed":0,"gold_gain":0,"player_choice":"Relic","damage_taken":0,"max_hp_gain":0,"max_hp_loss":0,"event_name":"Wheel of Change","floor":2,"gold_loss":0},{"damage_healed":0,"gold_gain":0,"player_choice":"Obtained Relic","damage_taken":0,"relics_obtained":["StoneCalendar"],"max_hp_gain":0,"max_hp_loss":0,"event_name":"Addict","floor":20,"gold_loss":85},{"damage_healed":24,"gold_gain":0,"player_choice":"Full Heal","damage_taken":0,"max_hp_gain":0,"max_hp_loss":0,"event_name":"Wheel of Change","floor":30,"gold_loss":0}],"is_beta":false,"boss_relics":[{"not_picked":["Runic Pyramid","Tiny House"],"picked":"Black Star"}],"items_purged_floors":[],"is_endless":false,"potions_floor_spawned":[4,5,7,14,16,18,22,24],"killed_by":"Collector","ascension_level":0}