{"gold_per_floor":[112,123,148,173,185,224,253,297,379,411,423,435,458,490,502,613,625,648,660,683,729,741,753,780,8,8,8,23,23,23,35,35,140,140,159,178,278,288,288,288,308,63,116,38,38,38,38,38,38,38],"floor_reached":50,"playtime":3009,"items_purged":[],"score":529,"play_id":"604cb8d6-eae1-4320-887b-131d2ed0aa60","local_time":"20190227155337","is_ascension_mode":false,"campfire_choices":[{"floor":12,"key":"REST"},{"floor":15,"key":"REST"},{"data":"Backflip","floor":23,"key":"SMITH"},{"data":"Blade Dance","floor":30,"key":"SMITH"},{"floor":32,"key":"REST"},{"data":"Infinite Blades","floor":40,"key":"SMITH"},{"data":"Infinite Blades","floor":47,"key":"SMITH"},{"data":"Dodge and Roll","floor":49,"key":"SMITH"}],"neow_cost":"NONE","seed_source_timestamp":8988493127473,"circlet_count":0,"master_deck":["Defend_G","Defend_G","Defend_G+1","Defend_G+1","Strike_G+1","Strike_G","Strike_G+1","Survivor","Neutralize","Unload+1","Well Laid Plans+1","Quick Slash+1","Bouncing Flask","Flying Knee+1","Blade Dance+1","After Image","Backflip","Setup+1","PiercingWail","Backflip+1","Blade Dance","A Thousand Cuts+1","Catalyst","Backstab+1","Masterful Stab","PiercingWail","Blur","RitualDagger","Slice+1","Dodge and Roll+1","Corpse Explosion","Deadly Poison+1","Cloak And Dagger+1","Blade Dance+1","Infinite Blades+1","Infinite Blades+1"],"relics":["Astrolabe","MawBank","War Paint","Pantograph","Letter Opener","Meat on the Bone","WristBlade","Nilry\u0027s Codex","Red Mask","Lee\u0027s Waffle","Whetstone","Dead Branch","Juzu Bracelet","Eternal Feather","Thread and Needle","Shuriken","Orichalcum","Bag of Marbles"],"potions_floor_usage":[6,16,16,20,21,24,28,45,50,50],"damage_taken":[{"damage":1,"enemies":"Cultist","floor":1,"turns":3},{"damage":0,"enemies":"2 Louse","floor":2,"turns":2},{"damage":0,"enemies":"Small Slimes","floor":4,"turns":3},{"damage":2,"enemies":"Gremlin Nob","floor":6,"turns":3},{"damage":6,"enemies":"Gremlin Gang","floor":7,"turns":6},{"damage":18,"enemies":"Lagavulin","floor":8,"turns":6},{"damage":0,"enemies":"2 Fungi Beasts","floor":10,"turns":3},{"damage":21,"enemies":"Exordium Thugs","floor":13,"turns":6},{"damage":2,"enemies":"Red Slaver","floor":14,"turns":3},{"damage":30,"enemies":"Slime Boss","floor":16,"turns":6},{"damage":11,"enemies":"3 Byrds","floor":18,"turns":5},{"damage":11,"enemies":"2 Thieves","floor":20,"turns":4},{"damage":27,"enemies":"Masked Bandits","floor":21,"turns":5},{"damage":16,"enemies":"Shelled Parasite and Fungi","floor":24,"turns":5},{"damage":6,"enemies":"Centurion and Healer","floor":28,"turns":4},{"damage":8,"enemies":"Sentry and Sphere","floor":31,"turns":5},{"damage":38,"enemies":"Champ","floor":33,"turns":8},{"damage":0,"enemies":"3 Shapes","floor":35,"turns":6},{"damage":9,"enemies":"Orb Walker","floor":36,"turns":3},{"damage":9,"enemies":"Mind Bloom Boss Battle","floor":37,"turns":6},{"damage":0,"enemies":"Maw","floor":38,"turns":7},{"damage":0,"enemies":"Transient","floor":41,"turns":5},{"damage":0,"enemies":"Spire Growth","floor":45,"turns":1},{"damage":81,"enemies":"Awakened One","floor":50,"turns":7}],"seed_played":"-3323397406291632554","potions_obtained":[{"floor":2,"key":"Explosive Potion"},{"floor":10,"key":"SteroidPotion"},{"floor":13,"key":"SteroidPotion"},{"floor":14,"key":"Dexterity Potion"},{"floor":20,"key":"Block Potion"},{"floor":21,"key":"SteroidPotion"},{"floor":35,"key":"LiquidBronze"},{"floor":37,"key":"SneckoOil"},{"floor":39,"key":"PowerPotion"},{"floor":39,"key":"SmokeBomb"},{"floor":39,"key":"SpeedPotion"}],"is_trial":false,"path_per_floor":["M","M","T","M","?","E","M","E","T","M","?","R","M","M","R","B",null,"M","?","M","?","?","R","M","$","T","?","M","?","R","M","R","B",null,"M","M","?","M","?","R","M","$","T","$","M","?","R","T","R","B"],"character_chosen":"THE_SILENT","items_purchased":["Blur","Lee\u0027s Waffle","Whetstone","Dead Branch","AttackPotion","Shuriken","Infinite Blades"],"campfire_rested":3,"item_purchase_floors":[25,25,25,25,25,42,44],"current_hp_per_floor":[69,69,69,69,69,67,61,43,43,43,29,50,41,39,60,40,70,59,43,44,29,29,29,25,77,77,71,65,65,65,57,77,39,77,77,68,68,68,68,77,77,77,77,77,77,77,77,77,77,0],"gold":38,"neow_bonus":"BOSS_RELIC","is_prod":false,"is_daily":false,"chose_seed":false,"campfire_upgraded":5,"win_rate":0,"timestamp":1551304417,"path_taken":["M","M","?","M","?","E","M","E","T","M","?","R","M","M","R","BOSS","M","?","M","?","?","R","M","$","T","?","M","?","R","M","R","BOSS","M","M","?","M","?","R","M","?","T","$","M","?","R","?","R","BOSS"],"build_version":"2019-01-23","purchased_purges":0,"victory":false,"max_hp_per_floor":[70,70,70,70,70,70,70,70,70,70,70,70,70,70,70,70,70,70,70,70,70,70,70,70,77,77,77,77,77,77,77,77,77,77,77,77,77,77,77,77,77,77,77,77,77,77,77,77,77,77],"card_choices":[{"not_picked":["Deflect","Tactician"],"picked":"Bouncing Flask","floor":1},{"not_picked":["Riddle With Holes","Eviscerate"],"picked":"Flying Knee","floor":2},{"not_picked":["Flying Knee","Quick Slash"],"picked":"Blade Dance","floor":4},{"not_picked":["Bane","Deadly Poison"],"picked":"After Image","floor":6},{"not_picked":["Acrobatics","Blade Dance"],"picked":"Backflip","floor":7},{"not_picked":["Prepared","Choke"],"picked":"Setup","floor":8},{"not_picked":["Dagger Throw","Bane"],"picked":"PiercingWail","floor":10},{"not_picked":["Quick Slash","Acrobatics"],"picked":"Backflip","floor":13},{"not_picked":["Flying Knee","Glass Knife"],"picked":"Blade Dance","floor":14},{"not_picked":["Wraith Form v2","Tools of the Trade"],"picked":"A Thousand Cuts","floor":16},{"not_picked":["Expertise","Blur"],"picked":"Catalyst","floor":18},{"not_picked":["Prepared","Blur"],"picked":"Backstab+1","floor":20},{"not_picked":["Riddle With Holes+1","Choke+1"],"picked":"Masterful Stab","floor":21},{"not_picked":["Flying Knee","Reflex"],"picked":"PiercingWail","floor":24},{"not_picked":["Outmaneuver","Dodge and Roll+1"],"picked":"Slice+1","floor":28},{"not_picked":["PiercingWail","Acrobatics"],"picked":"Dodge and Roll","floor":31},{"not_picked":["Venomology","Grand Finale"],"picked":"Corpse Explosion","floor":33},{"not_picked":["Eviscerate+1","Finisher+1"],"picked":"Deadly Poison+1","floor":35},{"not_picked":["Deadly Poison+1","Tactician+1"],"picked":"Cloak And Dagger+1","floor":36},{"not_picked":["Dodge and Roll+1","Backflip+1"],"picked":"Blade Dance+1","floor":37},{"not_picked":["Blur+1","Backflip"],"picked":"Infinite Blades","floor":38},{"not_picked":["Sucker Punch+1","Calculated Gamble+1","Cloak And Dagger"],"picked":"SKIP","floor":41}],"player_experience":464606,"relics_obtained":[{"floor":3,"key":"MawBank"},{"floor":6,"key":"Pantograph"},{"floor":8,"key":"Letter Opener"},{"floor":9,"key":"Meat on the Bone"},{"floor":19,"key":"Nilry\u0027s Codex"},{"floor":21,"key":"Red Mask"},{"floor":26,"key":"Juzu Bracelet"},{"floor":37,"key":"Thread and Needle"},{"floor":43,"key":"Orichalcum"},{"floor":48,"key":"Bag of Marbles"}],"event_choices":[{"damage_healed":0,"gold_gain":0,"player_choice":"Box","damage_taken":0,"relics_obtained":["War Paint"],"max_hp_gain":0,"max_hp_loss":0,"event_name":"Big Fish","floor":5,"gold_loss":0,"cards_obtained":["Regret"]},{"damage_healed":0,"gold_gain":0,"player_choice":"Entered Light","damage_taken":14,"max_hp_gain":0,"max_hp_loss":0,"event_name":"Shining Light","floor":11,"gold_loss":0,"cards_upgraded":["Setup","Flying Knee"]},{"damage_healed":0,"gold_gain":0,"player_choice":"Obtained Book","damage_taken":16,"max_hp_gain":0,"max_hp_loss":0,"event_name":"Cursed Tome","floor":19,"gold_loss":0},{"damage_healed":0,"gold_gain":0,"player_choice":"Fought Bandits","damage_taken":0,"max_hp_gain":0,"max_hp_loss":0,"event_name":"Masked Bandits","floor":21,"gold_loss":0},{"cards_removed":["Regret"],"damage_healed":0,"gold_gain":0,"player_choice":"Purged","damage_taken":0,"max_hp_gain":0,"max_hp_loss":0,"event_name":"Purifier","floor":22,"gold_loss":0},{"damage_healed":0,"gold_gain":0,"player_choice":"Joined the Cult","damage_taken":6,"max_hp_gain":0,"max_hp_loss":0,"event_name":"Nest","floor":27,"gold_loss":0,"cards_obtained":["RitualDagger"]},{"damage_healed":0,"gold_gain":0,"player_choice":"Ignored","damage_taken":0,"max_hp_gain":0,"max_hp_loss":0,"event_name":"NoteForYourself","floor":29,"gold_loss":0},{"damage_healed":0,"gold_gain":0,"player_choice":"Fight","damage_taken":0,"max_hp_gain":0,"max_hp_loss":0,"event_name":"MindBloom","floor":37,"gold_loss":0},{"damage_healed":0,"gold_gain":0,"player_choice":"Got Potions","damage_taken":0,"max_hp_gain":0,"max_hp_loss":0,"event_name":"Lab","floor":39,"gold_loss":0},{"damage_healed":0,"gold_gain":0,"player_choice":"Upgraded","damage_taken":0,"max_hp_gain":0,"max_hp_loss":0,"event_name":"Upgrade Shrine","floor":46,"gold_loss":0,"cards_upgraded":["A Thousand Cuts"]}],"is_beta":false,"boss_relics":[{"not_picked":["Calling Bell","Ectoplasm"],"picked":"WristBlade"},{"not_picked":["Coffee Dripper","Velvet Choker"],"picked":"Eternal Feather"}],"items_purged_floors":[],"is_endless":false,"potions_floor_spawned":[2,10,13,14,20,21,35,37,41,45],"killed_by":"Awakened One","ascension_level":0}