{"gold_per_floor":[10,10,10,85,96,96,112,112,139,214,13,25,58,77,77,180,180,198,209,209,9,26,26,40,40,64,74,91,103,117,136,136,235,235,254,45,60,60,60,60,70,70,70,70,82,82,92,92,92,92],"floor_reached":51,"playtime":3566,"items_purged":["Spot Weakness"],"score":737,"play_id":"1e2746c9-dc0d-414b-91b3-7c38b05ef374","local_time":"20190217172701","is_ascension_mode":true,"campfire_choices":[{"data":"True Grit","floor":6,"key":"SMITH"},{"data":"Armaments","floor":8,"key":"SMITH"},{"data":"Iron Wave","floor":15,"key":"SMITH"},{"floor":23,"key":"RECALL"},{"data":"Barricade","floor":25,"key":"SMITH"},{"floor":32,"key":"REST"},{"data":"Body Slam","floor":40,"key":"SMITH"},{"data":"Exhume","floor":44,"key":"SMITH"},{"data":"Entrench","floor":46,"key":"SMITH"},{"data":"Entrench","floor":49,"key":"SMITH"}],"neow_cost":"NO_GOLD","seed_source_timestamp":19646819722227,"circlet_count":0,"master_deck":["Bash","Power Through","Bludgeon","Armaments+1","Iron Wave+1","Shrug It Off","Pommel Strike","Shrug It Off","Pommel Strike","Barricade+1","Blood for Blood","Dropkick","Reckless Charge","Impervious","Dark Embrace","Metallicize","Wild Strike+1","Entrench+1","Twin Strike+1","Blood for Blood+1","Rage+1","Feel No Pain+1","Warcry+1","Iron Wave+1","Exhume+1","Body Slam+1","Entrench+1"],"relics":["Burning Blood","Regal Pillow","Potion Belt","Anchor","Strawberry","Pandora\u0027s Box","Happy Flower","Blood Vial","Coffee Dripper","The Courier","Boot"],"potions_floor_usage":[13,14,28,29,30,31,35,45,45,47,50,50],"damage_taken":[{"damage":5,"enemies":"Small Slimes","floor":1,"turns":3},{"damage":0,"enemies":"Cultist","floor":5,"turns":2},{"damage":0,"enemies":"Jaw Worm","floor":7,"turns":4},{"damage":0,"enemies":"2 Fungi Beasts","floor":12,"turns":5},{"damage":2,"enemies":"Lagavulin","floor":13,"turns":9},{"damage":0,"enemies":"Lots of Slimes","floor":14,"turns":3},{"damage":39,"enemies":"Slime Boss","floor":16,"turns":12},{"damage":10,"enemies":"Shell Parasite","floor":18,"turns":11},{"damage":14,"enemies":"Spheric Guardian","floor":19,"turns":7},{"damage":11,"enemies":"Centurion and Healer","floor":22,"turns":11},{"damage":3,"enemies":"Shelled Parasite and Fungi","floor":24,"turns":11},{"damage":11,"enemies":"Snake Plant","floor":27,"turns":7},{"damage":14,"enemies":"Centurion and Healer","floor":28,"turns":7},{"damage":0,"enemies":"Cultist and Chosen","floor":29,"turns":9},{"damage":10,"enemies":"Sentry and Sphere","floor":30,"turns":10},{"damage":20,"enemies":"Centurion and Healer","floor":31,"turns":9},{"damage":17,"enemies":"Automaton","floor":33,"turns":17},{"damage":47,"enemies":"3 Darklings","floor":35,"turns":8},{"damage":0,"enemies":"3 Shapes","floor":37,"turns":8},{"damage":0,"enemies":"Spire Growth","floor":41,"turns":7},{"damage":0,"enemies":"Sphere and 2 Shapes","floor":45,"turns":10},{"damage":12,"enemies":"4 Shapes","floor":47,"turns":5},{"damage":0,"enemies":"Donu and Deca","floor":50,"turns":14}],"seed_played":"8239385352376998322","potions_obtained":[{"floor":7,"key":"SkillPotion"},{"floor":13,"key":"Explosive Potion"},{"floor":19,"key":"Explosive Potion"},{"floor":28,"key":"EssenceOfSteel"},{"floor":29,"key":"SpeedPotion"},{"floor":33,"key":"SkillPotion"},{"floor":37,"key":"Swift Potion"},{"floor":41,"key":"SkillPotion"},{"floor":45,"key":"PowerPotion"}],"is_trial":false,"path_per_floor":["M","?","?","?","M","R","M","R","T","?","$","M","E","M","R","B",null,"M","M","?","$","M","R","M","R","T","M","M","M","M","M","R","B",null,"M","$","M","?","?","R","M","$","T","R","M","R","M","T","R","B",null],"character_chosen":"IRONCLAD","items_purchased":["Anchor","Shrug It Off","Happy Flower","Explosive Potion","Entrench","Dexterity Potion","Energy Potion"],"campfire_rested":1,"item_purchase_floors":[11,11,21,21,36,36,36],"current_hp_per_floor":[80,85,78,70,76,76,82,82,82,71,71,77,88,92,92,59,92,88,80,80,80,75,75,78,78,78,75,69,77,75,63,92,81,92,51,51,59,59,59,59,67,67,67,67,75,75,71,71,71,79],"gold":92,"neow_bonus":"TRANSFORM_TWO_CARDS","is_prod":false,"is_daily":false,"chose_seed":false,"campfire_upgraded":8,"win_rate":0,"timestamp":1550446021,"path_taken":["M","?","?","?","M","R","?","R","T","?","$","M","E","M","R","BOSS","M","M","?","$","M","R","M","R","T","M","M","M","?","M","R","BOSS","M","$","M","?","?","R","M","?","T","R","?","R","M","?","R","BOSS"],"build_version":"2019-01-23","purchased_purges":1,"victory":true,"max_hp_per_floor":[80,85,85,85,85,85,85,85,85,85,85,85,92,92,92,92,92,92,92,92,92,92,92,92,92,92,92,92,92,92,92,92,92,92,92,92,92,92,92,92,92,92,92,92,92,92,92,92,92,92],"card_choices":[{"not_picked":["Havoc","Combust"],"picked":"True Grit","floor":1},{"not_picked":["Corruption","Bloodletting"],"picked":"Armaments","floor":5},{"not_picked":["Seeing Red","Power Through"],"picked":"Iron Wave","floor":7},{"not_picked":["Twin Strike","Anger"],"picked":"Pommel Strike","floor":12},{"not_picked":["Heavy Blade","Havoc"],"picked":"Shrug It Off","floor":13},{"not_picked":["Flex","Thunderclap"],"picked":"Pommel Strike","floor":14},{"not_picked":["Exhume","Fiend Fire"],"picked":"Barricade","floor":16},{"not_picked":["Carnage+1","Second Wind"],"picked":"Wild Strike+1","floor":18},{"not_picked":["Clothesline+1","Heavy Blade+1"],"picked":"Entrench","floor":19},{"not_picked":["Anger","Rage"],"picked":"Twin Strike+1","floor":22},{"not_picked":["Clash","Wild Strike"],"picked":"Blood for Blood+1","floor":24},{"not_picked":["Clothesline+1","Burning Pact","Headbutt"],"picked":"SKIP","floor":27},{"not_picked":["Burning Pact","Shrug It Off"],"picked":"Rage+1","floor":28},{"not_picked":["Clothesline","Iron Wave"],"picked":"Feel No Pain+1","floor":29},{"not_picked":["Cleave","Pommel Strike"],"picked":"Warcry+1","floor":30},{"not_picked":["Intimidate","Twin Strike+1"],"picked":"Iron Wave+1","floor":31},{"not_picked":["Juggernaut","Double Tap"],"picked":"Exhume","floor":33},{"not_picked":["Fire Breathing","Heavy Blade"],"picked":"Body Slam","floor":35},{"not_picked":["Anger+1","Shockwave+1","Iron Wave+1"],"picked":"SKIP","floor":37},{"not_picked":["Anger","Sword Boomerang+1","Combust"],"picked":"SKIP","floor":41},{"not_picked":["Rage","Twin Strike","Anger"],"picked":"SKIP","floor":45},{"not_picked":["Twin Strike","True Grit","Dual Wield"],"picked":"SKIP","floor":47}],"player_experience":186183,"relics_obtained":[{"floor":9,"key":"Potion Belt"},{"floor":13,"key":"Strawberry"},{"floor":26,"key":"Blood Vial"},{"floor":43,"key":"The Courier"},{"floor":48,"key":"Boot"}],"event_choices":[{"damage_healed":0,"gold_gain":0,"player_choice":"Donut","damage_taken":0,"max_hp_gain":5,"max_hp_loss":0,"event_name":"Big Fish","floor":2,"gold_loss":0},{"damage_healed":0,"gold_gain":0,"player_choice":"Success","damage_taken":7,"relics_obtained":["Regal Pillow"],"max_hp_gain":0,"max_hp_loss":0,"event_name":"Scrap Ooze","floor":3,"gold_loss":0},{"damage_healed":0,"gold_gain":75,"player_choice":"Touch","damage_taken":8,"max_hp_gain":0,"max_hp_loss":0,"event_name":"FaceTrader","floor":4,"gold_loss":0},{"damage_healed":0,"gold_gain":75,"player_choice":"Gather Gold","damage_taken":11,"max_hp_gain":0,"max_hp_loss":0,"event_name":"World of Goop","floor":10,"gold_loss":0},{"damage_healed":0,"gold_gain":0,"player_choice":"Ignored","damage_taken":0,"max_hp_gain":0,"max_hp_loss":0,"event_name":"N\u0027loth","floor":20,"gold_loss":0},{"damage_healed":0,"gold_gain":0,"player_choice":"Ignored","damage_taken":0,"max_hp_gain":0,"max_hp_loss":0,"event_name":"Mysterious Sphere","floor":38,"gold_loss":0},{"cards_removed":["True Grit"],"damage_healed":0,"gold_gain":0,"player_choice":"Removed Skill","damage_taken":0,"max_hp_gain":0,"max_hp_loss":0,"event_name":"Falling","floor":39,"gold_loss":0}],"is_beta":false,"boss_relics":[{"not_picked":["Ectoplasm","Velvet Choker"],"picked":"Pandora\u0027s Box"},{"not_picked":["Eternal Feather","Tiny House"],"picked":"Coffee Dripper"}],"items_purged_floors":[36],"is_endless":false,"potions_floor_spawned":[7,13,19,28,29,33,37,41,45],"ascension_level":1}