{"path_per_floor":["M","M","$","?","?","E","R","E","T","E"],"character_chosen":"DEFECT","items_purchased":["Tempest"],"gold_per_floor":[115,130,59,159,159,189,189,221,248,280,280],"floor_reached":11,"campfire_rested":0,"playtime":345,"item_purchase_floors":[3],"current_hp_per_floor":[74,74,74,74,74,64,64,43,43,12,0],"items_purged":[],"gold":280,"score":98,"play_id":"fe2a0be0-d183-4401-a484-a9106b4b71e0","local_time":"20180622154003","is_prod":false,"is_daily":false,"chose_seed":false,"is_ascension_mode":true,"campfire_upgraded":1,"win_rate":0,"timestamp":1529674803,"campfire_choices":[{"data":"Sunder","floor":7,"key":"SMITH"}],"path_taken":["M","M","$","?","?","E","R","E","T","E","?"],"build_version":"2018-06-21","seed_source_timestamp":43702907369047,"purchased_purges":0,"circlet_count":0,"victory":false,"master_deck":["Strike_B","Strike_B","Strike_B","Strike_B","Defend_B","Defend_B","Defend_B","Defend_B","Zap+1","Dualcast","Sunder+1","Tempest","Regret","Melter","Creative AI"],"max_hp_per_floor":[75,75,75,75,75,75,75,75,75,75,75],"relics":["Cracked Core","Oddly Smooth Stone","Bronze Scales","Shuriken","Potion Belt","Kunai"],"card_choices":[{"not_picked":["Leap","Tempest"],"picked":"Sunder","floor":1},{"not_picked":["Rebound","Chaos","Go for the Eyes"],"picked":"SKIP","floor":2},{"not_picked":["Tempest","Compile Driver"],"picked":"Melter","floor":6},{"not_picked":["Doom and Gloom","Gash","Stack"],"picked":"SKIP","floor":8},{"not_picked":["Steam","Barrage"],"picked":"Creative AI","floor":10}],"player_experience":397052,"potions_floor_usage":[6],"damage_taken":[{"damage":1,"enemies":"2 Louse","floor":1,"turns":3},{"damage":0,"enemies":"Cultist","floor":2,"turns":3},{"damage":17,"enemies":"3 Sentries","floor":6,"turns":6},{"damage":21,"enemies":"Gremlin Nob","floor":8,"turns":4},{"damage":31,"enemies":"3 Sentries","floor":10,"turns":6},{"damage":12,"enemies":"3 Sentries","floor":11,"turns":2}],"relics_obtained":[{"floor":6,"key":"Bronze Scales"},{"floor":8,"key":"Shuriken"},{"floor":9,"key":"Potion Belt"},{"floor":10,"key":"Kunai"}],"event_choices":[{"event_name":"Golden Shrine","player_choice":"Pray","floor":4,"damage_taken":0},{"event_name":"Big Fish","player_choice":"Box","floor":5,"damage_taken":0},{"event_name":"Dead Adventurer","player_choice":"Searched \u00271\u0027 times","floor":11,"damage_taken":0}],"boss_relics":[],"items_purged_floors":[],"is_endless":false,"potions_floor_spawned":[1,6,11],"seed_played":"-2913705885082792012","killed_by":"3 Sentries","ascension_level":2,"potions_obtained":[{"floor":1,"key":"PowerPotion"},{"floor":6,"key":"Strength Potion"}],"is_trial":false}