{"gold_per_floor":[113,125,125,142,142,142,181,194,194,210,229,308,308,333,333,453,453,467,34,50,50,26,70,70,90,90,90,106,124,124,138,138,138],"floor_reached":33,"playtime":2590,"items_purged":[],"score":271,"play_id":"727c67a7-e05c-48c3-a7f0-8980f06bf44d","local_time":"20190210110707","is_ascension_mode":false,"campfire_choices":[{"floor":13,"key":"REST"},{"floor":15,"key":"REST"},{"floor":24,"key":"REST"},{"floor":27,"key":"REST"},{"floor":32,"key":"REST"}],"neow_cost":"NONE","seed_source_timestamp":2594567670149,"circlet_count":0,"master_deck":["Strike_B+1","Strike_B","Strike_B","Strike_B","Defend_B","Defend_B+1","Defend_B","Defend_B","Zap","Dualcast","Doom and Gloom","Genetic Algorithm","Conserve Battery","Rip and Tear","Streamline","Compile Driver","Redo","Stack","Stack","Multi-Cast","Capacitor","Stack","Storm","Skim+1","Ball Lightning","Sweeping Beam","BootSequence","Barrage","Barrage+1","Cold Snap"],"relics":["Cracked Core","NeowsBlessing","Golden Idol","Ancient Tea Set","Mercury Hourglass","Ginger","Busted Crown","Letter Opener","Bronze Scales","Incense Burner"],"potions_floor_usage":[12,12,14,16,23,28,33],"damage_taken":[{"damage":0,"enemies":"Small Slimes","floor":1,"turns":1},{"damage":0,"enemies":"Jaw Worm","floor":2,"turns":1},{"damage":0,"enemies":"Cultist","floor":4,"turns":1},{"damage":26,"enemies":"3 Sentries","floor":7,"turns":8},{"damage":0,"enemies":"Red Slaver","floor":8,"turns":3},{"damage":0,"enemies":"Exordium Thugs","floor":10,"turns":3},{"damage":0,"enemies":"3 Louse","floor":11,"turns":1},{"damage":10,"enemies":"Lagavulin Event","floor":12,"turns":5},{"damage":5,"enemies":"Blue Slaver","floor":14,"turns":2},{"damage":28,"enemies":"Hexaghost","floor":16,"turns":9},{"damage":10,"enemies":"Chosen","floor":18,"turns":3},{"damage":15,"enemies":"Spheric Guardian","floor":20,"turns":5},{"damage":26,"enemies":"Book of Stabbing","floor":23,"turns":5},{"damage":20,"enemies":"Centurion and Healer","floor":25,"turns":5},{"damage":18,"enemies":"Snake Plant","floor":28,"turns":2},{"damage":10,"enemies":"Snecko","floor":29,"turns":5},{"damage":14,"enemies":"Centurion and Healer","floor":31,"turns":6},{"damage":28,"enemies":"Automaton","floor":33,"turns":8}],"seed_played":"4577161700083802275","potions_obtained":[{"floor":2,"key":"Dexterity Potion"},{"floor":4,"key":"Block Potion"},{"floor":10,"key":"PowerPotion"},{"floor":14,"key":"LiquidBronze"},{"floor":16,"key":"Dexterity Potion"},{"floor":23,"key":"Explosive Potion"},{"floor":25,"key":"Strength Potion"},{"floor":29,"key":"Block Potion"}],"is_trial":false,"path_per_floor":["M","M","?","M","?","$","E","M","T","M","M","?","R","M","R","B",null,"M","$","M","?","$","E","R","M","T","R","M","M","?","M","R","B"],"character_chosen":"DEFECT","items_purchased":["Stack","Storm","Letter Opener","Block Potion","FearPotion","Ball Lightning"],"campfire_rested":5,"item_purchase_floors":[19,19,19,19,19,22],"current_hp_per_floor":[75,75,60,60,42,42,16,16,16,16,16,6,28,23,45,17,75,65,65,50,50,50,24,46,26,26,48,30,20,20,6,28,0],"gold":138,"neow_bonus":"THREE_ENEMY_KILL","is_prod":false,"is_daily":false,"chose_seed":false,"campfire_upgraded":0,"win_rate":0.0,"timestamp":1549818427,"path_taken":["M","M","?","M","?","?","E","M","T","M","M","?","R","M","R","BOSS","M","$","M","?","?","E","R","?","T","R","M","M","?","M","R","BOSS"],"build_version":"2019-01-23","purchased_purges":0,"victory":false,"max_hp_per_floor":[75,75,75,75,75,75,75,75,75,75,75,75,75,75,75,75,75,75,75,75,75,75,75,75,75,75,75,75,75,75,75,75,75],"card_choices":[{"not_picked":["Go for the Eyes","Streamline"],"picked":"Doom and Gloom","floor":1},{"not_picked":["Melter","Leap"],"picked":"Genetic Algorithm","floor":2},{"not_picked":["Redo","Gash"],"picked":"Conserve Battery","floor":4},{"not_picked":["Beam Cell","Coolheaded"],"picked":"Rip and Tear","floor":7},{"not_picked":["Capacitor","Machine Learning"],"picked":"Streamline","floor":8},{"not_picked":["Hologram","Scrape"],"picked":"Compile Driver","floor":10},{"not_picked":["Barrage","Compile Driver"],"picked":"Redo","floor":11},{"not_picked":["Hologram","Self Repair"],"picked":"Stack","floor":12},{"not_picked":["Streamline","Sweeping Beam"],"picked":"Stack","floor":14},{"not_picked":["Amplify","Seek"],"picked":"Multi-Cast","floor":16},{"not_picked":[],"picked":"Capacitor","floor":18},{"not_picked":[],"picked":"Skim+1","floor":20},{"not_picked":[],"picked":"Sweeping Beam","floor":23},{"not_picked":[],"picked":"BootSequence","floor":25},{"not_picked":[],"picked":"Barrage","floor":28},{"not_picked":[],"picked":"Barrage+1","floor":29},{"not_picked":[],"picked":"Cold Snap","floor":31}],"player_experience":10337,"relics_obtained":[{"floor":7,"key":"Ancient Tea Set"},{"floor":9,"key":"Mercury Hourglass"},{"floor":12,"key":"Ginger"},{"floor":23,"key":"Bronze Scales"},{"floor":26,"key":"Incense Burner"}],"event_choices":[{"damage_healed":0,"gold_gain":0,"player_choice":"Entered Light","damage_taken":15,"max_hp_gain":0,"max_hp_loss":0,"event_name":"Shining Light","floor":3,"gold_loss":0,"cards_upgraded":["Defend_B","Strike_B"]},{"damage_healed":0,"gold_gain":0,"player_choice":"Take Damage","damage_taken":18,"relics_obtained":["Golden Idol"],"max_hp_gain":0,"max_hp_loss":0,"event_name":"Golden Idol","floor":5,"gold_loss":0},{"damage_healed":0,"gold_gain":0,"player_choice":"Searched \u00271\u0027 times","damage_taken":0,"max_hp_gain":0,"max_hp_loss":0,"event_name":"Dead Adventurer","floor":12,"gold_loss":0},{"damage_healed":0,"gold_gain":0,"player_choice":"Got Potions","damage_taken":0,"max_hp_gain":0,"max_hp_loss":0,"event_name":"Lab","floor":21,"gold_loss":0},{"damage_healed":0,"gold_gain":0,"player_choice":"Ignored","damage_taken":0,"max_hp_gain":0,"max_hp_loss":0,"event_name":"Vampires","floor":30,"gold_loss":0}],"is_beta":false,"boss_relics":[{"not_picked":["Coffee Dripper","White Beast Statue"],"picked":"Busted Crown"}],"items_purged_floors":[],"is_endless":false,"potions_floor_spawned":[2,4,10,14,16,23,25,29],"killed_by":"Automaton","ascension_level":0}