{"gold_per_floor":[110,110,127,93,111,142,142,142,167,199,199,212,247,247,247,352,352,372,462,480,480,405,405,405,431,431,431],"floor_reached":27,"playtime":971,"items_purged":[],"score":296,"play_id":"da6fd743-6545-4b53-91d9-dbc5fedf2971","local_time":"20181109205156","is_ascension_mode":true,"campfire_choices":[{"floor":7,"key":"REST"},{"data":"Zap","floor":11,"key":"SMITH"},{"floor":15,"key":"REST"},{"data":"Hologram","floor":23,"key":"SMITH"}],"neow_cost":"NONE","seed_source_timestamp":2554680644915100,"circlet_count":0,"master_deck":["Zap+1","Dualcast+1","Conserve Battery","Gash","Beam Cell","Defragment","Ball Lightning","Rebound","Self Repair","All For One","Rip and Tear","Rebound","Go for the Eyes","Hologram","Defragment","Ball Lightning","Hologram+1","Leap"],"relics":["Cracked Core","Juzu Bracelet","Omamori","Nunchaku","Lantern","Pandora\u0027s Box","MutagenicStrength","Dodecahedron","Blue Candle"],"potions_floor_usage":[16,16,16,27],"damage_taken":[{"damage":0,"enemies":"Cultist","floor":1,"turns":3},{"damage":0,"enemies":"Small Slimes","floor":3,"turns":3},{"damage":0,"enemies":"2 Louse","floor":5,"turns":2},{"damage":37,"enemies":"Gremlin Nob","floor":6,"turns":4},{"damage":27,"enemies":"3 Sentries","floor":10,"turns":8},{"damage":14,"enemies":"Red Slaver","floor":12,"turns":2},{"damage":8,"enemies":"Gremlin Nob","floor":13,"turns":3},{"damage":33,"enemies":"Hexaghost","floor":16,"turns":8},{"damage":0,"enemies":"3 Byrds","floor":18,"turns":3},{"damage":8,"enemies":"Chosen","floor":20,"turns":4},{"damage":59,"enemies":"Gremlin Leader","floor":25,"turns":5},{"damage":9,"enemies":"Centurion and Healer","floor":27,"turns":2}],"seed_played":"-7798828877225935031","potions_obtained":[{"floor":1,"key":"Poison Potion"},{"floor":3,"key":"EssenceOfSteel"},{"floor":12,"key":"PowerPotion"},{"floor":13,"key":"FocusPotion"},{"floor":20,"key":"GamblersBrew"}],"is_trial":false,"path_per_floor":["M","?","M","$","M","E","R","?","T","E","R","M","E","?","R","B",null,"M","?","M","?","?","R","?","E","T","M"],"character_chosen":"DEFECT","items_purchased":["Defragment"],"campfire_rested":2,"item_purchase_floors":[4],"current_hp_per_floor":[75,60,60,60,60,23,45,70,70,43,43,29,21,21,43,17,75,75,61,60,60,60,60,60,1,1,0],"gold":431,"neow_bonus":"THREE_CARDS","is_prod":false,"is_daily":false,"chose_seed":false,"campfire_upgraded":2,"win_rate":0,"timestamp":1541793116,"path_taken":["M","?","M","$","M","E","R","?","T","E","R","M","E","?","R","BOSS","M","?","M","?","?","R","?","E","T","M"],"build_version":"2018-11-08","purchased_purges":0,"victory":false,"max_hp_per_floor":[75,75,75,75,75,75,75,75,75,75,75,75,75,75,75,75,75,75,75,75,75,75,75,75,75,75,75],"card_choices":[{"not_picked":["Turbo","Sunder"],"picked":"Conserve Battery","floor":0},{"not_picked":["FTL","Static Discharge"],"picked":"Gash","floor":1},{"not_picked":["Sunder","Capacitor"],"picked":"Beam Cell","floor":3},{"not_picked":["Compile Driver","Barrage"],"picked":"Ball Lightning","floor":5},{"not_picked":["Blizzard","Cold Snap"],"picked":"Rebound","floor":6},{"not_picked":["Stack","Steam","Turbo"],"picked":"SKIP","floor":10},{"not_picked":["Recycle","Go for the Eyes","Compile Driver"],"picked":"SKIP","floor":12},{"not_picked":["White Noise","Darkness"],"picked":"Self Repair","floor":13},{"not_picked":["Meteor Strike","Multi-Cast"],"picked":"All For One","floor":16},{"not_picked":["Stack","Hello World","Force Field"],"picked":"SKIP","floor":18},{"not_picked":["Barrage+1","Reprogram"],"picked":"Hologram","floor":20},{"not_picked":["Recycle","Defragment"],"picked":"Leap","floor":25}],"player_experience":197359,"relics_obtained":[{"floor":6,"key":"Juzu Bracelet"},{"floor":9,"key":"Omamori"},{"floor":10,"key":"Nunchaku"},{"floor":13,"key":"Lantern"},{"floor":25,"key":"Dodecahedron"},{"floor":26,"key":"Blue Candle"}],"event_choices":[{"damage_healed":0,"gold_gain":0,"player_choice":"Entered Light","damage_taken":15,"max_hp_gain":0,"max_hp_loss":0,"event_name":"Shining Light","floor":2,"gold_loss":0,"cards_upgraded":["Strike_B","Defend_B"]},{"damage_healed":25,"gold_gain":0,"player_choice":"Banana","damage_taken":0,"max_hp_gain":0,"max_hp_loss":0,"event_name":"Big Fish","floor":8,"gold_loss":0},{"damage_healed":0,"gold_gain":0,"player_choice":"Grow","damage_taken":0,"max_hp_gain":0,"max_hp_loss":0,"event_name":"Living Wall","floor":14,"gold_loss":0,"cards_upgraded":["Dualcast"]},{"damage_healed":0,"gold_gain":90,"player_choice":"GOLD ","damage_taken":14,"max_hp_gain":0,"max_hp_loss":0,"event_name":"Knowing Skull","floor":19,"potions_obtained":[],"gold_loss":0,"cards_obtained":[]},{"cards_removed":["Undo"],"damage_healed":0,"gold_gain":0,"player_choice":"Elegance","damage_taken":0,"max_hp_gain":0,"max_hp_loss":0,"event_name":"Back to Basics","floor":21,"gold_loss":0},{"cards_removed":["Stack"],"damage_healed":0,"gold_gain":0,"player_choice":"Gave Gold","damage_taken":0,"max_hp_gain":0,"max_hp_loss":0,"event_name":"Beggar","floor":22,"gold_loss":75},{"damage_healed":0,"gold_gain":0,"player_choice":"Inject Mutagens","damage_taken":0,"relics_obtained":["MutagenicStrength"],"max_hp_gain":0,"max_hp_loss":0,"event_name":"Drug Dealer","floor":24,"gold_loss":0}],"is_beta":false,"boss_relics":[{"not_picked":["Velvet Choker","Snecko Eye"],"picked":"Pandora\u0027s Box"}],"items_purged_floors":[],"is_endless":false,"potions_floor_spawned":[1,3,12,13,20],"killed_by":"Centurion and Healer","ascension_level":4}