{"gold_per_floor":[118,129,129,129,147,147,147,222,222,222,222,237,24,38,38,142,142,153,3,18,29,29,29,29,29,29,29,46,65,76,76,76,178,178,198,211,211,5,22,22,41,41,90,106,122,135,150,167,167,167],"floor_reached":51,"playtime":4950,"items_purged":[],"score":595,"play_id":"b9b6b6ca-ac59-4e2e-a606-af48a879d2f1","local_time":"20190106190152","is_ascension_mode":false,"campfire_choices":[{"data":"Deadly Poison","floor":6.0,"key":"SMITH"},{"data":"Neutralize","floor":10.0,"key":"SMITH"},{"floor":15.0,"key":"REST"},{"data":"Expertise","floor":23.0,"key":"SMITH"},{"data":"Noxious Fumes","floor":25.0,"key":"SMITH"},{"data":"Cloak And Dagger","floor":27.0,"key":"SMITH"},{"floor":32.0,"key":"REST"},{"data":"Adrenaline","floor":40,"key":"SMITH"},{"data":"Adrenaline","floor":42,"key":"SMITH"},{"floor":49,"key":"REST"}],"neow_cost":"NONE","seed_source_timestamp":193129570891472,"circlet_count":0,"master_deck":["Survivor","Neutralize+1","Prepared","Deadly Poison+1","Noxious Fumes+1","Malaise+1","Backstab+1","Cloak And Dagger+1","Bouncing Flask","Expertise+1","Poisoned Stab","Well Laid Plans","Dash","Corpse Explosion","Caltrops","Glass Knife","Slice","Die Die Die+1","Adrenaline+1","Heel Hook","Adrenaline+1","Die Die Die","Noxious Fumes+1","Crippling Poison","Backflip+1","Adrenaline"],"special_seed":0,"relics":["Ring of the Snake","Snake Skull","Smiling Mask","Potion Belt","HoveringKite","Blue Candle","Pandora\u0027s Box","Chemical X","Whetstone"],"potions_floor_usage":[36,50,50,50,50,50],"damage_taken":[{"damage":0.0,"enemies":"2 Louse","floor":1.0,"turns":4.0},{"damage":0.0,"enemies":"Jaw Worm","floor":2.0,"turns":8.0},{"damage":0.0,"enemies":"Cultist","floor":5.0,"turns":4.0},{"damage":3.0,"enemies":"3 Louse","floor":12.0,"turns":5.0},{"damage":7.0,"enemies":"2 Fungi Beasts","floor":14.0,"turns":3.0},{"damage":18.0,"enemies":"The Guardian","floor":16.0,"turns":8.0},{"damage":25.0,"enemies":"Spheric Guardian","floor":18.0,"turns":6.0},{"damage":8.0,"enemies":"Chosen","floor":20.0,"turns":6.0},{"damage":11.0,"enemies":"Centurion and Healer","floor":21.0,"turns":7.0},{"damage":8.0,"enemies":"Sentry and Sphere","floor":28.0,"turns":5.0},{"damage":5.0,"enemies":"Cultist and Chosen","floor":29.0,"turns":6.0},{"damage":9.0,"enemies":"Centurion and Healer","floor":30.0,"turns":6.0},{"damage":42.0,"enemies":"Automaton","floor":33.0,"turns":11.0},{"damage":0.0,"enemies":"3 Shapes","floor":35.0,"turns":3.0},{"damage":0,"enemies":"3 Darklings","floor":36,"turns":2},{"damage":7,"enemies":"Sphere and 2 Shapes","floor":39,"turns":4},{"damage":8,"enemies":"Writhing Mass","floor":41,"turns":5},{"damage":6,"enemies":"Maw","floor":44,"turns":7},{"damage":1,"enemies":"3 Darklings","floor":45,"turns":4},{"damage":0,"enemies":"4 Shapes","floor":46,"turns":3},{"damage":0,"enemies":"Transient","floor":47,"turns":5},{"damage":26,"enemies":"Spire Growth","floor":48,"turns":4},{"damage":29,"enemies":"Time Eater","floor":50,"turns":12}],"seed_played":"-9095696981475182018","potions_obtained":[{"floor":12.0,"key":"SteroidPotion"},{"floor":28.0,"key":"Energy Potion"},{"floor":30.0,"key":"EntropicBrew"},{"floor":35.0,"key":"Explosive Potion"},{"floor":39,"key":"Dexterity Potion"},{"floor":46,"key":"Weak Potion"}],"is_trial":false,"path_per_floor":["M","M","?","?","M","R","?","?","T","R","$","M","$","M","R","B",null,"M","$","M","M","?","R","?","R","T","R","M","M","M","?","R","B",null,"M","M","?","$","M","R","M","R","T","M","M","M","M","M","R","B",null],"character_chosen":"THE_SILENT","items_purchased":["Potion Belt","Noxious Fumes","EntropicBrew","Cloak And Dagger","Chemical X"],"campfire_rested":3,"item_purchase_floors":[13,13,19,19,38],"current_hp_per_floor":[70,70,75,75,75,75,75,64,64,64,64,61,61,54,75,57,75,50,50,42,31,56,56,56,56,56,56,48,43,34,34,56,14,75,75,75,75,75,68,68,60,60,60,54,53,53,53,27,49,20],"gold":167,"neow_bonus":"RANDOM_COMMON_RELIC","is_prod":false,"is_daily":false,"chose_seed":false,"campfire_upgraded":7,"win_rate":0,"timestamp":1546819312,"path_taken":["M","M","?","?","?","R","?","?","T","R","?","M","$","M","R","BOSS","M","$","M","M","?","R","?","R","T","R","M","M","?","?","R","BOSS","M","M","?","?","?","R","M","R","T","M","M","M","M","?","R","BOSS"],"build_version":"2019-01-03v4","purchased_purges":0,"victory":true,"max_hp_per_floor":[70,70,75,75,75,75,75,75,75,75,75,75,75,75,75,75,75,75,75,75,75,75,75,75,75,75,75,75,75,75,75,75,75,75,75,75,75,75,75,75,75,75,75,75,75,75,75,75,75,75],"card_choices":[{"not_picked":["Cloak And Dagger","Dagger Spray"],"picked":"Prepared","floor":1.0},{"not_picked":["Dodge and Roll","Calculated Gamble"],"picked":"Deadly Poison","floor":2.0},{"not_picked":["Dagger Throw","Flechettes","Sucker Punch"],"picked":"SKIP","floor":5.0},{"not_picked":["PiercingWail","Sucker Punch","Acrobatics"],"picked":"SKIP","floor":12.0},{"not_picked":["Prepared","Concentrate","Slice"],"picked":"SKIP","floor":14.0},{"not_picked":["Unload","Grand Finale"],"picked":"Malaise","floor":16.0},{"not_picked":["Dagger Spray","Concentrate"],"picked":"Backstab","floor":18.0},{"not_picked":["Underhanded Strike","Acrobatics"],"picked":"Bouncing Flask","floor":20.0},{"not_picked":["Bane","Prepared"],"picked":"Expertise","floor":21.0},{"not_picked":["Flying Knee","Quick Slash"],"picked":"Poisoned Stab","floor":28.0},{"not_picked":["Backflip","Distraction+1"],"picked":"Well Laid Plans","floor":29.0},{"not_picked":["Calculated Gamble","Accuracy"],"picked":"Dash","floor":30.0},{"not_picked":["Doppelganger","Wraith Form v2"],"picked":"Corpse Explosion","floor":33.0},{"not_picked":["Outmaneuver","Dagger Spray+1"],"picked":"Noxious Fumes+1","floor":35.0},{"not_picked":["Deflect+1","Calculated Gamble"],"picked":"Crippling Poison","floor":36},{"not_picked":["Cloak And Dagger+1","Deadly Poison","Masterful Stab"],"picked":"SKIP","floor":39},{"not_picked":["Bane+1","Poisoned Stab"],"picked":"Backflip+1","floor":41},{"not_picked":["PiercingWail+1","Blur","Deadly Poison+1"],"picked":"SKIP","floor":44},{"not_picked":["Dagger Spray","Dagger Throw+1"],"picked":"Adrenaline","floor":45},{"not_picked":["Outmaneuver","Choke","Quick Slash+1"],"picked":"SKIP","floor":46},{"not_picked":["Endless Agony+1","Dagger Throw","Outmaneuver"],"picked":"SKIP","floor":47},{"not_picked":["Flying Knee+1","Quick Slash","Deadly Poison+1"],"picked":"SKIP","floor":48}],"player_experience":459266,"relics_obtained":[{"floor":9.0,"key":"Smiling Mask"},{"floor":26.0,"key":"Blue Candle"},{"floor":43,"key":"Whetstone"}],"event_choices":[{"damage_healed":0.0,"max_hp_gain":5.0,"max_hp_loss":0.0,"gold_gain":0.0,"event_name":"Big Fish","player_choice":"Donut","floor":3.0,"gold_loss":0.0,"damage_taken":0.0},{"cards_removed":["Strike_G"],"damage_healed":0.0,"max_hp_gain":0.0,"max_hp_loss":0.0,"gold_gain":0.0,"event_name":"Purifier","player_choice":"Purged","floor":4.0,"gold_loss":0.0,"damage_taken":0.0},{"damage_healed":0.0,"max_hp_gain":0.0,"max_hp_loss":0.0,"gold_gain":0.0,"event_name":"Golden Wing","player_choice":"Ignored","floor":7.0,"gold_loss":0.0,"damage_taken":0.0},{"damage_healed":0.0,"max_hp_gain":0.0,"max_hp_loss":0.0,"gold_gain":75.0,"event_name":"World of Goop","player_choice":"Gather Gold","floor":8.0,"gold_loss":0.0,"damage_taken":11.0},{"damage_healed":25.0,"max_hp_gain":0.0,"max_hp_loss":0.0,"gold_gain":0.0,"event_name":"The Library","player_choice":"Heal","floor":22.0,"gold_loss":0.0,"damage_taken":0.0},{"damage_healed":0.0,"max_hp_gain":0.0,"max_hp_loss":0.0,"gold_gain":0.0,"event_name":"Upgrade Shrine","player_choice":"Upgraded","floor":24.0,"gold_loss":0.0,"damage_taken":0.0,"cards_upgraded":["Malaise"]},{"damage_healed":0.0,"max_hp_gain":0.0,"max_hp_loss":0.0,"gold_gain":0.0,"event_name":"Cursed Tome","player_choice":"Ignored","floor":31.0,"gold_loss":0.0,"damage_taken":0.0},{"cards_removed":["Infinite Blades"],"damage_healed":0,"gold_gain":0,"player_choice":"Removed Power","damage_taken":0,"max_hp_gain":0,"max_hp_loss":0,"event_name":"Falling","floor":37,"gold_loss":0}],"is_beta":true,"boss_relics":[{"not_picked":["Astrolabe","Tiny House"],"picked":"HoveringKite"},{"not_picked":["Eternal Feather","Coffee Dripper"],"picked":"Pandora\u0027s Box"}],"items_purged_floors":[],"is_endless":false,"potions_floor_spawned":[12,28,30,35,39,45,46,48],"ascension_level":0}