{"path_per_floor":["M","?","T","?","M","R","M","R","T","?","?","M","R","$","R","B",null,"M","?","M","M","M"],"character_chosen":"THE_SILENT","items_purchased":["Ginger"],"gold_per_floor":[119,119,168,243,260,260,279,279,279,259,359,375,375,60,60,155,155,174,89,14,29,39],"floor_reached":23,"campfire_rested":0,"playtime":2280,"current_hp_per_floor":[70,63,63,52,52,52,52,52,52,52,52,48,48,48,48,9,70,55,55,55,53,44],"items_purged":[],"gold":39,"score":179,"play_id":"766f9848-caf1-46e0-b282-5f169e336ef5","is_prod":false,"is_daily":false,"is_ascension_mode":false,"campfire_upgraded":4,"path_taken":["M","?","?","?","?","R","M","R","T","?","?","M","R","$","R","BOSS","M","?","M","M","?","E"],"build_version":"2018-02-15-PROD1","purchased_purges":0,"victory":false,"master_deck":["Defend_G","Defend_G","Defend_G","Defend_G","Defend_G","Strike_G","Strike_G","Strike_G","Strike_G","Survivor","Neutralize+1","Caltrops+1","Well Laid Plans+1","Distraction","Leg Sweep+1","Wraith Form","Malaise","Outmaneuver+1","Dodge and Roll"],"max_hp_per_floor":[70,70,70,70,70,70,70,70,70,70,70,70,70,70,70,70,70,70,70,70,70,70],"relics":["Ring of the Snake","Oddly Smooth Stone","Peace Pipe","Ginger","Black Star","Ornamental Fan"],"card_choices":[{"not_picked":["Outmaneuver","Leg Sweep"],"picked":"Caltrops"},{"not_picked":["Acrobatics","Endless Agony"],"picked":"Well Laid Plans"},{"not_picked":["Flying Knee","Escape Plan"],"picked":"Distraction"},{"not_picked":["Prepared","Quick Slash"],"picked":"Leg Sweep"},{"not_picked":["Glass Knife","Unload"],"picked":"Wraith Form"},{"not_picked":["Prepared","Riddle With Holes"],"picked":"Malaise"},{"not_picked":["Heel Hook","Quick Slash"],"picked":"Outmaneuver"},{"not_picked":["Well Laid Plans","Flechettes"],"picked":"Dodge and Roll"}],"player_experience":93025,"potions_floor_usage":[23,23,23],"damage_taken":[{"damage":0.0,"enemies":"Small Slimes","floor":1.0,"turns":3.0},{"damage":0.0,"enemies":"Jaw Worm","floor":5.0,"turns":5.0},{"damage":0.0,"enemies":"Cultist","floor":7.0,"turns":4.0},{"damage":4.0,"enemies":"Exordium Wildlife","floor":12.0,"turns":5.0},{"damage":54.0,"enemies":"Slime Boss","floor":16.0,"turns":17.0},{"damage":15,"enemies":"Chosen","floor":18,"turns":9},{"damage":0,"enemies":"2 Thieves","floor":20,"turns":5},{"damage":2,"enemies":"Snake Plant","floor":21,"turns":6},{"damage":9,"enemies":"Snecko","floor":22,"turns":8},{"damage":67,"enemies":"Gremlin Leader","floor":23,"turns":12}],"event_choices":[{"event_name":"Golden Wing","player_choice":"Card Removal","floor":2.0,"damage_taken":0.0},{"event_name":"World of Goop","player_choice":"Gather Gold","floor":4.0,"damage_taken":0.0},{"event_name":"The Woman in Blue","player_choice":"Bought 1 Potion","floor":10.0,"damage_taken":0.0},{"event_name":"Golden Shrine","player_choice":"Pray","floor":11.0,"damage_taken":0.0},{"event_name":"Addict","player_choice":"Obtained Relic","floor":19,"damage_taken":0}],"boss_relics":[{"not_picked":["Cursed Key","Calling Bell"],"picked":"Black Star"}],"potions_floor_spawned":[5,16,22],"seed_played":"-2781044696938031706","killed_by":"Gremlin Leader","ascension_level":0,"is_trial":false}