{"gold_per_floor":[118,118,135,153,153,180,180,211,234,234,252,269,269,66,66,66],"floor_reached":16,"playtime":754,"items_purged":[],"score":110,"play_id":"a0b8fe20-dbfd-4e15-b6da-05abe5077dff","local_time":"20190305100647","is_ascension_mode":false,"campfire_choices":[{"floor":10,"key":"REST"},{"floor":13,"key":"REST"},{"floor":15,"key":"RECALL"}],"neow_cost":"NONE","seed_source_timestamp":2091227787178,"circlet_count":0,"master_deck":["Strike_R","Strike_R","Strike_R","Strike_R","Strike_R","Defend_R","Defend_R","Defend_R+1","Defend_R","Bash","Armaments+1","Wild Strike","Seeing Red","Havoc","Disarm","Shrug It Off"],"relics":["Burning Blood","NeowsBlessing","Anchor","Lantern","Bag of Preparation"],"potions_floor_usage":[8,12,16],"damage_taken":[{"damage":0,"enemies":"2 Louse","floor":1,"turns":1},{"damage":0,"enemies":"Cultist","floor":3,"turns":1},{"damage":0,"enemies":"Jaw Worm","floor":4,"turns":1},{"damage":49,"enemies":"Lagavulin","floor":6,"turns":7},{"damage":46,"enemies":"3 Sentries","floor":8,"turns":12},{"damage":10,"enemies":"Looter","floor":11,"turns":3},{"damage":0,"enemies":"Exordium Wildlife","floor":12,"turns":4},{"damage":78,"enemies":"Slime Boss","floor":16,"turns":12}],"seed_played":"8800940354163845384","potions_obtained":[{"floor":4,"key":"Regen Potion"},{"floor":6,"key":"Poison Potion"},{"floor":11,"key":"Swift Potion"}],"is_trial":false,"path_per_floor":["M","?","M","M","?","E","?","E","T","R","M","M","R","$","R","B"],"character_chosen":"IRONCLAD","items_purchased":["Shrug It Off","Bag of Preparation"],"campfire_rested":2,"item_purchase_floors":[14,14],"current_hp_per_floor":[80,80,80,80,64,21,47,22,22,46,42,48,72,72,72,0],"gold":66,"neow_bonus":"THREE_ENEMY_KILL","is_prod":false,"is_daily":false,"chose_seed":false,"campfire_upgraded":0,"win_rate":0,"timestamp":1551802007,"path_taken":["M","?","?","M","?","E","?","E","T","R","M","M","R","?","R","BOSS"],"build_version":"2019-01-23","purchased_purges":0,"victory":false,"max_hp_per_floor":[80,80,80,80,80,80,80,80,80,80,80,80,80,80,80,80],"card_choices":[{"not_picked":["Sever Soul","Hemokinesis"],"picked":"Armaments","floor":1},{"not_picked":["Carnage","Clash"],"picked":"Wild Strike","floor":3},{"not_picked":["Flex","Body Slam"],"picked":"Seeing Red","floor":4},{"not_picked":["Fire Breathing","Wild Strike","Armaments"],"picked":"SKIP","floor":6},{"not_picked":["Hemokinesis","Blood for Blood"],"picked":"Havoc","floor":8},{"not_picked":["Sever Soul","Rage","True Grit"],"picked":"SKIP","floor":11},{"not_picked":["Perfected Strike","Anger"],"picked":"Disarm","floor":12}],"player_experience":546654,"relics_obtained":[{"floor":6,"key":"Anchor"},{"floor":8,"key":"Lantern"}],"event_choices":[{"damage_healed":0,"gold_gain":0,"player_choice":"Ignored","damage_taken":0,"max_hp_gain":0,"max_hp_loss":0,"event_name":"NoteForYourself","floor":2,"gold_loss":0},{"damage_healed":0,"gold_gain":0,"player_choice":"Entered Light","damage_taken":16,"max_hp_gain":0,"max_hp_loss":0,"event_name":"Shining Light","floor":5,"gold_loss":0,"cards_upgraded":["Defend_R","Armaments"]},{"damage_healed":26,"gold_gain":0,"player_choice":"Banana","damage_taken":0,"max_hp_gain":0,"max_hp_loss":0,"event_name":"Big Fish","floor":7,"gold_loss":0}],"is_beta":false,"boss_relics":[],"items_purged_floors":[],"is_endless":false,"potions_floor_spawned":[4,6,11],"killed_by":"Slime Boss","ascension_level":0}