{"gold_per_floor":[109,109,128,145,157,157,171,171,171,171,188,188,188,35,35,35],"floor_reached":16,"playtime":542,"items_purged":[],"score":117,"play_id":"007d2437-267e-4c66-822d-f7e0d9403403","local_time":"20190304223737","is_ascension_mode":false,"campfire_choices":[{"floor":6,"key":"RECALL"},{"data":"Armaments","floor":8,"key":"SMITH"},{"data":"Cleave","floor":10,"key":"SMITH"},{"data":"Seeing Red","floor":12,"key":"SMITH"},{"data":"Bash","floor":15,"key":"SMITH"}],"neow_cost":"NONE","seed_source_timestamp":46400536733100,"circlet_count":0,"master_deck":["Strike_R","Strike_R","Strike_R","Strike_R","Defend_R","Defend_R","Defend_R","Defend_R","Bash+1","Cleave+1","Armaments+1","Shrug It Off+1","Ghostly Armor","Seeing Red+1"],"relics":["Burning Blood","Strawberry"],"potions_floor_usage":[16,16],"damage_taken":[{"damage":2,"enemies":"2 Louse","floor":1,"turns":3},{"damage":6,"enemies":"Cultist","floor":3,"turns":3},{"damage":0,"enemies":"Small Slimes","floor":4,"turns":4},{"damage":10,"enemies":"Exordium Thugs","floor":5,"turns":5},{"damage":0,"enemies":"Gremlin Gang","floor":7,"turns":4},{"damage":0,"enemies":"Looter","floor":11,"turns":4},{"damage":109,"enemies":"Hexaghost","floor":16,"turns":16}],"seed_played":"-8798629959895491254","potions_obtained":[{"floor":4,"key":"GamblersBrew"},{"floor":5,"key":"Regen Potion"},{"floor":7,"key":"Energy Potion"},{"floor":11,"key":"Ancient Potion"}],"is_trial":false,"path_per_floor":["M","?","M","M","M","R","M","R","T","R","M","R","?","$","R","B"],"character_chosen":"IRONCLAD","items_purchased":["Strawberry"],"campfire_rested":0,"item_purchase_floors":[14],"current_hp_per_floor":[88,88,88,88,84,84,88,88,88,88,88,88,88,95,95,0],"gold":35,"neow_bonus":"TEN_PERCENT_HP_BONUS","is_prod":false,"is_daily":false,"chose_seed":false,"campfire_upgraded":4,"win_rate":0,"timestamp":1551760657,"path_taken":["M","?","M","?","M","R","M","R","T","R","M","R","?","$","R","BOSS"],"build_version":"2019-01-23","purchased_purges":0,"victory":false,"max_hp_per_floor":[88,88,88,88,88,88,88,88,88,88,88,88,88,95,95,95],"card_choices":[{"not_picked":["Clothesline","Pummel"],"picked":"Cleave","floor":1},{"not_picked":["Power Through","Uppercut"],"picked":"Armaments","floor":3},{"not_picked":["Armaments","Iron Wave"],"picked":"Shrug It Off","floor":4},{"not_picked":["Clash","Burning Pact"],"picked":"Ghostly Armor","floor":5},{"not_picked":["Blood for Blood","Ghostly Armor"],"picked":"Seeing Red","floor":7},{"not_picked":["Shrug It Off","Heavy Blade","Havoc"],"picked":"SKIP","floor":11}],"player_experience":539608,"relics_obtained":[],"event_choices":[{"cards_removed":["Strike_R"],"damage_healed":0,"gold_gain":0,"player_choice":"Purged","damage_taken":0,"max_hp_gain":0,"max_hp_loss":0,"event_name":"Purifier","floor":2,"gold_loss":0},{"damage_healed":0,"gold_gain":0,"player_choice":"Upgraded","damage_taken":0,"max_hp_gain":0,"max_hp_loss":0,"event_name":"Upgrade Shrine","floor":13,"gold_loss":0,"cards_upgraded":["Shrug It Off"]}],"is_beta":false,"boss_relics":[],"items_purged_floors":[],"is_endless":false,"potions_floor_spawned":[4,5,7,11],"killed_by":"Hexaghost","ascension_level":0}