{"path_per_floor":["M","M","?","M","M","R","E","M","T","?","R","M","M","E","R","B",null,"M","?","T","?","M","E","M","E","T"],"character_chosen":"THE_SILENT","items_purchased":[],"gold_per_floor":[13,33,33,50,64,64,90,106,106,106,106,122,133,159,159,263,263,279,204,204,204,220,250,262,297,297],"floor_reached":27,"campfire_rested":1,"playtime":2551,"current_hp_per_floor":[70,67,34,34,29,29,7,7,7,7,28,21,21,17,17,17,70,66,66,66,66,65,36,36,33,33],"items_purged":[],"gold":297,"score":340,"play_id":"4d712ee4-33ca-40a0-a126-72cdc15e18ed","is_prod":false,"is_daily":false,"is_ascension_mode":false,"campfire_upgraded":2,"path_taken":["M","M","?","M","M","R","E","?","T","?","R","M","?","E","R","BOSS","M","?","?","?","?","E","M","E","T","E"],"build_version":"2018-02-22-PROD1","purchased_purges":0,"victory":false,"master_deck":["Defend_G","Defend_G","Defend_G","Defend_G","Strike_G+1","Strike_G","Strike_G","Survivor","Neutralize","Poisoned Stab+1","Unload","Dodge and Roll+1","Caltrops","Expertise+1","Phantasmal Killer","Dash+1","Finisher","Well Laid Plans","Escape Plan","Bullet Time","Adrenaline","PiercingWail+1","Infinite Blades","Catalyst+1","Calculated Gamble+1"],"max_hp_per_floor":[70,70,70,70,70,70,70,70,70,70,70,70,70,70,70,70,70,70,70,70,70,70,80,80,87,87],"relics":["Ring of the Snake","Mercury Hourglass","Ancient Tea Set","Dead Branch","Whetstone","Black Star","Darkstone Periapt","Pear","Tough Bandages","Vajra","Strawberry","Ninja Scroll"],"card_choices":[{"not_picked":["Poisoned Stab","Sucker Punch"],"picked":"Dodge and Roll"},{"not_picked":["Backstab","Crippling Poison"],"picked":"Caltrops"},{"not_picked":["Deflect","Skewer"],"picked":"Expertise"},{"not_picked":["Dodge and Roll","PiercingWail"],"picked":"Phantasmal Killer"},{"not_picked":["Poisoned Stab","Prepared"],"picked":"Dash"},{"not_picked":["Dagger Spray","Outmaneuver"],"picked":"Finisher"},{"not_picked":["Flying Knee","Prepared"],"picked":"Well Laid Plans"},{"not_picked":["Dagger Spray","Backflip"],"picked":"Escape Plan"},{"not_picked":["Acrobatics","Flying Knee"],"picked":"Bullet Time"},{"not_picked":["Die Die Die","Night Terror"],"picked":"Adrenaline"},{"not_picked":["Bane","Quick Slash"],"picked":"PiercingWail"},{"not_picked":["Backflip","Acrobatics"],"picked":"Catalyst"},{"not_picked":["Outmaneuver","Poisoned Stab"],"picked":"Calculated Gamble"}],"player_experience":139586,"potions_floor_usage":[7,14,16,23,23,27],"damage_taken":[{"damage":0,"enemies":"Small Slimes","floor":1,"turns":2},{"damage":3,"enemies":"2 Louse","floor":2,"turns":3},{"damage":0,"enemies":"Cultist","floor":4,"turns":3},{"damage":5,"enemies":"Red Slaver","floor":5,"turns":4},{"damage":22,"enemies":"Gremlin Nob","floor":7,"turns":5},{"damage":0,"enemies":"Blue Slaver","floor":8,"turns":3},{"damage":7,"enemies":"Large Slime","floor":12,"turns":4},{"damage":0,"enemies":"Exordium Thugs","floor":13,"turns":3},{"damage":4,"enemies":"3 Sentries","floor":14,"turns":7},{"damage":0,"enemies":"Slime Boss","floor":16,"turns":10},{"damage":4,"enemies":"3 Byrds","floor":18,"turns":3},{"damage":1,"enemies":"Shell Parasite","floor":22,"turns":3},{"damage":39,"enemies":"Slavers","floor":23,"turns":6},{"damage":0,"enemies":"Snake Plant","floor":24,"turns":4},{"damage":10,"enemies":"Book of Stabbing","floor":25,"turns":5},{"damage":37,"enemies":"Slavers","floor":27,"turns":5}],"event_choices":[{"event_name":"Scrap Ooze","player_choice":"success","floor":3,"damage_taken":33},{"event_name":"Living Wall","player_choice":"Grow","floor":10,"damage_taken":0},{"event_name":"Beggar","player_choice":"Gave Gold","floor":19,"damage_taken":0},{"event_name":"The Library","player_choice":"Read","floor":21,"damage_taken":0}],"boss_relics":[{"not_picked":["Philosopher\u0027s Stone","Calling Bell"],"picked":"Black Star"}],"potions_floor_spawned":[5,8,13,14,16,24],"seed_played":"-736637015800922581","killed_by":"Slavers","ascension_level":0,"is_trial":false}