{"gold_per_floor":[119,69,69,83,93,103,114,114,114,124,124,136,136,149,149,245,245,260,260,277,291,291],"floor_reached":22,"playtime":3289,"items_purged":[],"score":228,"play_id":"3cdd8344-588b-44a1-be42-2b5c8ed604b0","local_time":"20190103071222","is_ascension_mode":true,"campfire_choices":[{"data":"Creative AI","floor":8,"key":"SMITH"},{"data":"Zap","floor":11,"key":"SMITH"},{"data":"Conserve Battery","floor":15,"key":"SMITH"}],"neow_cost":"CURSE","seed_source_timestamp":1230941728895400,"circlet_count":0,"master_deck":["Strike_B","Strike_B","Defend_B","Defend_B","Defend_B","Zap+1","Dualcast","Machine Learning","Creative AI+1","Turbo","Conserve Battery+1","Conserve Battery","Coolheaded","Ball Lightning","Genetic Algorithm","Seek","Amplify","Lockon+1","Consume"],"relics":["Cracked Core","Matryoshka","Eternal Feather"],"potions_floor_usage":[16,16,18,22],"damage_taken":[{"damage":1,"enemies":"Cultist","floor":1,"turns":3},{"damage":3,"enemies":"2 Louse","floor":4,"turns":2},{"damage":8,"enemies":"Small Slimes","floor":5,"turns":3},{"damage":1,"enemies":"Looter","floor":6,"turns":4},{"damage":0,"enemies":"Exordium Wildlife","floor":7,"turns":5},{"damage":0,"enemies":"Large Slime","floor":10,"turns":7},{"damage":1,"enemies":"2 Fungi Beasts","floor":12,"turns":3},{"damage":19,"enemies":"Exordium Wildlife","floor":14,"turns":5},{"damage":3,"enemies":"Slime Boss","floor":16,"turns":7},{"damage":9,"enemies":"Spheric Guardian","floor":18,"turns":9},{"damage":10,"enemies":"Chosen","floor":20,"turns":6},{"damage":18,"enemies":"Shelled Parasite and Fungi","floor":21,"turns":5},{"damage":19,"enemies":"Centurion and Healer","floor":22,"turns":4}],"seed_played":"4736223217801733946","potions_obtained":[{"floor":1,"key":"Dexterity Potion"},{"floor":4,"key":"SkillPotion"},{"floor":6,"key":"Dexterity Potion"},{"floor":21,"key":"AttackPotion"}],"is_trial":false,"path_per_floor":["M","?","?","M","M","M","M","R","T","M","R","M","?","M","R","B",null,"M","?","M","M","M"],"character_chosen":"DEFECT","items_purchased":[],"campfire_rested":0,"item_purchase_floors":[],"current_hp_per_floor":[74,74,79,76,68,67,67,67,67,67,67,66,66,47,47,44,71,62,47,37,19,0],"gold":291,"neow_bonus":"TRANSFORM_TWO_CARDS","is_prod":false,"is_daily":false,"chose_seed":false,"campfire_upgraded":3,"win_rate":0,"timestamp":1546524742,"path_taken":["M","?","?","M","M","M","M","R","T","M","R","M","?","M","R","BOSS","M","?","M","M","M"],"build_version":"2018-12-20","purchased_purges":0,"victory":false,"max_hp_per_floor":[75,75,80,80,80,80,80,80,80,80,80,80,80,80,80,80,80,80,85,85,85,85],"card_choices":[{"not_picked":["Beam Cell","Stack"],"picked":"Turbo","floor":1},{"not_picked":["Gash","Rebound"],"picked":"Conserve Battery","floor":4},{"not_picked":["Ball Lightning","Skim"],"picked":"Conserve Battery","floor":5},{"not_picked":["Rip and Tear","Reprogram"],"picked":"Coolheaded","floor":6},{"not_picked":["Streamline","Sweeping Beam"],"picked":"Ball Lightning","floor":7},{"not_picked":["Beam Cell","Hologram","Turbo"],"picked":"SKIP","floor":10},{"not_picked":["Doom and Gloom","Stack"],"picked":"Genetic Algorithm","floor":12},{"not_picked":["Loop","Recycle"],"picked":"Seek","floor":14},{"not_picked":["Core Surge","Thunder Strike"],"picked":"Amplify","floor":16},{"not_picked":["Ball Lightning+1","Cold Snap"],"picked":"Lockon+1","floor":18},{"not_picked":["Blizzard","Sweeping Beam","Hologram"],"picked":"SKIP","floor":20},{"not_picked":["Leap+1","Auto Shields"],"picked":"Consume","floor":21}],"player_experience":320528,"relics_obtained":[{"floor":9,"key":"Matryoshka"}],"event_choices":[{"cards_removed":["Injury"],"damage_healed":0,"gold_gain":0,"player_choice":"Card Removal","damage_taken":0,"max_hp_gain":0,"max_hp_loss":0,"event_name":"The Cleric","floor":2,"gold_loss":50},{"damage_healed":0,"gold_gain":0,"player_choice":"Donut","damage_taken":0,"max_hp_gain":5,"max_hp_loss":0,"event_name":"Big Fish","floor":3,"gold_loss":0},{"cards_removed":["Defend_B"],"damage_healed":0,"gold_gain":0,"player_choice":"Forget","damage_taken":0,"max_hp_gain":0,"max_hp_loss":0,"event_name":"Living Wall","floor":13,"gold_loss":0},{"damage_healed":0,"gold_gain":0,"player_choice":"Shed Blood","damage_taken":20,"max_hp_gain":5,"max_hp_loss":0,"event_name":"Forgotten Altar","floor":19,"gold_loss":0}],"is_beta":false,"boss_relics":[{"not_picked":["Empty Cage","Coffee Dripper"],"picked":"Eternal Feather"}],"items_purged_floors":[],"is_endless":false,"potions_floor_spawned":[1,4,6,14,21],"killed_by":"Centurion and Healer","ascension_level":5}