{"path_per_floor":["M","$","?","?","M","R","?","R","T","M","M","E","$","E","R","B",null,"M","M","?","M","$","R","M","M","T","E","M","R","?","M","R","B",null,"M","?","M","M","?","R","E","R","T","R","M","M","R","M","R","B"],"character_chosen":"DEFECT","items_purchased":["Finesse","Lee\u0027s Waffle","Gremlin Horn"],"gold_per_floor":[10,10,85,85,98,98,98,98,98,108,122,154,24,57,57,156,156,175,190,440,459,23,23,34,45,45,72,91,91,91,106,106,201,201,215,267,283,302,302,302,337,337,415,415,432,442,442,462,462,462],"floor_reached":51,"campfire_rested":3,"playtime":2807,"item_purchase_floors":[],"current_hp_per_floor":[74,74,63,56,56,56,41,41,51,51,46,34,34,40,40,28,87,86,75,75,53,98,98,92,70,70,35,13,44,44,44,75,71,104,92,45,38,17,94,94,80,80,80,80,56,56,56,61,89,87],"items_purged":["Defend_B","Regret"],"gold":462,"score":734,"play_id":"a0904882-2e1c-426d-a8ab-bd13a2dd0e37","local_time":"20180607200020","is_prod":false,"is_daily":false,"chose_seed":false,"is_ascension_mode":false,"campfire_upgraded":8,"win_rate":0,"timestamp":1528416020,"campfire_choices":[{"data":"Zap","floor":6.0,"key":"SMITH"},{"data":"Dualcast","floor":8.0,"key":"SMITH"},{"data":"Go for the Eyes","floor":15.0,"key":"SMITH"},{"data":"Machine Learning","floor":23.0,"key":"SMITH"},{"floor":29.0,"key":"REST"},{"floor":32.0,"key":"REST"},{"data":"Darkness","floor":40,"key":"SMITH"},{"data":"Leap","floor":42,"key":"SMITH"},{"data":"Multi-Cast","floor":44,"key":"SMITH"},{"data":"White Noise","floor":47,"key":"SMITH"},{"floor":49,"key":"REST"}],"path_taken":["M","?","?","?","M","R","?","R","T","M","?","E","$","E","R","BOSS","M","?","?","?","$","R","M","M","T","E","M","R","?","M","R","BOSS","M","?","M","M","?","R","E","R","T","R","?","M","R","M","R","BOSS"],"build_version":"2018-06-07","seed_source_timestamp":0,"purchased_purges":2,"victory":true,"master_deck":["Strike_B","Strike_B+1","Strike_B+1","Defend_B","Defend_B","Defend_B","Zap+1","Dualcast+1","Go for the Eyes+1","Doom and Gloom","Cold Snap","White Noise+1","Finesse","Machine Learning+1","Compile Driver+1","Leap+1","Leap+1","Multi-Cast+1","Double Energy+1","Darkness+1","Chill+1","Go for the Eyes+1","BootSequence+1"],"max_hp_per_floor":[75,75,75,75,75,75,75,75,85,85,85,85,85,87,87,87,87,89,91,91,91,98,98,100,102,102,104,104,104,104,104,104,104,104,104,106,106,108,94,94,94,94,94,94,94,94,94,96,96,96],"relics":["Cracked Core","Ice Cream","Pear","The Courier","Singing Bowl","Philosopher\u0027s Stone","Lee\u0027s Waffle","Gremlin Horn","Pantograph","Art of War","Velvet Choker","Torii","Cables","Meat on the Bone"],"card_choices":[{"not_picked":["Streamline","Compile Driver"],"picked":"Go for the Eyes","floor":1.0},{"not_picked":["Gash","Force Field"],"picked":"Doom and Gloom","floor":5.0},{"not_picked":["Recycle","Force Field"],"picked":"Cold Snap","floor":10.0},{"not_picked":["Skim","Heatsinks","Blizzard"],"picked":"SKIP","floor":11.0},{"not_picked":["Rip and Tear","Rebound"],"picked":"White Noise","floor":12.0},{"not_picked":["Coolheaded","Machine Learning","Conserve Battery"],"picked":"Singing Bowl","floor":14.0},{"not_picked":["Buffer","Rainbow"],"picked":"Machine Learning","floor":16.0},{"not_picked":["Streamline","Cold Snap","Hologram"],"picked":"Singing Bowl","floor":18.0},{"not_picked":["Stack+1","Go for the Eyes","Reprogram"],"picked":"Singing Bowl","floor":19.0},{"not_picked":["Rebound","Streamline"],"picked":"Compile Driver+1","floor":21.0},{"not_picked":["Steam+1","Turbo","Conserve Battery"],"picked":"Singing Bowl","floor":24.0},{"not_picked":["Go for the Eyes","Steam","Aggregate+1"],"picked":"Singing Bowl","floor":25.0},{"not_picked":["Skim","Stack","Biased Cognition"],"picked":"Singing Bowl","floor":27.0},{"not_picked":["Sweeping Beam","Beam Cell"],"picked":"Leap","floor":28.0},{"not_picked":["Chaos+1","Skim"],"picked":"Leap+1","floor":31.0},{"not_picked":["Buffer","Electrodynamics"],"picked":"Multi-Cast","floor":33},{"not_picked":["Defragment","Skim"],"picked":"Double Energy+1","floor":35},{"not_picked":["Gash","Consume+1","Redo+1"],"picked":"Singing Bowl","floor":36},{"not_picked":["Cold Snap+1","Gash+1"],"picked":"Darkness","floor":37},{"not_picked":["Sunder+1","Sweeping Beam","Static Discharge"],"picked":"Singing Bowl","floor":38},{"not_picked":["Ball Lightning+1","Cold Snap"],"picked":"Chill+1","floor":41},{"not_picked":["Loop","Creative AI"],"picked":"Go for the Eyes+1","floor":45},{"not_picked":["Static Discharge","Steam Power"],"picked":"BootSequence+1","floor":46},{"not_picked":["Darkness","Static Discharge","Sweeping Beam+1"],"picked":"Singing Bowl","floor":48}],"player_experience":264292,"potions_floor_usage":[36,45,50,50],"damage_taken":[{"damage":1.0,"enemies":"Cultist","floor":1.0,"turns":3.0},{"damage":0.0,"enemies":"2 Louse","floor":5.0,"turns":2.0},{"damage":0.0,"enemies":"Small Slimes","floor":10.0,"turns":2.0},{"damage":5.0,"enemies":"Looter","floor":11.0,"turns":3.0},{"damage":12.0,"enemies":"Lagavulin","floor":12.0,"turns":6.0},{"damage":3.0,"enemies":"Gremlin Nob","floor":14.0,"turns":3.0},{"damage":12.0,"enemies":"Hexaghost","floor":16.0,"turns":8.0},{"damage":3.0,"enemies":"Spheric Guardian","floor":18.0,"turns":3.0},{"damage":13.0,"enemies":"Chosen","floor":19.0,"turns":4.0},{"damage":22.0,"enemies":"Snake Plant","floor":21.0,"turns":3.0},{"damage":8.0,"enemies":"3 Cultists","floor":24.0,"turns":3.0},{"damage":24.0,"enemies":"Centurion and Healer","floor":25.0,"turns":5.0},{"damage":37.0,"enemies":"Slavers","floor":27.0,"turns":3.0},{"damage":22.0,"enemies":"Slaver and Parasite","floor":28.0,"turns":4.0},{"damage":0.0,"enemies":"Snecko","floor":31.0,"turns":4.0},{"damage":29,"enemies":"Collector","floor":33,"turns":10},{"damage":12,"enemies":"Flame Bruiser 1 Orb","floor":35,"turns":5},{"damage":49,"floor":36,"turns":5},{"damage":7,"enemies":"3 Shapes","floor":37,"turns":4},{"damage":30,"enemies":"Transient","floor":38,"turns":5},{"damage":14,"enemies":"Giant Head","floor":41,"turns":5},{"damage":24,"enemies":"3 Darklings","floor":45,"turns":4},{"damage":0,"enemies":"Sphere and 2 Shapes","floor":46,"turns":3},{"damage":9,"enemies":"Spire Growth","floor":48,"turns":5},{"damage":9,"enemies":"Time Eater","floor":50,"turns":6}],"relics_obtained":[{"floor":9.0,"key":"Pear"},{"floor":12.0,"key":"The Courier"},{"floor":14.0,"key":"Singing Bowl"},{"floor":26.0,"key":"Pantograph"},{"floor":27.0,"key":"Art of War"},{"floor":36,"key":"Torii"},{"floor":41,"key":"Cables"},{"floor":43,"key":"Meat on the Bone"}],"event_choices":[{"event_name":"World of Goop","player_choice":"Gather Gold","floor":3.0,"damage_taken":0.0},{"event_name":"Golden Wing","player_choice":"Card Removal","floor":4.0,"damage_taken":0.0},{"event_name":"Shining Light","player_choice":"Entered Light","floor":7.0,"damage_taken":0.0},{"event_name":"Golden Shrine","player_choice":"Desecrate","floor":20.0,"damage_taken":0.0},{"event_name":"Vampires","player_choice":"Ignored","floor":30.0,"damage_taken":0.0},{"event_name":"Mysterious Sphere","player_choice":"Fight","floor":36,"damage_taken":0},{"event_name":"The Moai Head","player_choice":"Heal","floor":39,"damage_taken":0}],"boss_relics":[{"not_picked":["Tiny House","Snecko Eye"],"picked":"Philosopher\u0027s Stone"},{"not_picked":["Astrolabe","Eternal Feather"],"picked":"Velvet Choker"}],"items_purged_floors":[],"potions_floor_spawned":[10,11,12,16,18,19,25,33,36,37,38,46,48],"seed_played":"-3468386090398498598","ascension_level":0,"potions_obtained":[{"floor":10.0,"key":"Poison Potion"},{"floor":11.0,"key":"FocusPotion"},{"floor":12.0,"key":"LiquidBronze"},{"floor":16.0,"key":"FocusPotion"},{"floor":19.0,"key":"EntropicBrew"},{"floor":25.0,"key":"LiquidBronze"},{"floor":33,"key":"FocusPotion"},{"floor":36,"key":"FocusPotion"},{"floor":37,"key":"LiquidBronze"},{"floor":38,"key":"EntropicBrew"},{"floor":46,"key":"AttackPotion"},{"floor":48,"key":"Energy Potion"}],"is_trial":false}