{"gold_per_floor":[12,26,38,38,8,8,22,36,63,83,83,99,111,111,111,215,215,234,254,353,46,61,61],"floor_reached":23,"playtime":1074,"items_purged":["Strike_B"],"score":187,"play_id":"593016ce-f979-42a9-8f1a-bcb94e554504","local_time":"20190219091235","is_ascension_mode":false,"campfire_choices":[{"data":"Redo","floor":6,"key":"SMITH"},{"floor":11,"key":"REST"},{"floor":15,"key":"REST"}],"neow_cost":"NO_GOLD","seed_source_timestamp":1871628814676,"circlet_count":0,"master_deck":["Defend_B","Defend_B","Defend_B","Defend_B","Zap","Dualcast","Heatsinks","Defragment","Redo+1","Defragment","Hologram","Stack","Double Energy","Redo","Echo Form","Redo+1","Glacier","Leap"],"relics":["Cracked Core","Bronze Scales","Eternal Feather","DataDisk"],"potions_floor_usage":[7,19,22,22,22,23,23,23],"damage_taken":[{"damage":1,"enemies":"Jaw Worm","floor":1,"turns":4},{"damage":1,"enemies":"Cultist","floor":2,"turns":3},{"damage":2,"enemies":"Small Slimes","floor":3,"turns":4},{"damage":0,"enemies":"Looter","floor":5,"turns":4},{"damage":0,"enemies":"Exordium Thugs","floor":7,"turns":5},{"damage":6,"enemies":"Blue Slaver","floor":8,"turns":4},{"damage":11,"enemies":"2 Fungi Beasts","floor":10,"turns":3},{"damage":12,"enemies":"Red Slaver","floor":12,"turns":4},{"damage":0,"enemies":"Looter","floor":13,"turns":3},{"damage":50,"enemies":"The Guardian","floor":16,"turns":10},{"damage":17,"enemies":"Chosen","floor":18,"turns":6},{"damage":17,"enemies":"3 Byrds","floor":19,"turns":3},{"damage":0,"enemies":"Centurion and Healer","floor":22,"turns":16},{"damage":67,"enemies":"Slavers","floor":23,"turns":4}],"seed_played":"-8362500708368148619","potions_obtained":[{"floor":1,"key":"Poison Potion"},{"floor":3,"key":"AttackPotion"},{"floor":4,"key":"EntropicBrew"},{"floor":4,"key":"Regen Potion"},{"floor":8,"key":"EntropicBrew"},{"floor":19,"key":"Fire Potion"}],"is_trial":false,"path_per_floor":["M","M","M","?","M","R","M","M","T","M","R","M","M","?","R","B",null,"M","M","?","$","M","E"],"character_chosen":"DEFECT","items_purchased":["DataDisk","Glacier"],"campfire_rested":2,"item_purchase_floors":[21,21],"current_hp_per_floor":[74,73,71,71,71,71,71,65,65,54,75,63,63,56,75,25,75,58,50,50,50,50,0],"gold":61,"neow_bonus":"TRANSFORM_TWO_CARDS","is_prod":false,"is_daily":false,"chose_seed":false,"campfire_upgraded":1,"win_rate":0,"timestamp":1550589155,"path_taken":["M","M","M","?","M","R","M","M","T","M","R","M","?","?","R","BOSS","M","M","?","?","M","E"],"build_version":"2019-01-23","purchased_purges":1,"victory":false,"max_hp_per_floor":[75,75,75,75,75,75,75,75,75,75,75,75,75,75,75,75,75,75,75,75,75,75,75],"card_choices":[{"not_picked":["Capacitor","Turbo"],"picked":"Redo","floor":1},{"not_picked":["Turbo","Steam"],"picked":"Defragment","floor":2},{"not_picked":["Turbo","Force Field"],"picked":"Hologram","floor":3},{"not_picked":["Loop","Cold Snap"],"picked":"Stack","floor":5},{"not_picked":["Steam","Gash","Stack"],"picked":"SKIP","floor":7},{"not_picked":["Self Repair","Barrage","Recycle"],"picked":"SKIP","floor":8},{"not_picked":["Chill","Sweeping Beam","Steam Power"],"picked":"SKIP","floor":10},{"not_picked":["Darkness","Lockon"],"picked":"Double Energy","floor":12},{"not_picked":["Sunder","Go for the Eyes"],"picked":"Redo","floor":13},{"not_picked":["Amplify","Electrodynamics"],"picked":"Echo Form","floor":16},{"not_picked":["Undo","Sweeping Beam","Self Repair"],"picked":"SKIP","floor":18},{"not_picked":["Stack","Ball Lightning"],"picked":"Redo+1","floor":19},{"not_picked":["Rebound","Doom and Gloom"],"picked":"Leap","floor":22}],"player_experience":234784,"relics_obtained":[{"floor":9,"key":"Bronze Scales"}],"event_choices":[{"damage_healed":0,"gold_gain":0,"player_choice":"Got Potions","damage_taken":0,"max_hp_gain":0,"max_hp_loss":0,"event_name":"Lab","floor":4,"gold_loss":0},{"cards_removed":["Strike_B"],"damage_healed":0,"gold_gain":0,"player_choice":"Card Removal","damage_taken":7,"max_hp_gain":0,"max_hp_loss":0,"event_name":"Golden Wing","floor":14,"gold_loss":0},{"damage_healed":0,"gold_gain":99,"player_choice":"Stole From Cult","damage_taken":0,"max_hp_gain":0,"max_hp_loss":0,"event_name":"Nest","floor":20,"gold_loss":0}],"is_beta":false,"boss_relics":[{"not_picked":["Ectoplasm","Runic Dome"],"picked":"Eternal Feather"}],"items_purged_floors":[21],"is_endless":false,"potions_floor_spawned":[1,3,8,13,18,19],"killed_by":"Slavers","ascension_level":0}