{"gold_per_floor":[114,189,204,219,219,219,234,264,339,339,196,211,226,241,241,341,341,356,371,386,210,310,310,325,340,390,390,405,420,420,420],"floor_reached":31,"playtime":1424,"items_purged":["Strike_B","Strike_B"],"score":268,"play_id":"799d2b73-c43c-42d8-b085-ca94b221061f","local_time":"20181205213233","daily_mods":["Heirloom","Uncertain Future","Binary"],"is_ascension_mode":false,"campfire_choices":[{"data":"Loop","floor":6,"key":"SMITH"},{"data":"Sunder","floor":10,"key":"SMITH"},{"data":"Capacitor","floor":15,"key":"SMITH"},{"data":"Creative AI","floor":23,"key":"SMITH"},{"floor":30,"key":"REST"}],"neow_cost":"","seed_source_timestamp":0,"circlet_count":0,"master_deck":["Strike_B","Strike_B","Defend_B","Defend_B","Defend_B","Defend_B","Zap","Dualcast","Conserve Battery","Loop+1","Sunder+1","Capacitor+1","Auto Shields","Reboot","Reinforced Body+1","Creative AI+1"],"special_seed":17870,"relics":["Cracked Core","Gambling Chip","Kunai","Dodecahedron","Symbiotic Virus","Nuclear Battery","Happy Flower","MutagenicStrength"],"potions_floor_usage":[8,28,28,31,31],"damage_taken":[{"damage":0,"enemies":"2 Louse","floor":1,"turns":4},{"damage":0,"enemies":"Small Slimes","floor":3,"turns":4},{"damage":4,"enemies":"Jaw Worm","floor":4,"turns":3},{"damage":3,"enemies":"3 Louse","floor":7,"turns":5},{"damage":1,"enemies":"Gremlin Nob","floor":8,"turns":3},{"damage":0,"enemies":"Gremlin Gang","floor":12,"turns":4},{"damage":11,"enemies":"Blue Slaver","floor":13,"turns":5},{"damage":2,"enemies":"3 Louse","floor":14,"turns":4},{"damage":24,"enemies":"Hexaghost","floor":16,"turns":11},{"damage":7,"enemies":"Chosen","floor":18,"turns":5},{"damage":11,"enemies":"Spheric Guardian","floor":19,"turns":4},{"damage":0,"enemies":"Snecko","floor":20,"turns":7},{"damage":22,"enemies":"Sentry and Sphere","floor":24,"turns":6},{"damage":28,"enemies":"3 Cultists","floor":25,"turns":7},{"damage":6,"enemies":"Snake Plant","floor":28,"turns":4},{"damage":0,"enemies":"Snecko","floor":29,"turns":5},{"damage":24,"enemies":"Gremlin Leader","floor":31,"turns":5}],"seed_played":"6234403270390555822","potions_obtained":[{"floor":3,"key":"AttackPotion"},{"floor":8,"key":"Poison Potion"},{"floor":14,"key":"Ancient Potion"},{"floor":16,"key":"Weak Potion"},{"floor":28,"key":"Strength Potion"},{"floor":29,"key":"Explosive Potion"}],"is_trial":false,"path_per_floor":["M","?","M","M","?","R","M","E","T","R","$","M","M","M","R","B",null,"M","M","M","$","?","R","M","M","T","?","M","M","R","E"],"character_chosen":"DEFECT","items_purchased":["Capacitor","Creative AI"],"campfire_rested":1,"item_purchase_floors":[11,21],"current_hp_per_floor":[75,64,64,60,57,57,54,53,53,53,53,53,42,40,40,16,75,68,57,57,57,57,57,35,7,7,7,1,1,23,0],"gold":420,"neow_bonus":"","is_prod":false,"is_daily":true,"chose_seed":false,"campfire_upgraded":4,"win_rate":0,"timestamp":1544041953,"path_taken":["M","?","M","M","?","R","M","E","T","R","$","?","M","M","R","BOSS","M","M","M","$","?","R","?","M","T","?","M","M","R","E"],"build_version":"2018-11-15","purchased_purges":2,"victory":false,"max_hp_per_floor":[75,75,75,75,75,75,75,75,75,75,75,75,75,75,75,75,75,75,75,75,75,75,75,75,75,75,75,75,75,75,75],"card_choices":[{"not_picked":["Go for the Eyes"],"picked":"Conserve Battery","floor":1},{"not_picked":["Streamline"],"picked":"Loop","floor":3},{"not_picked":["Sweeping Beam","Ball Lightning"],"picked":"SKIP","floor":4},{"not_picked":["Streamline"],"picked":"Sunder","floor":7},{"not_picked":["Fusion","Turbo"],"picked":"SKIP","floor":8},{"not_picked":["Beam Cell","All For One"],"picked":"SKIP","floor":12},{"not_picked":["Glacier"],"picked":"Auto Shields","floor":13},{"not_picked":["Conserve Battery","Go for the Eyes"],"picked":"SKIP","floor":14},{"not_picked":["Thunder Strike"],"picked":"Reboot","floor":16},{"not_picked":["Barrage","Turbo"],"picked":"SKIP","floor":18},{"not_picked":["Darkness"],"picked":"Reinforced Body+1","floor":19},{"not_picked":["Go for the Eyes","Reinforced Body"],"picked":"SKIP","floor":20},{"not_picked":["Chaos","Chill"],"picked":"SKIP","floor":24},{"not_picked":["Barrage+1","Leap+1"],"picked":"SKIP","floor":25},{"not_picked":["Leap","Rainbow"],"picked":"SKIP","floor":28},{"not_picked":["Gash","Hologram"],"picked":"SKIP","floor":29}],"player_experience":566962,"relics_obtained":[{"floor":8,"key":"Dodecahedron"},{"floor":9,"key":"Symbiotic Virus"},{"floor":26,"key":"Happy Flower"}],"event_choices":[{"damage_healed":0,"gold_gain":75,"player_choice":"Gather Gold","damage_taken":11,"max_hp_gain":0,"max_hp_loss":0,"event_name":"World of Goop","floor":2,"gold_loss":0},{"damage_healed":0,"gold_gain":0,"player_choice":"Success","damage_taken":3,"relics_obtained":["Kunai"],"max_hp_gain":0,"max_hp_loss":0,"event_name":"Scrap Ooze","floor":5,"gold_loss":0},{"damage_healed":0,"gold_gain":100,"player_choice":"Pray","damage_taken":0,"max_hp_gain":0,"max_hp_loss":0,"event_name":"Golden Shrine","floor":22,"gold_loss":0},{"damage_healed":0,"gold_gain":0,"player_choice":"Inject Mutagens","damage_taken":0,"relics_obtained":["MutagenicStrength"],"max_hp_gain":0,"max_hp_loss":0,"event_name":"Drug Dealer","floor":27,"gold_loss":0}],"is_beta":false,"boss_relics":[{"not_picked":["Runic Dome","Coffee Dripper"],"picked":"Nuclear Battery"}],"items_purged_floors":[11,21],"is_endless":false,"potions_floor_spawned":[3,8,14,16,24,28,29],"killed_by":"Gremlin Leader","ascension_level":0}