{"gold_per_floor":[109,129,204,224,236,236,236,263,263,278,278,278,278,290,290,392,392,409,409,424,444,444,444,454,454,503,503,515,11,11,23,23,118,118,131,147,47,57,73,73,73,73,73,90,90,122,122,137,137,137],"floor_reached":50,"playtime":3168,"items_purged":["Strike_G","Strike_G"],"score":500,"play_id":"16aa0dc1-2225-4b91-b3e7-0ac21f46aa44","local_time":"20190218132302","is_ascension_mode":true,"campfire_choices":[{"data":"Accuracy","floor":6,"key":"SMITH"},{"floor":11,"key":"REST"},{"data":"Terror","floor":13,"key":"SMITH"},{"floor":15,"key":"REST"},{"floor":23,"key":"REST"},{"data":"Cloak And Dagger","floor":25,"key":"SMITH"},{"data":"Cloak And Dagger","floor":27,"key":"SMITH"},{"data":"Footwork","floor":32,"key":"SMITH"},{"data":"A Thousand Cuts","floor":40,"key":"SMITH"},{"data":"Infinite Blades","floor":42,"key":"SMITH"},{"floor":47,"key":"REST"},{"data":"Infinite Blades","floor":49,"key":"SMITH"}],"neow_cost":"TEN_PERCENT_HP_LOSS","seed_source_timestamp":8885124280511,"circlet_count":0,"master_deck":["Defend_G","Defend_G","Defend_G","Defend_G","Defend_G","Strike_G","Strike_G","Strike_G","Survivor","Neutralize","Malaise","Cloak And Dagger+1","Terror+1","Accuracy+1","Cloak And Dagger+1","Deflect","Choke","Flying Knee","Storm of Steel","Backflip+1","Footwork+1","Infinite Blades+1","Infinite Blades+1","A Thousand Cuts+1","Prepared+1","Infinite Blades+1"],"relics":["Ring of the Snake","Letter Opener","Bottled Lightning","Darkstone Periapt","Eternal Feather","Anchor","Pear","ClockworkSouvenir","MutagenicStrength","Sozu","Gremlin Horn","Blood Vial"],"potions_floor_usage":[8,24,24,28,33],"damage_taken":[{"damage":0,"enemies":"Cultist","floor":1,"turns":5},{"damage":2,"enemies":"Small Slimes","floor":2,"turns":4},{"damage":1,"enemies":"Jaw Worm","floor":4,"turns":6},{"damage":1,"enemies":"Exordium Wildlife","floor":5,"turns":4},{"damage":12,"enemies":"3 Sentries","floor":8,"turns":6},{"damage":0,"enemies":"Blue Slaver","floor":10,"turns":4},{"damage":0,"enemies":"3 Louse","floor":14,"turns":2},{"damage":25,"enemies":"The Guardian","floor":16,"turns":12},{"damage":17,"enemies":"2 Thieves","floor":18,"turns":5},{"damage":10,"enemies":"Shell Parasite","floor":20,"turns":6},{"damage":12,"enemies":"Snake Plant","floor":21,"turns":6},{"damage":2,"enemies":"Centurion and Healer","floor":24,"turns":6},{"damage":19,"enemies":"Snecko","floor":28,"turns":5},{"damage":0,"enemies":"Cultist and Chosen","floor":31,"turns":5},{"damage":34,"enemies":"Collector","floor":33,"turns":10},{"damage":1,"enemies":"Orb Walker","floor":35,"turns":3},{"damage":0,"enemies":"3 Shapes","floor":36,"turns":2},{"damage":0,"enemies":"Spire Growth","floor":38,"turns":3},{"damage":18,"enemies":"Sphere and 2 Shapes","floor":39,"turns":6},{"damage":0,"enemies":"4 Shapes","floor":44,"turns":4},{"damage":26,"enemies":"Giant Head","floor":46,"turns":7},{"damage":4,"enemies":"3 Darklings","floor":48,"turns":4},{"damage":84,"enemies":"Time Eater","floor":50,"turns":9}],"seed_played":"-5339601649899756522","potions_obtained":[{"floor":1,"key":"AttackPotion"},{"floor":10,"key":"GamblersBrew"},{"floor":20,"key":"Energy Potion"},{"floor":21,"key":"Poison Potion"},{"floor":31,"key":"PowerPotion"},{"floor":33,"key":"SneckoOil"}],"is_trial":false,"path_per_floor":["M","M","?","M","M","R","?","E","T","M","R","?","R","M","R","B",null,"M","?","M","M","?","R","M","R","T","R","M","$","?","M","R","B",null,"M","M","$","M","M","R","?","R","T","M","?","E","R","M","R","B"],"character_chosen":"THE_SILENT","items_purchased":["Pear","ClockworkSouvenir"],"campfire_rested":4,"item_purchase_floors":[29,29],"current_hp_per_floor":[63,61,50,49,48,48,41,29,29,29,47,47,47,47,63,38,63,46,46,36,24,45,63,61,63,63,63,44,54,54,54,66,32,73,72,72,72,72,54,69,69,73,73,73,73,47,73,69,73,0],"gold":137,"neow_bonus":"THREE_RARE_CARDS","is_prod":false,"is_daily":false,"chose_seed":false,"campfire_upgraded":8,"win_rate":0,"timestamp":1550517782,"path_taken":["M","M","?","M","M","R","?","E","T","M","R","?","R","M","R","BOSS","M","?","M","M","?","R","M","R","T","R","M","$","?","M","R","BOSS","M","M","$","M","M","R","?","R","T","M","?","E","R","M","R","BOSS"],"build_version":"2019-01-23","purchased_purges":2,"victory":false,"max_hp_per_floor":[63,63,63,63,63,63,63,63,63,63,63,63,63,63,63,63,63,63,63,63,63,63,63,63,63,63,63,63,73,73,73,73,73,73,73,73,73,73,73,73,73,73,73,73,73,73,73,73,73,73],"card_choices":[{"not_picked":["Burst","Doppelganger"],"picked":"Malaise","floor":0},{"not_picked":["Predator","Slice"],"picked":"Cloak And Dagger","floor":1},{"not_picked":["Dash","Acrobatics"],"picked":"Terror","floor":2},{"not_picked":["Slice","Calculated Gamble"],"picked":"Accuracy","floor":4},{"not_picked":["Sucker Punch","Quick Slash"],"picked":"Cloak And Dagger","floor":5},{"not_picked":["Escape Plan","Backflip"],"picked":"Deflect","floor":8},{"not_picked":["Slice","Caltrops"],"picked":"Choke","floor":10},{"not_picked":["Setup","Catalyst"],"picked":"Flying Knee","floor":14},{"not_picked":["Venomology","Die Die Die"],"picked":"Storm of Steel","floor":16},{"not_picked":["PiercingWail+1","Endless Agony"],"picked":"Backflip+1","floor":18},{"not_picked":["Well Laid Plans","Quick Slash+1"],"picked":"Footwork","floor":20},{"not_picked":["Catalyst+1","Dagger Throw","Prepared"],"picked":"SKIP","floor":21},{"not_picked":["Deflect","Poisoned Stab+1"],"picked":"Infinite Blades+1","floor":24},{"not_picked":["Bane","Dagger Spray"],"picked":"Infinite Blades","floor":28},{"not_picked":["Dodge and Roll","Sucker Punch+1","Tactician+1"],"picked":"SKIP","floor":31},{"not_picked":["Tools of the Trade","Malaise"],"picked":"A Thousand Cuts","floor":33},{"not_picked":["Dagger Spray","Slice","Bane"],"picked":"SKIP","floor":35},{"not_picked":["Tactician","Poisoned Stab","Dagger Spray"],"picked":"SKIP","floor":36},{"not_picked":["Poisoned Stab+1","Predator+1"],"picked":"Prepared+1","floor":38},{"not_picked":["Expertise","Skewer+1","Acrobatics+1"],"picked":"SKIP","floor":39},{"not_picked":["Underhanded Strike+1","Acrobatics+1"],"picked":"Infinite Blades","floor":44},{"not_picked":["Tools of the Trade","Die Die Die","Underhanded Strike"],"picked":"SKIP","floor":46},{"not_picked":["Calculated Gamble","Terror+1","Sucker Punch+1"],"picked":"SKIP","floor":48}],"player_experience":201759,"relics_obtained":[{"floor":8,"key":"Bottled Lightning"},{"floor":9,"key":"Darkstone Periapt"},{"floor":26,"key":"Anchor"},{"floor":43,"key":"Gremlin Horn"},{"floor":46,"key":"Blood Vial"}],"event_choices":[{"damage_healed":0,"gold_gain":75,"player_choice":"Gather Gold","damage_taken":11,"max_hp_gain":0,"max_hp_loss":0,"event_name":"World of Goop","floor":3,"gold_loss":0},{"damage_healed":0,"gold_gain":0,"player_choice":"Success","damage_taken":7,"relics_obtained":["Letter Opener"],"max_hp_gain":0,"max_hp_loss":0,"event_name":"Scrap Ooze","floor":7,"gold_loss":0},{"damage_healed":0,"gold_gain":0,"player_choice":"Ignored","damage_taken":0,"max_hp_gain":0,"max_hp_loss":0,"event_name":"Liars Game","floor":12,"gold_loss":0},{"damage_healed":0,"gold_gain":0,"player_choice":"Ignored","damage_taken":0,"max_hp_gain":0,"max_hp_loss":0,"event_name":"Vampires","floor":19,"gold_loss":0},{"damage_healed":21,"gold_gain":0,"player_choice":"Heal","damage_taken":0,"max_hp_gain":0,"max_hp_loss":0,"event_name":"The Library","floor":22,"gold_loss":0},{"damage_healed":0,"gold_gain":0,"player_choice":"Inject Mutagens","damage_taken":0,"relics_obtained":["MutagenicStrength"],"max_hp_gain":0,"max_hp_loss":0,"event_name":"Drug Dealer","floor":30,"gold_loss":0},{"damage_healed":0,"gold_gain":0,"player_choice":"Ignored","damage_taken":0,"max_hp_gain":0,"max_hp_loss":0,"event_name":"Mysterious Sphere","floor":41,"gold_loss":0},{"damage_healed":0,"gold_gain":0,"player_choice":"Memory 1","damage_taken":0,"max_hp_gain":0,"max_hp_loss":0,"event_name":"SensoryStone","floor":45,"gold_loss":0}],"is_beta":false,"boss_relics":[{"not_picked":["Busted Crown","Black Star"],"picked":"Eternal Feather"},{"not_picked":["Runic Dome","Calling Bell"],"picked":"Sozu"}],"items_purged_floors":[29,37],"is_endless":false,"potions_floor_spawned":[1,10,20,21,31,33,36,46,48],"killed_by":"Time Eater","ascension_level":1}