{"gold_per_floor":[118,132,142,154,79,79,94,94,167,167,182,208,221,188,188,290,290,303,228,19,34,47,47,80,80,80,80,80,100,100],"floor_reached":30,"playtime":1409,"items_purged":["Strike_R"],"score":302,"play_id":"8f9daffa-3132-4cda-9b30-46efc3b84128","local_time":"20180803154951","is_ascension_mode":true,"campfire_choices":[{"data":"Battle Trance","floor":6,"key":"SMITH"},{"data":"Spot Weakness","floor":8,"key":"SMITH"},{"data":"Shrug It Off","floor":10,"key":"SMITH"},{"data":"Rampage","floor":15,"key":"SMITH"},{"data":"True Grit","floor":23,"key":"SMITH"},{"floor":25,"key":"REST"},{"data":"Demon Form","floor":28,"key":"SMITH"}],"neow_cost":"NONE","seed_source_timestamp":155810093807443,"circlet_count":0,"master_deck":["Strike_R","Strike_R","Defend_R","Defend_R","Defend_R","Defend_R","Bash","Headbutt","Shrug It Off+1","Battle Trance+1","Spot Weakness+1","Rampage+1","Whirlwind","Demon Form+1","Shrug It Off","Iron Wave","True Grit+1","Rampage+1"],"relics":["Burning Blood","Bottled Flame","Magic Flower","Mark of Pain","Sling","Pen Nib","Bag of Marbles"],"potions_floor_usage":[18,22,22,24],"damage_taken":[{"damage":4,"enemies":"Cultist","floor":1,"turns":5},{"damage":2,"enemies":"Jaw Worm","floor":2,"turns":5},{"damage":0,"enemies":"Small Slimes","floor":3,"turns":3},{"damage":8,"enemies":"3 Louse","floor":4,"turns":4},{"damage":14,"enemies":"Large Slime","floor":7,"turns":9},{"damage":8,"enemies":"Blue Slaver","floor":11,"turns":3},{"damage":31,"enemies":"Gremlin Nob","floor":12,"turns":4},{"damage":11,"enemies":"2 Fungi Beasts","floor":13,"turns":4},{"damage":22,"enemies":"Slime Boss","floor":16,"turns":8},{"damage":0,"enemies":"Spheric Guardian","floor":18,"turns":3},{"damage":23,"enemies":"3 Byrds","floor":21,"turns":5},{"damage":39,"enemies":"Sentry and Sphere","floor":22,"turns":8},{"damage":30,"enemies":"Gremlin Leader","floor":24,"turns":4},{"damage":9,"enemies":"3 Cultists","floor":29,"turns":6},{"damage":46,"enemies":"Slavers","floor":30,"turns":4}],"seed_played":"7936563413603272046","potions_obtained":[{"floor":1,"key":"Weak Potion"},{"floor":3,"key":"Ancient Potion"},{"floor":7,"key":"Energy Potion"},{"floor":12,"key":"SkillPotion"},{"floor":16,"key":"Energy Potion"},{"floor":18,"key":"PowerPotion"}],"is_trial":false,"path_per_floor":["M","M","M","M","$","R","M","R","T","R","M","E","M","?","R","B",null,"M","?","$","M","M","R","E","R","T","?","R","M"],"character_chosen":"IRONCLAD","items_purchased":["Sling"],"campfire_rested":1,"item_purchase_floors":[20],"current_hp_per_floor":[80,80,80,78,78,78,70,70,70,70,68,43,41,41,41,28,80,80,80,80,66,36,36,15,39,39,39,39,39,0],"gold":100,"neow_bonus":"REMOVE_CARD","is_prod":false,"is_daily":false,"chose_seed":false,"campfire_upgraded":6,"win_rate":0,"timestamp":1533304191,"path_taken":["M","M","?","?","$","R","M","R","T","R","M","E","M","?","R","BOSS","M","?","$","M","M","R","E","R","T","?","R","M","E"],"build_version":"2018-08-02","purchased_purges":1,"victory":false,"max_hp_per_floor":[80,80,80,80,80,80,80,80,80,80,80,80,80,80,80,80,80,80,80,80,80,80,80,80,80,80,80,80,80,80],"card_choices":[{"not_picked":["Pummel","Hemokinesis"],"picked":"Headbutt","floor":1},{"not_picked":["Twin Strike","Flex","Corruption"],"picked":"SKIP","floor":2},{"not_picked":["Power Through","Headbutt"],"picked":"Shrug It Off","floor":3},{"not_picked":["Anger","Entrench"],"picked":"Battle Trance","floor":4},{"not_picked":["Perfected Strike","Burning Pact"],"picked":"Spot Weakness","floor":7},{"not_picked":["Flex","Thunderclap"],"picked":"Rampage","floor":11},{"not_picked":["Twin Strike","Immolate","Spot Weakness"],"picked":"SKIP","floor":12},{"not_picked":["Rupture","Shrug It Off"],"picked":"Whirlwind","floor":13},{"not_picked":["Reaper","Dark Embrace"],"picked":"Demon Form","floor":16},{"not_picked":["Thunderclap","Clothesline"],"picked":"Shrug It Off","floor":18},{"not_picked":["Rupture+1","Sentinel+1"],"picked":"Iron Wave","floor":21},{"not_picked":["Infernal Blade","Metallicize"],"picked":"True Grit","floor":22},{"not_picked":["Clash+1","Feel No Pain","Inflame"],"picked":"SKIP","floor":24},{"not_picked":["Burning Pact","Bloodletting"],"picked":"Rampage+1","floor":29}],"player_experience":479907,"relics_obtained":[{"floor":9,"key":"Bottled Flame"},{"floor":12,"key":"Magic Flower"},{"floor":24,"key":"Pen Nib"},{"floor":26,"key":"Bag of Marbles"}],"event_choices":[{"event_name":"World of Goop","player_choice":"Left","floor":14,"damage_taken":0},{"event_name":"Beggar","player_choice":"Gave Gold","floor":19,"damage_taken":0},{"event_name":"Drug Dealer","player_choice":"Ignored","floor":27,"damage_taken":0}],"is_beta":false,"boss_relics":[{"not_picked":["Black Star","Runic Cube"],"picked":"Mark of Pain"}],"items_purged_floors":[5],"is_endless":false,"potions_floor_spawned":[1,3,7,12,16,18,21],"killed_by":"Slavers","ascension_level":4}