{"gold_per_floor":[113,38,113,133,133,133,150,180,180,198,198,226,226],"floor_reached":13,"playtime":434,"items_purged":["Pain"],"score":153,"play_id":"5b679c99-b691-4958-a827-49826b12fcc7","local_time":"20190208141029","is_ascension_mode":true,"campfire_choices":[{"data":"Neutralize","floor":6,"key":"SMITH"},{"floor":11,"key":"REST"}],"neow_cost":"CURSE","seed_source_timestamp":194003907983400,"circlet_count":0,"master_deck":["AscendersBane","Defend_G","Defend_G","Defend_G","Defend_G","Defend_G","Strike_G","Strike_G","Strike_G","Strike_G","Strike_G","Survivor","Neutralize+1","Good Instincts","Swift Strike","Dodge and Roll","Poisoned Stab","Footwork","Poisoned Stab","Noxious Fumes","Well Laid Plans"],"relics":["Ring of the Snake","Bottled Flame","Omamori","Regal Pillow"],"potions_floor_usage":[12],"damage_taken":[{"damage":4,"enemies":"Jaw Worm","floor":1,"turns":4},{"damage":1,"enemies":"2 Louse","floor":4,"turns":4},{"damage":0,"enemies":"Cultist","floor":7,"turns":4},{"damage":28,"enemies":"Lagavulin","floor":8,"turns":12},{"damage":5,"enemies":"Blue Slaver","floor":10,"turns":5},{"damage":27,"enemies":"Gremlin Nob","floor":12,"turns":5},{"damage":10,"enemies":"Lots of Slimes","floor":13,"turns":2}],"seed_played":"-5878676047947083760","potions_obtained":[{"floor":7,"key":"SneckoOil"},{"floor":8,"key":"Energy Potion"},{"floor":10,"key":"EssenceOfSteel"}],"is_trial":false,"path_per_floor":["M","$","?","M","$","R","M","E","T","M","R","E","M"],"character_chosen":"THE_SILENT","items_purchased":[],"campfire_rested":1,"item_purchase_floors":[],"current_hp_per_floor":[59,59,48,47,47,47,47,19,19,14,35,8,0],"gold":226,"neow_bonus":"RANDOM_COLORLESS_2","is_prod":false,"is_daily":false,"chose_seed":false,"campfire_upgraded":1,"win_rate":0,"timestamp":1549631429,"path_taken":["M","$","?","M","?","R","M","E","T","M","R","E","M"],"build_version":"2019-01-23","purchased_purges":1,"victory":false,"max_hp_per_floor":[70,70,70,70,70,70,70,70,70,70,70,70,70],"card_choices":[{"not_picked":["Acrobatics","Distraction"],"picked":"Dodge and Roll","floor":1},{"not_picked":["Blade Dance","Deadly Poison"],"picked":"Poisoned Stab","floor":4},{"not_picked":["Setup","Acrobatics"],"picked":"Footwork","floor":7},{"not_picked":["Blur","Prepared"],"picked":"Poisoned Stab","floor":8},{"not_picked":["Backstab","Blur"],"picked":"Noxious Fumes","floor":10},{"not_picked":["Dagger Throw","Crippling Poison"],"picked":"Well Laid Plans","floor":12}],"player_experience":476947,"relics_obtained":[{"floor":8,"key":"Bottled Flame"},{"floor":9,"key":"Omamori"},{"floor":12,"key":"Regal Pillow"}],"event_choices":[{"damage_healed":0,"gold_gain":75,"player_choice":"Gather Gold","damage_taken":11,"max_hp_gain":0,"max_hp_loss":0,"event_name":"World of Goop","floor":3,"gold_loss":0}],"is_beta":false,"boss_relics":[],"items_purged_floors":[2],"is_endless":false,"potions_floor_spawned":[7,8,10],"killed_by":"Lots of Slimes","ascension_level":13}