{"gold_per_floor":[365,385,400,419,419,753,773,773,773,807,807,823,201,214,214,319,319,329,329,342,357,357],"floor_reached":22,"playtime":1204,"items_purged":["Defend_G"],"score":210,"play_id":"f0dfce0f-54dd-4ab4-9038-aa132d6715cf","local_time":"20190217192148","is_ascension_mode":true,"campfire_choices":[{"floor":8,"key":"REST"},{"floor":15,"key":"REST"}],"neow_cost":"TEN_PERCENT_HP_LOSS","seed_source_timestamp":28914057450925,"circlet_count":0,"master_deck":["Defend_G","Defend_G","Defend_G","Defend_G","Strike_G","Strike_G","Strike_G","Strike_G","Strike_G","Survivor","Neutralize","Flying Knee","Poisoned Stab","Dash+1","Well Laid Plans","Blade Dance","PiercingWail","Caltrops+1","Deflect","Caltrops+1","Blur","Doppelganger","Deflect","Neutralize","Reflex+1","Terror+1"],"relics":["Ring of the Snake","Old Coin","Frozen Egg 2","Singing Bowl","Oddly Smooth Stone","Omamori","DollysMirror","Philosopher\u0027s Stone"],"potions_floor_usage":[7,16,16,16,21],"damage_taken":[{"damage":0,"enemies":"Small Slimes","floor":1,"turns":5},{"damage":0,"enemies":"Cultist","floor":2,"turns":5},{"damage":1,"enemies":"2 Louse","floor":3,"turns":3},{"damage":10,"enemies":"Red Slaver","floor":4,"turns":5},{"damage":26,"enemies":"Gremlin Nob","floor":6,"turns":5},{"damage":12,"enemies":"Exordium Thugs","floor":7,"turns":6},{"damage":17,"enemies":"3 Sentries","floor":10,"turns":11},{"damage":5,"enemies":"Large Slime","floor":12,"turns":7},{"damage":0,"enemies":"Exordium Wildlife","floor":14,"turns":3},{"damage":8,"enemies":"The Guardian","floor":16,"turns":10},{"damage":11,"enemies":"Chosen","floor":18,"turns":5},{"damage":23,"enemies":"Spheric Guardian","floor":20,"turns":5},{"damage":0,"enemies":"Snake Plant","floor":21,"turns":5},{"damage":39,"enemies":"Cultist and Chosen","floor":22,"turns":6}],"seed_played":"-7860466159525845379","potions_obtained":[{"floor":1,"key":"LiquidBronze"},{"floor":4,"key":"PowerPotion"},{"floor":10,"key":"Block Potion"},{"floor":12,"key":"SpeedPotion"},{"floor":20,"key":"EssenceOfSteel"}],"is_trial":false,"path_per_floor":["M","M","M","M","?","E","M","R","T","E","?","M","$","M","R","B",null,"M","?","M","M","M"],"character_chosen":"THE_SILENT","items_purchased":["Deflect","Oddly Smooth Stone","Omamori","DollysMirror"],"campfire_rested":2,"item_purchase_floors":[13,13,13,13],"current_hp_per_floor":[63,63,62,52,52,26,14,32,32,15,15,12,12,12,31,23,65,54,54,31,31,0],"gold":357,"neow_bonus":"TWO_FIFTY_GOLD","is_prod":false,"is_daily":false,"chose_seed":false,"campfire_upgraded":0,"win_rate":0,"timestamp":1550452908,"path_taken":["M","M","M","M","?","E","M","R","T","E","?","M","$","?","R","BOSS","M","?","M","?","M"],"build_version":"2019-01-23","purchased_purges":1,"victory":false,"max_hp_per_floor":[63,63,63,63,63,63,63,63,63,63,63,65,65,65,65,65,65,65,65,65,65,65],"card_choices":[{"not_picked":["Eviscerate","Backflip"],"picked":"Flying Knee","floor":1},{"not_picked":["Dodge and Roll","Noxious Fumes"],"picked":"Poisoned Stab","floor":2},{"not_picked":["Acrobatics","Predator"],"picked":"Dash","floor":3},{"not_picked":["Underhanded Strike","Poisoned Stab"],"picked":"Well Laid Plans","floor":4},{"not_picked":["Outmaneuver","Eviscerate"],"picked":"Blade Dance","floor":6},{"not_picked":["Deadly Poison","Dagger Throw"],"picked":"PiercingWail","floor":7},{"not_picked":["Heel Hook","Dodge and Roll"],"picked":"Caltrops+1","floor":10},{"not_picked":["Quick Slash","Backflip","Dodge and Roll"],"picked":"Singing Bowl","floor":12},{"not_picked":["PiercingWail","Underhanded Strike"],"picked":"Blur","floor":14},{"not_picked":["Burst","Grand Finale"],"picked":"Doppelganger","floor":16},{"not_picked":["Calculated Gamble","Concentrate"],"picked":"Deflect","floor":18},{"not_picked":["Backflip","Dagger Throw"],"picked":"Reflex+1","floor":20},{"not_picked":["Underhanded Strike+1","Acrobatics"],"picked":"Terror+1","floor":21}],"player_experience":194771,"relics_obtained":[{"floor":6,"key":"Old Coin"},{"floor":9,"key":"Frozen Egg 2"},{"floor":10,"key":"Singing Bowl"}],"event_choices":[{"damage_healed":0,"gold_gain":0,"player_choice":"Ignored","damage_taken":0,"max_hp_gain":0,"max_hp_loss":0,"event_name":"Liars Game","floor":5,"gold_loss":0},{"damage_healed":0,"gold_gain":0,"player_choice":"Upgraded","damage_taken":0,"max_hp_gain":0,"max_hp_loss":0,"event_name":"Upgrade Shrine","floor":11,"gold_loss":0,"cards_upgraded":["Dash"]},{"damage_healed":0,"gold_gain":0,"player_choice":"1 cards matched","damage_taken":0,"max_hp_gain":0,"max_hp_loss":0,"event_name":"Match and Keep!","floor":19,"gold_loss":0,"cards_obtained":["Neutralize"]}],"is_beta":false,"boss_relics":[{"not_picked":["Snecko Eye","Black Star"],"picked":"Philosopher\u0027s Stone"}],"items_purged_floors":[13],"is_endless":false,"potions_floor_spawned":[1,4,10,12,20],"killed_by":"Cultist and Chosen","ascension_level":1}