{"path_per_floor":["M","M","$","M","M","R","E","R","T","M","?","M","M","T","R","B",null,"M","M","?","$","M","E","M","?","T","R","M","M","R","?","R","B",null,"M","?","M","M","M","E","T","?","T","$","R","M","R","M","R","B"],"character_chosen":"IRONCLAD","items_purchased":["Thunderclap","Mummified Hand","Flash of Steel"],"gold_per_floor":[114,129,54,69,84,84,114,114,139,154,104,119,134,134,134,234,234,249,264,179,32,47,77,92,92,117,117,132,147,147,147,147,247,247,262,262,277,292,307,337,337,437,462,83,83,98,98,113,113,113],"floor_reached":51,"campfire_rested":0,"playtime":2889,"current_hp_per_floor":[83,84,84,89,90,90,97,97,97,102,102,105,111,111,111,89,111,114,117,117,117,108,103,104,104,104,104,105,80,80,123,123,67,129,128,128,129,129,128,128,128,128,128,128,128,130,130,132,132,64],"items_purged":["Barricade","Limit Break","Reaper"],"gold":113,"score":803,"play_id":"b4d8b925-3b12-4928-ae01-33599a315e8f","local_time":"20180416094655","daily_mods":["Shiny","Time Dilation","Uncertain Future"],"is_prod":false,"is_daily":true,"chose_seed":false,"is_ascension_mode":false,"campfire_upgraded":9,"timestamp":1523886415,"path_taken":["M","M","$","M","M","R","E","R","T","M","?","?","M","?","R","BOSS","M","M","?","$","M","E","M","?","T","R","M","M","R","?","R","BOSS","M","?","M","M","M","E","?","?","T","$","R","M","R","M","R","BOSS"],"build_version":"2018-04-12","seed_source_timestamp":0,"purchased_purges":3,"victory":true,"master_deck":["Double Tap","Berserk+1","Bludgeon+1","Impervious","Feed","Brutality+1","Exhume+1","Offering+1","Fiend Fire","Dark Embrace+1","Immolate","Battle Trance+1","Warcry+1","Warcry+1","Thunderclap+1","Warcry+1","Brutality+1","Dropkick+1","Flash of Steel+1","Warcry+1"],"max_hp_per_floor":[83,86,86,89,92,92,99,99,99,102,102,105,111,111,111,111,111,114,117,117,117,120,120,123,123,123,123,126,129,129,129,129,129,129,129,129,129,129,132,132,132,132,132,132,132,132,132,132,132,132],"relics":["Burning Blood","Strawberry","Oddly Smooth Stone","Mercury Hourglass","Black Star","Molten Egg 2","Frozen Egg 2","Bottled Lightning","Juzu Bracelet","Mark of Pain","Ancient Tea Set","Bag of Marbles","The Courier","Anchor","Mummified Hand"],"card_choices":[{"not_picked":["Flame Barrier","Reckless Charge"],"picked":"Battle Trance","floor":1},{"not_picked":["Searing Blow","Reckless Charge"],"picked":"Warcry","floor":5},{"not_picked":["Uppercut","Carnage"],"picked":"Warcry","floor":10},{"not_picked":["Armaments","Body Slam"],"picked":"Warcry","floor":24},{"not_picked":["Juggernaut","Berserk"],"picked":"Brutality","floor":33},{"not_picked":["Second Wind","Fiend Fire"],"picked":"Dropkick","floor":40},{"not_picked":["Clothesline","Anger"],"picked":"Warcry","floor":48}],"player_experience":179521,"potions_floor_usage":[4,18,22,33,33,40,50,50],"damage_taken":[{"damage":4,"enemies":"Cultist","floor":1,"turns":2},{"damage":8,"enemies":"Small Slimes","floor":2,"turns":1},{"damage":0,"enemies":"Jaw Worm","floor":4,"turns":1},{"damage":8,"enemies":"2 Fungi Beasts","floor":5,"turns":1},{"damage":12,"enemies":"3 Sentries","floor":7,"turns":4},{"damage":4,"enemies":"Looter","floor":10,"turns":2},{"damage":4,"enemies":"Blue Slaver","floor":12,"turns":1},{"damage":4,"enemies":"3 Louse","floor":13,"turns":1},{"damage":28,"enemies":"The Guardian","floor":16,"turns":4},{"damage":4,"enemies":"Spheric Guardian","floor":18,"turns":1},{"damage":4,"enemies":"Shell Parasite","floor":19,"turns":1},{"damage":18,"enemies":"Centurion and Healer","floor":22,"turns":3},{"damage":20,"enemies":"Book of Stabbing","floor":23,"turns":2},{"damage":8,"enemies":"Chosen and Byrds","floor":24,"turns":1},{"damage":8,"enemies":"Snake Plant","floor":28,"turns":1},{"damage":34,"enemies":"Slaver and Parasite","floor":29,"turns":3},{"damage":68,"enemies":"Automaton","floor":33,"turns":8},{"damage":7,"enemies":"3 Shapes","floor":35,"turns":1},{"damage":4,"enemies":"Orb Walker","floor":37,"turns":1},{"damage":4,"enemies":"3 Darklings","floor":38,"turns":1},{"damage":10,"enemies":"Maw","floor":39,"turns":2},{"damage":6,"enemies":"2 Orb Walkers","floor":40,"turns":2},{"damage":4,"enemies":"4 Shapes","floor":46,"turns":1},{"damage":4,"enemies":"Sphere and 2 Shapes","floor":48,"turns":1},{"damage":74,"enemies":"Awakened One","floor":50,"turns":5}],"event_choices":[{"event_name":"The Cleric","player_choice":"Card Removal","floor":11,"damage_taken":0},{"event_name":"Addict","player_choice":"Obtained Relic","floor":20,"damage_taken":0},{"event_name":"Drug Dealer","player_choice":"Ignored","floor":25,"damage_taken":0},{"event_name":"The Library","player_choice":"Heal","floor":31,"damage_taken":0},{"event_name":"Golden Shrine","player_choice":"Pray","floor":42,"damage_taken":0}],"boss_relics":[{"not_picked":["Tiny House","White Beast Statue"],"picked":"Black Star"},{"not_picked":["Snecko Eye","Orrery"],"picked":"Mark of Pain"}],"potions_floor_spawned":[1,2,7,12,13,18,19,33,37,39,40,46],"seed_played":"-1844585125611022648","ascension_level":0,"is_trial":false}