{"gold_per_floor":[115,115,115,130,145,145,174,174,174,174,63,63,73,100,100,200,200,211,224,80,80,96,96,112,112,112,112,112,112,112,137,137,239,239,257,273,289,149,164,190,190,290,290,290,310,97,97,117,117,117],"floor_reached":51,"playtime":2895,"items_purged":["Strike_B","Writhe"],"score":995,"play_id":"7a01518b-ca69-49a2-acd5-a4b390b5d7d9","local_time":"20181220111434","is_ascension_mode":true,"campfire_choices":[{"data":"Zap","floor":6,"key":"SMITH"},{"data":"Dualcast","floor":8,"key":"SMITH"},{"floor":10,"key":"REST"},{"floor":15,"key":"REST"},{"data":"Blizzard","floor":23,"key":"SMITH"},{"data":"Blizzard","floor":25,"key":"SMITH"},{"floor":29,"key":"REST"},{"floor":32,"key":"REST"},{"data":"Hologram","floor":41,"key":"SMITH"},{"floor":49,"key":"REST"}],"neow_cost":"NONE","seed_source_timestamp":6434753687100,"circlet_count":0,"master_deck":["Strike_B+1","Strike_B+1","Strike_B+1","Defend_B+1","Defend_B+1","Defend_B+1","Defend_B+1","Zap+1","Dualcast+1","Defragment+1","Coolheaded+1","Coolheaded+1","Blizzard+1","Seek+1","Capacitor+1","Hologram+1","Self Repair","Blizzard+1","FTL","Self Repair+1","BootSequence","Defragment+1","Barrage+1","Cold Snap","Amplify","Glacier+1"],"relics":["FrozenCore","Shuriken","Dodecahedron","Happy Flower","Odd Mushroom","MutagenicStrength","Art of War","Nilry\u0027s Codex","Oddly Smooth Stone","War Paint","Lizard Tail","Dream Catcher","Torii","Darkstone Periapt"],"potions_floor_usage":[7,14,16,24,31,45,50,50],"damage_taken":[{"damage":7,"enemies":"Jaw Worm","floor":1,"turns":2},{"damage":3,"enemies":"2 Louse","floor":4,"turns":2},{"damage":0,"enemies":"Small Slimes","floor":5,"turns":2},{"damage":13,"enemies":"3 Sentries","floor":7,"turns":6},{"damage":12,"enemies":"3 Louse","floor":13,"turns":2},{"damage":8,"enemies":"The Mushroom Lair","floor":14,"turns":4},{"damage":0,"enemies":"The Guardian","floor":16,"turns":10},{"damage":0,"enemies":"Chosen","floor":18,"turns":6},{"damage":10,"enemies":"Shell Parasite","floor":19,"turns":7},{"damage":12,"enemies":"Shelled Parasite and Fungi","floor":22,"turns":7},{"damage":16,"enemies":"Snake Plant","floor":24,"turns":6},{"damage":16,"enemies":"Book of Stabbing","floor":31,"turns":8},{"damage":48,"enemies":"Automaton","floor":33,"turns":11},{"damage":7,"enemies":"Orb Walker","floor":35,"turns":5},{"damage":51,"enemies":"3 Shapes","floor":36,"turns":4},{"damage":14,"enemies":"Jaw Worm Horde","floor":37,"turns":6},{"damage":14,"enemies":"Spire Growth","floor":39,"turns":8},{"damage":50,"enemies":"Reptomancer","floor":40,"turns":10},{"damage":0,"enemies":"Mind Bloom Boss Battle","floor":42,"turns":8},{"damage":39,"enemies":"Transient","floor":45,"turns":5},{"damage":10,"enemies":"3 Darklings","floor":48,"turns":5},{"damage":8,"enemies":"Time Eater","floor":50,"turns":20}],"seed_played":"615218308741192073","potions_obtained":[{"floor":4,"key":"Dexterity Potion"},{"floor":5,"key":"Fire Potion"},{"floor":7,"key":"SteroidPotion"},{"floor":18,"key":"PowerPotion"},{"floor":22,"key":"PowerPotion"},{"floor":35,"key":"LiquidBronze"},{"floor":37,"key":"PowerPotion"},{"floor":39,"key":"GamblersBrew"},{"floor":45,"key":"Energy Potion"}],"is_trial":false,"path_per_floor":["M","?","?","M","M","R","E","R","T","R","$","?","M","?","R","B",null,"M","M","$","?","M","R","M","R","T","?","?","R","?","E","R","B",null,"M","M","M","$","M","E","R","?","T","?","M","$","?","M","R","B",null],"character_chosen":"DEFECT","items_purchased":["Blizzard","Self Repair","Blizzard","BootSequence","Cold Snap","Amplify"],"campfire_rested":5,"item_purchase_floors":[11,20,20,38,46,46],"current_hp_per_floor":[61,36,36,33,33,33,20,20,20,42,42,27,15,7,29,29,64,64,54,54,54,49,49,40,40,40,40,24,46,46,37,59,18,61,61,10,54,54,57,24,24,41,41,41,19,19,19,19,41,50],"gold":117,"neow_bonus":"RANDOM_COLORLESS","is_prod":false,"is_daily":false,"chose_seed":false,"campfire_upgraded":5,"win_rate":0,"timestamp":1545300874,"path_taken":["M","?","?","M","M","R","E","R","T","R","$","?","M","?","R","BOSS","M","M","$","?","M","R","M","R","T","?","?","R","?","E","R","BOSS","M","M","M","$","M","E","R","?","T","?","M","$","?","M","R","BOSS"],"build_version":"2018-12-13","purchased_purges":2,"victory":true,"max_hp_per_floor":[75,75,75,75,75,75,75,75,75,75,75,75,75,75,75,75,75,75,75,75,75,75,75,75,75,75,75,75,75,75,75,75,75,75,75,75,75,75,75,75,75,75,75,75,75,75,75,75,75,75],"card_choices":[{"not_picked":["Doom and Gloom","Hologram"],"picked":"Defragment","floor":1},{"not_picked":["Turbo","Steam"],"picked":"Coolheaded","floor":4},{"not_picked":["Melter","Go for the Eyes"],"picked":"Coolheaded","floor":5},{"not_picked":["Sweeping Beam","Steam Power","Rebound"],"picked":"SKIP","floor":7},{"not_picked":["Barrage","Stack","Multi-Cast"],"picked":"SKIP","floor":13},{"not_picked":["Machine Learning","Multi-Cast"],"picked":"Seek","floor":16},{"not_picked":["Rip and Tear","Reprogram"],"picked":"Capacitor+1","floor":18},{"not_picked":["Barrage","Redo"],"picked":"Hologram","floor":19},{"not_picked":["Steam Power","Rebound","Gash"],"picked":"SKIP","floor":22},{"not_picked":["Heatsinks","Ball Lightning"],"picked":"FTL","floor":24},{"not_picked":["Reprogram","Recycle+1","Darkness"],"picked":"SKIP","floor":31},{"not_picked":["Leap","Lockon","Hologram"],"picked":"SKIP","floor":35},{"not_picked":["Turbo+1","Chaos"],"picked":"Self Repair+1","floor":36},{"not_picked":["Turbo+1","Rebound+1","Ball Lightning+1"],"picked":"SKIP","floor":37},{"not_picked":["Double Energy","Stack+1","Conserve Battery"],"picked":"SKIP","floor":39},{"not_picked":["Streamline","Chaos","Go for the Eyes+1"],"picked":"SKIP","floor":40},{"not_picked":["Reprogram+1","Barrage"],"picked":"Defragment+1","floor":42},{"not_picked":["Coolheaded+1","Beam Cell"],"picked":"Barrage+1","floor":45},{"not_picked":["Sweeping Beam+1","Ball Lightning"],"picked":"Glacier+1","floor":48}],"player_experience":285670,"relics_obtained":[{"floor":7,"key":"Dodecahedron"},{"floor":9,"key":"Happy Flower"},{"floor":14,"key":"Odd Mushroom"},{"floor":26,"key":"Art of War"},{"floor":28,"key":"Nilry\u0027s Codex"},{"floor":31,"key":"War Paint"},{"floor":40,"key":"Dream Catcher"},{"floor":42,"key":"Torii"},{"floor":43,"key":"Darkstone Periapt"}],"event_choices":[{"damage_healed":0,"gold_gain":0,"player_choice":"Success","damage_taken":25,"relics_obtained":["Shuriken"],"max_hp_gain":0,"max_hp_loss":0,"event_name":"Scrap Ooze","floor":2,"gold_loss":0},{"damage_healed":0,"gold_gain":0,"player_choice":"Grow","damage_taken":0,"max_hp_gain":0,"max_hp_loss":0,"event_name":"Living Wall","floor":3,"gold_loss":0,"cards_upgraded":["Defragment"]},{"damage_healed":0,"gold_gain":0,"player_choice":"Entered Light","damage_taken":15,"max_hp_gain":0,"max_hp_loss":0,"event_name":"Shining Light","floor":12,"gold_loss":0,"cards_upgraded":["Strike_B","Coolheaded"]},{"damage_healed":0,"gold_gain":0,"player_choice":"Fought Mushrooms","damage_taken":0,"max_hp_gain":0,"max_hp_loss":0,"event_name":"Mushrooms","floor":14,"gold_loss":0},{"damage_healed":0,"gold_gain":0,"player_choice":"Inject Mutagens","damage_taken":0,"relics_obtained":["MutagenicStrength"],"max_hp_gain":0,"max_hp_loss":0,"event_name":"Drug Dealer","floor":21,"gold_loss":0},{"damage_healed":0,"gold_gain":0,"player_choice":"Simplicity","damage_taken":0,"max_hp_gain":0,"max_hp_loss":0,"event_name":"Back to Basics","floor":27,"gold_loss":0,"cards_upgraded":["Strike_B","Strike_B","Defend_B","Defend_B","Defend_B","Defend_B"]},{"damage_healed":0,"gold_gain":0,"player_choice":"Obtained Book","damage_taken":16,"max_hp_gain":0,"max_hp_loss":0,"event_name":"Cursed Tome","floor":28,"gold_loss":0},{"damage_healed":0,"gold_gain":0,"player_choice":"Opened","damage_taken":0,"relics_obtained":["Oddly Smooth Stone"],"max_hp_gain":0,"max_hp_loss":0,"event_name":"The Mausoleum","floor":30,"gold_loss":0,"cards_obtained":["Writhe"]},{"damage_healed":0,"gold_gain":0,"player_choice":"Fight","damage_taken":0,"max_hp_gain":0,"max_hp_loss":0,"event_name":"MindBloom","floor":42,"gold_loss":0},{"cards_removed":["Dramatic Entrance"],"damage_healed":0,"gold_gain":0,"player_choice":"Removed Attack","damage_taken":0,"max_hp_gain":0,"max_hp_loss":0,"event_name":"Falling","floor":44,"gold_loss":0},{"damage_healed":0,"gold_gain":0,"player_choice":"Ignored","damage_taken":0,"max_hp_gain":0,"max_hp_loss":0,"event_name":"Mysterious Sphere","floor":47,"gold_loss":0}],"is_beta":false,"boss_relics":[{"not_picked":["Black Star","Cursed Key"],"picked":"FrozenCore"},{"not_picked":["Calling Bell","Coffee Dripper"],"picked":"Lizard Tail"}],"items_purged_floors":[11,38],"is_endless":false,"potions_floor_spawned":[4,5,7,18,22,35,37,39,45],"ascension_level":8}