{"gold_per_floor":[13,13,0,0,0,0,12,25,25,25,25,25,36,47,47,148,148,160,85,102,102,102,102,118,118,144,144,158,177,177,92,92,187,187,198,198,0,16,116,116,116,116,116,116,33,44,8,8,8,8],"floor_reached":50,"playtime":2140,"items_purged":[],"score":478,"play_id":"9f2fc141-5b2a-43d6-a562-e9cd608dafcc","local_time":"20190211142202","is_ascension_mode":false,"campfire_choices":[{"data":"Masterful Stab","floor":6,"key":"SMITH"},{"data":"Survivor","floor":10,"key":"SMITH"},{"data":"Dodge and Roll","floor":15,"key":"SMITH"},{"data":"Poisoned Stab","floor":23,"key":"SMITH"},{"floor":25,"key":"REST"},{"data":"PiercingWail","floor":27,"key":"SMITH"},{"floor":32,"key":"REST"},{"floor":40,"key":"REST"},{"data":"Bouncing Flask","floor":42,"key":"SMITH"},{"floor":49,"key":"REST"}],"neow_cost":"NO_GOLD","seed_source_timestamp":16005002463167,"circlet_count":0,"master_deck":["Defend_G+1","Defend_G+1","Defend_G+1","Defend_G+1","Strike_G+1","Strike_G+1","Strike_G+1","Strike_G+1","Survivor+1","Neutralize+1","Corpse Explosion+1","Masterful Stab+1","Dodge and Roll+1","Quick Slash+1","Flying Knee","Blade Dance","Deadly Poison","Bane","Slice","Quick Slash","Poisoned Stab+1","Backflip","PiercingWail+1","Masterful Stab","Crippling Poison+1","Bouncing Flask+1","Riddle With Holes","Forethought","Terror+1","Masterful Stab"],"relics":["Ring of the Serpent","Shuriken","Happy Flower","Orrery","Whetstone","MutagenicStrength","Letter Opener","Red Mask","Pocketwatch","Gremlin Horn"],"potions_floor_usage":[16,18,33,33,48,50,50],"damage_taken":[{"damage":0,"enemies":"Jaw Worm","floor":1,"turns":6},{"damage":0,"enemies":"Small Slimes","floor":7,"turns":2},{"damage":0,"enemies":"2 Louse","floor":8,"turns":1},{"damage":0,"enemies":"2 Fungi Beasts","floor":13,"turns":2},{"damage":0,"enemies":"Large Slime","floor":14,"turns":3},{"damage":43,"enemies":"Hexaghost","floor":16,"turns":10},{"damage":12,"enemies":"2 Thieves","floor":18,"turns":3},{"damage":1,"enemies":"Chosen","floor":20,"turns":3},{"damage":10,"enemies":"Snecko","floor":24,"turns":6},{"damage":10,"enemies":"Cultist and Chosen","floor":28,"turns":4},{"damage":2,"enemies":"Shelled Parasite and Fungi","floor":29,"turns":5},{"damage":72,"enemies":"Automaton","floor":33,"turns":9},{"damage":19,"enemies":"3 Darklings","floor":35,"turns":5},{"damage":1,"enemies":"Orb Walker","floor":38,"turns":4},{"damage":0,"enemies":"Mind Bloom Boss Battle","floor":39,"turns":4},{"damage":14,"enemies":"Jaw Worm Horde","floor":46,"turns":3},{"damage":0,"enemies":"Spire Growth","floor":48,"turns":1},{"damage":75,"enemies":"Awakened One","floor":50,"turns":9}],"seed_played":"-3686823687013019331","potions_obtained":[{"floor":1,"key":"Block Potion"},{"floor":7,"key":"Regen Potion"},{"floor":16,"key":"EssenceOfSteel"},{"floor":20,"key":"Fire Potion"},{"floor":22,"key":"SmokeBomb"},{"floor":28,"key":"Fire Potion"},{"floor":33,"key":"Poison Potion"},{"floor":38,"key":"Fire Potion"}],"is_trial":false,"path_per_floor":["M","?","?","?","?","R","M","M","T","R","$","?","M","M","R","B",null,"M","?","M","?","?","R","M","R","T","R","M","M","?","?","R","B",null,"M","?","?","M","?","R","?","R","T","?","$","M","$","M","R","B"],"character_chosen":"THE_SILENT","items_purchased":["Forethought","Masterful Stab"],"campfire_rested":4,"item_purchase_floors":[45,47],"current_hp_per_floor":[70,70,70,75,68,68,68,68,68,68,68,65,65,65,65,22,75,63,63,62,62,62,62,52,74,74,74,64,62,62,62,75,3,75,56,56,56,55,55,75,75,75,75,75,75,61,61,61,75,0],"gold":8,"neow_bonus":"THREE_RARE_CARDS","is_prod":false,"is_daily":false,"chose_seed":false,"campfire_upgraded":6,"win_rate":0.0,"timestamp":1549916522,"path_taken":["M","?","?","?","?","R","M","M","T","R","$","?","?","M","R","BOSS","M","?","M","?","?","R","?","R","T","R","M","M","?","?","R","BOSS","M","?","?","?","?","R","?","R","T","?","$","M","$","M","R","BOSS"],"build_version":"2019-01-23","purchased_purges":0,"victory":false,"max_hp_per_floor":[70,70,70,75,75,75,75,75,75,75,75,75,75,75,75,75,75,75,75,75,75,75,75,75,75,75,75,75,75,75,75,75,75,75,75,75,75,75,75,75,75,75,75,75,75,75,75,75,75,75],"card_choices":[{"not_picked":["Phantasmal Killer","Adrenaline"],"picked":"Corpse Explosion","floor":0},{"not_picked":["Backflip","Prepared"],"picked":"Masterful Stab","floor":1},{"not_picked":["Outmaneuver","Flechettes"],"picked":"Dodge and Roll","floor":7},{"not_picked":["Dagger Throw","Acrobatics"],"picked":"Quick Slash","floor":8},{"not_picked":["Dagger Throw","Caltrops"],"picked":"Flying Knee","floor":13},{"not_picked":["Slice","Underhanded Strike"],"picked":"Blade Dance","floor":14},{"not_picked":["Malaise","Venomology"],"picked":"Doppelganger","floor":16},{"not_picked":["Caltrops","Dagger Throw"],"picked":"Deadly Poison","floor":17},{"not_picked":["Riddle With Holes","Reflex"],"picked":"Bane","floor":17},{"not_picked":["Blur","Eviscerate"],"picked":"Slice","floor":17},{"not_picked":["Prepared","Outmaneuver"],"picked":"Quick Slash","floor":17},{"not_picked":["Deflect","Prepared"],"picked":"Poisoned Stab","floor":17},{"not_picked":["Dodge and Roll","Predator"],"picked":"Backflip","floor":18},{"not_picked":["Footwork+1","Dagger Throw"],"picked":"PiercingWail","floor":20},{"not_picked":["Tools of the Trade","Expertise"],"picked":"Infinite Blades","floor":24},{"not_picked":["Infinite Blades","Sucker Punch+1"],"picked":"Masterful Stab","floor":28},{"not_picked":["Underhanded Strike","Acrobatics","Cloak And Dagger"],"picked":"SKIP","floor":29},{"not_picked":["Choke+1","Prepared","Dagger Spray+1"],"picked":"SKIP","floor":35},{"not_picked":["Infinite Blades+1","Dagger Throw+1"],"picked":"Crippling Poison+1","floor":38},{"not_picked":["Cloak And Dagger","Outmaneuver+1"],"picked":"Bouncing Flask","floor":39},{"not_picked":["Dagger Spray+1","Quick Slash+1"],"picked":"Terror+1","floor":46}],"player_experience":56985,"relics_obtained":[{"floor":9,"key":"Shuriken"},{"floor":26,"key":"Whetstone"},{"floor":39,"key":"Pocketwatch"},{"floor":43,"key":"Gremlin Horn"}],"event_choices":[{"damage_healed":0,"gold_gain":0,"player_choice":"Grow","damage_taken":0,"max_hp_gain":0,"max_hp_loss":0,"event_name":"Living Wall","floor":2,"gold_loss":0,"cards_upgraded":["Corpse Explosion"]},{"damage_healed":0,"gold_gain":0,"player_choice":"Left Gold","damage_taken":0,"max_hp_gain":0,"max_hp_loss":0,"event_name":"World of Goop","floor":3,"gold_loss":13},{"damage_healed":0,"gold_gain":0,"player_choice":"Donut","damage_taken":0,"max_hp_gain":5,"max_hp_loss":0,"event_name":"Big Fish","floor":4,"gold_loss":0},{"cards_removed":["Strike_G"],"damage_healed":0,"gold_gain":0,"player_choice":"Card Removal","damage_taken":7,"max_hp_gain":0,"max_hp_loss":0,"event_name":"Golden Wing","floor":5,"gold_loss":0},{"damage_healed":0,"gold_gain":0,"player_choice":"Success","damage_taken":3,"relics_obtained":["Happy Flower"],"max_hp_gain":0,"max_hp_loss":0,"event_name":"Scrap Ooze","floor":12,"gold_loss":0},{"cards_removed":["Defend_G"],"damage_healed":0,"gold_gain":0,"player_choice":"Gave Gold","damage_taken":0,"max_hp_gain":0,"max_hp_loss":0,"event_name":"Beggar","floor":19,"gold_loss":75},{"damage_healed":0,"gold_gain":0,"player_choice":"Simplicity","damage_taken":0,"max_hp_gain":0,"max_hp_loss":0,"event_name":"Back to Basics","floor":21,"gold_loss":0,"cards_upgraded":["Defend_G","Defend_G","Defend_G","Defend_G","Strike_G","Strike_G","Strike_G","Strike_G"]},{"damage_healed":0,"gold_gain":0,"player_choice":"Got Potions","damage_taken":0,"max_hp_gain":0,"max_hp_loss":0,"event_name":"Lab","floor":22,"gold_loss":0},{"damage_healed":0,"gold_gain":0,"player_choice":"Inject Mutagens","damage_taken":0,"relics_obtained":["MutagenicStrength"],"max_hp_gain":0,"max_hp_loss":0,"event_name":"Drug Dealer","floor":30,"gold_loss":0},{"damage_healed":0,"gold_gain":0,"player_choice":"Obtained Relic","damage_taken":0,"relics_obtained":["Letter Opener"],"max_hp_gain":0,"max_hp_loss":0,"event_name":"Addict","floor":31,"gold_loss":85},{"cards_removed":["Infinite Blades"],"damage_healed":0,"gold_gain":0,"player_choice":"Removed Power","damage_taken":0,"max_hp_gain":0,"max_hp_loss":0,"event_name":"Falling","floor":36,"gold_loss":0},{"damage_healed":0,"gold_gain":0,"player_choice":"Paid","damage_taken":0,"relics_obtained":["Red Mask"],"max_hp_gain":0,"max_hp_loss":0,"event_name":"Tomb of Lord Red Mask","floor":37,"gold_loss":198},{"damage_healed":0,"gold_gain":0,"player_choice":"Fight","damage_taken":0,"max_hp_gain":0,"max_hp_loss":0,"event_name":"MindBloom","floor":39,"gold_loss":0},{"damage_healed":0,"gold_gain":0,"player_choice":"Ignored","damage_taken":0,"max_hp_gain":0,"max_hp_loss":0,"event_name":"Mysterious Sphere","floor":41,"gold_loss":0},{"damage_healed":0,"gold_gain":0,"cards_transformed":["Doppelganger"],"player_choice":"Transformed","damage_taken":0,"max_hp_gain":0,"max_hp_loss":0,"event_name":"Transmorgrifier","floor":44,"gold_loss":0,"cards_obtained":["Riddle With Holes"]}],"is_beta":false,"boss_relics":[{"not_picked":["Black Star","HoveringKite"],"picked":"Orrery"},{"not_picked":["White Beast Statue","Cursed Key"],"picked":"Ring of the Serpent"}],"items_purged_floors":[],"is_endless":false,"potions_floor_spawned":[1,7,16,20,28,33,38,46],"killed_by":"Awakened One","ascension_level":0}