{"gold_per_floor":[117,134,153,171,121,154,154,154,181,198,208,235,235,245,245,344,344,359,359,359,18,32,32,44,60,144,158,158,176,194,210,210,312,312,327,339,339,351,365,365,382,382,382,399,305,318,332,348,348,348],"floor_reached":50,"playtime":2685,"items_purged":[],"score":518,"play_id":"3c0e21f8-60ba-47a1-94ef-c4608f3e1202","local_time":"20190222122750","is_ascension_mode":false,"campfire_choices":[{"data":"Defragment","floor":7,"key":"SMITH"},{"floor":13,"key":"REST"},{"data":"Go for the Eyes","floor":15,"key":"SMITH"},{"data":"Beam Cell","floor":23,"key":"SMITH"},{"floor":28,"key":"REST"},{"floor":32,"key":"REST"},{"floor":40,"key":"REST"},{"floor":42,"key":"REST"},{"floor":49,"key":"REST"}],"neow_cost":"NONE","seed_source_timestamp":2380692128358,"circlet_count":0,"master_deck":["Strike_B+1","Strike_B+1","Strike_B+1","Defend_B+1","Defend_B+1","Defend_B+1","Defend_B+1","Zap","Dualcast","Beam Cell+1","Lockon","Coolheaded","Defragment+1","Capacitor","Rebound","Leap","Leap","Go for the Eyes+1","Machine Learning","Reinforced Body","White Noise","Redo","Ball Lightning","Gash","Self Repair","Melter","Conserve Battery","Leap","Chaos+1","Scrape","Stack","Sweeping Beam+1","Gash","Genetic Algorithm+1","Electrodynamics","Stack","Gash+1","Stack","Reinforced Body+1","Gash","Gash","Go for the Eyes"],"relics":["Cracked Core","NeowsBlessing","Oddly Smooth Stone","Bag of Preparation","Anchor","Question Card","Orrery","Singing Bowl","Tiny Chest","Nuclear Battery","Bottled Flame","Ice Cream"],"potions_floor_usage":[6,12,24,24,24,27,29,38,47,47],"damage_taken":[{"damage":0,"enemies":"2 Louse","floor":1,"turns":1},{"damage":0,"enemies":"Jaw Worm","floor":2,"turns":1},{"damage":0,"enemies":"Small Slimes","floor":3,"turns":1},{"damage":5,"enemies":"Blue Slaver","floor":4,"turns":2},{"damage":14,"enemies":"Gremlin Nob","floor":6,"turns":3},{"damage":0,"enemies":"Exordium Wildlife","floor":10,"turns":5},{"damage":0,"enemies":"2 Fungi Beasts","floor":11,"turns":3},{"damage":24,"enemies":"Lagavulin","floor":12,"turns":4},{"damage":0,"enemies":"Blue Slaver","floor":14,"turns":3},{"damage":32,"enemies":"The Guardian","floor":16,"turns":12},{"damage":0,"enemies":"Shell Parasite","floor":18,"turns":3},{"damage":0,"enemies":"Spheric Guardian","floor":22,"turns":1},{"damage":46,"enemies":"3 Cultists","floor":24,"turns":7},{"damage":0,"enemies":"Shelled Parasite and Fungi","floor":25,"turns":6},{"damage":0,"enemies":"Chosen and Byrds","floor":27,"turns":7},{"damage":5,"enemies":"3 Cultists","floor":29,"turns":6},{"damage":10,"enemies":"Shelled Parasite and Fungi","floor":30,"turns":6},{"damage":21,"enemies":"Cultist and Chosen","floor":31,"turns":6},{"damage":20,"enemies":"Automaton","floor":33,"turns":9},{"damage":0,"enemies":"Orb Walker","floor":35,"turns":3},{"damage":1,"enemies":"3 Shapes","floor":36,"turns":4},{"damage":29,"enemies":"Transient","floor":38,"turns":5},{"damage":24,"enemies":"Sphere and 2 Shapes","floor":39,"turns":7},{"damage":2,"enemies":"Jaw Worm Horde","floor":41,"turns":4},{"damage":18,"enemies":"3 Darklings","floor":44,"turns":4},{"damage":23,"enemies":"Spire Growth","floor":46,"turns":5},{"damage":3,"enemies":"4 Shapes","floor":47,"turns":4},{"damage":28,"enemies":"3 Darklings","floor":48,"turns":7},{"damage":55,"enemies":"Time Eater","floor":50,"turns":12}],"seed_played":"3681096101956631443","potions_obtained":[{"floor":1,"key":"Regen Potion"},{"floor":4,"key":"AttackPotion"},{"floor":12,"key":"SpeedPotion"},{"floor":14,"key":"Energy Potion"},{"floor":16,"key":"GamblersBrew"},{"floor":18,"key":"Regen Potion"},{"floor":22,"key":"PowerPotion"},{"floor":25,"key":"GamblersBrew"},{"floor":27,"key":"Fire Potion"},{"floor":35,"key":"PowerPotion"},{"floor":44,"key":"Explosive Potion"},{"floor":46,"key":"Regen Potion"}],"is_trial":false,"path_per_floor":["M","M","M","M","?","E","R","?","T","M","M","E","R","M","R","B",null,"M","?","?","$","M","R","M","M","T","M","R","M","M","M","R","B",null,"M","M","?","M","M","R","M","R","T","M","?","M","M","M","R","B"],"character_chosen":"DEFECT","items_purchased":["Melter","Singing Bowl","Conserve Battery"],"campfire_rested":6,"item_purchase_floors":[21,21,21],"current_hp_per_floor":[75,75,75,70,70,56,56,53,53,53,53,41,63,63,63,31,75,75,61,61,61,61,61,29,29,29,36,60,55,45,24,48,28,80,80,82,82,53,29,53,51,75,75,57,57,34,45,24,49,0],"gold":348,"neow_bonus":"THREE_ENEMY_KILL","is_prod":false,"is_daily":false,"chose_seed":false,"campfire_upgraded":3,"win_rate":0,"timestamp":1550860070,"path_taken":["M","M","M","M","?","E","R","?","T","M","?","E","R","M","R","BOSS","M","?","?","?","M","R","M","M","T","M","R","M","M","?","R","BOSS","M","M","?","M","M","R","M","R","T","M","?","?","M","M","R","BOSS"],"build_version":"2019-01-23","purchased_purges":0,"victory":false,"max_hp_per_floor":[75,75,75,75,75,75,75,75,75,75,75,75,75,75,75,75,75,75,80,80,80,80,80,80,80,80,80,80,80,80,80,80,80,80,80,82,82,82,82,82,82,82,82,82,82,82,84,84,84,84],"card_choices":[{"not_picked":["Heatsinks","Turbo"],"picked":"Beam Cell","floor":1},{"not_picked":["Stack","Leap"],"picked":"Lockon","floor":2},{"not_picked":["Heatsinks","Consume"],"picked":"Coolheaded","floor":3},{"not_picked":["Fission","Stack"],"picked":"Defragment","floor":4},{"not_picked":["Hello World","Steam"],"picked":"Capacitor","floor":6},{"not_picked":["Steam","Hologram"],"picked":"Rebound","floor":10},{"not_picked":["Glacier","Skim"],"picked":"Leap","floor":11},{"not_picked":["Scrape","Coolheaded"],"picked":"Leap","floor":12},{"not_picked":["Beam Cell","Barrage","Sweeping Beam"],"picked":"Go for the Eyes","floor":14},{"not_picked":["Echo Form","Biased Cognition","Core Surge"],"picked":"Machine Learning","floor":16},{"not_picked":["Hello World","Streamline","Steam Power"],"picked":"Reinforced Body","floor":17},{"not_picked":["Steam","Beam Cell","Amplify"],"picked":"White Noise","floor":17},{"not_picked":["Recycle","Hologram","Cold Snap"],"picked":"Redo","floor":17},{"not_picked":["Leap","Steam","Cold Snap"],"picked":"Ball Lightning","floor":17},{"not_picked":["Fusion","Genetic Algorithm","Rebound"],"picked":"Gash","floor":17},{"not_picked":["Storm+1","Redo","Lockon"],"picked":"Self Repair","floor":18},{"not_picked":["Barrage","BootSequence","Static Discharge"],"picked":"Leap","floor":22},{"not_picked":["Double Energy","Skim","Barrage+1"],"picked":"Chaos+1","floor":24},{"not_picked":["Ball Lightning","Storm","Reinforced Body"],"picked":"Scrape","floor":25},{"not_picked":["Aggregate","Cold Snap","Double Energy"],"picked":"Stack","floor":27},{"not_picked":["Redo","Barrage","Aggregate"],"picked":"Sweeping Beam+1","floor":29},{"not_picked":["Genetic Algorithm","Machine Learning","White Noise"],"picked":"Gash","floor":30},{"not_picked":["Fusion","Beam Cell+1","Ball Lightning"],"picked":"Genetic Algorithm+1","floor":31},{"not_picked":["Biased Cognition","Creative AI","Core Surge"],"picked":"Electrodynamics","floor":33},{"not_picked":["Streamline","Go for the Eyes+1","Hello World"],"picked":"Stack","floor":35},{"not_picked":["Go for the Eyes","Coolheaded+1","Darkness","Consume+1"],"picked":"Singing Bowl","floor":36},{"not_picked":["White Noise","Stack+1","Ball Lightning"],"picked":"Gash+1","floor":38},{"not_picked":["Compile Driver+1","Ball Lightning+1","Rebound+1"],"picked":"Stack","floor":39},{"not_picked":["Stack+1","Self Repair+1","Biased Cognition"],"picked":"Reinforced Body+1","floor":41},{"not_picked":["Stack","Sweeping Beam+1","Beam Cell"],"picked":"Gash","floor":44},{"not_picked":["FTL","Leap+1","Recycle"],"picked":"Gash","floor":46},{"not_picked":["Steam+1","Streamline+1","Seek","Hologram+1"],"picked":"Singing Bowl","floor":47},{"not_picked":["Lockon+1","Cold Snap+1","Sweeping Beam+1"],"picked":"Go for the Eyes","floor":48}],"player_experience":295570,"relics_obtained":[{"floor":6,"key":"Oddly Smooth Stone"},{"floor":9,"key":"Anchor"},{"floor":12,"key":"Question Card"},{"floor":26,"key":"Tiny Chest"},{"floor":43,"key":"Bottled Flame"}],"event_choices":[{"cards_removed":["Strike_B"],"damage_healed":0,"gold_gain":0,"player_choice":"Card Removal","damage_taken":0,"max_hp_gain":0,"max_hp_loss":0,"event_name":"The Cleric","floor":5,"gold_loss":50},{"damage_healed":0,"gold_gain":0,"player_choice":"Success","damage_taken":3,"relics_obtained":["Bag of Preparation"],"max_hp_gain":0,"max_hp_loss":0,"event_name":"Scrap Ooze","floor":8,"gold_loss":0},{"damage_healed":0,"gold_gain":0,"player_choice":"Shed Blood","damage_taken":19,"max_hp_gain":5,"max_hp_loss":0,"event_name":"Forgotten Altar","floor":19,"gold_loss":0},{"damage_healed":0,"gold_gain":0,"player_choice":"Simplicity","damage_taken":0,"max_hp_gain":0,"max_hp_loss":0,"event_name":"Back to Basics","floor":20,"gold_loss":0,"cards_upgraded":["Strike_B","Strike_B","Strike_B","Defend_B","Defend_B","Defend_B","Defend_B"]},{"damage_healed":0,"gold_gain":0,"player_choice":"Ignored","damage_taken":0,"max_hp_gain":0,"max_hp_loss":0,"event_name":"Tomb of Lord Red Mask","floor":37,"gold_loss":0},{"damage_healed":0,"gold_gain":0,"player_choice":"Paid Gold","damage_taken":0,"relics_obtained":["Ice Cream"],"max_hp_gain":0,"max_hp_loss":0,"event_name":"WeMeetAgain","floor":45,"gold_loss":94}],"is_beta":false,"boss_relics":[{"not_picked":["FrozenCore","Calling Bell"],"picked":"Orrery"},{"not_picked":["Tiny House","Eternal Feather"],"picked":"Nuclear Battery"}],"items_purged_floors":[],"is_endless":false,"potions_floor_spawned":[1,4,12,14,16,18,22,25,27,35,44,46],"killed_by":"Time Eater","ascension_level":0}