{"path_per_floor":["M","M","M","M","?","E","R","?","T"],"character_chosen":"DEFECT","items_purchased":[],"gold_per_floor":[116,136,153,165,165,194,194,259,259,259],"floor_reached":10,"campfire_rested":0,"playtime":447,"item_purchase_floors":[],"current_hp_per_floor":[68,67,60,42,42,34,34,16,16,0],"items_purged":[],"gold":259,"score":68,"play_id":"6128548a-9a9b-4d5c-b705-b4a1dc0f3c97","local_time":"20180606145701","is_prod":false,"is_daily":false,"chose_seed":false,"is_ascension_mode":false,"campfire_upgraded":1,"win_rate":0.0,"timestamp":1528289821,"campfire_choices":[{"data":"Storm","floor":7,"key":"SMITH"}],"path_taken":["M","M","M","M","?","E","R","?","T","E"],"build_version":"2018-05-31","seed_source_timestamp":6471009843487,"purchased_purges":0,"victory":false,"master_deck":["Strike_B","Strike_B","Strike_B","Defend_B","Defend_B","Defend_B","Defend_B","Zap","Dualcast","Static Discharge","Storm+1","White Noise","Storm","Injury"],"max_hp_per_floor":[75,75,75,75,75,75,75,75,75,75],"relics":["Cursed Key","Calipers","Matryoshka","Happy Flower","Frozen Egg 2"],"card_choices":[{"not_picked":["Coolheaded","Sweeping Beam"],"picked":"Static Discharge","floor":1},{"not_picked":["Gash","Beam Cell"],"picked":"Storm","floor":2},{"not_picked":["Hologram","Capacitor"],"picked":"White Noise","floor":3},{"not_picked":["Hyperbeam","Coolheaded","Ball Lightning"],"picked":"SKIP","floor":4},{"not_picked":["Turbo","Barrage"],"picked":"Storm","floor":6}],"player_experience":329538,"potions_floor_usage":[6,6,6,8,8,8],"damage_taken":[{"damage":7,"enemies":"2 Louse","floor":1,"turns":3},{"damage":1,"enemies":"Cultist","floor":2,"turns":3},{"damage":7,"enemies":"Small Slimes","floor":3,"turns":4},{"damage":18,"enemies":"Exordium Wildlife","floor":4,"turns":4},{"damage":8,"enemies":"Lagavulin","floor":6,"turns":5},{"damage":18,"enemies":"Gremlin Nob","floor":8,"turns":4},{"damage":38,"enemies":"Gremlin Nob","floor":10,"turns":3}],"relics_obtained":[{"floor":6,"key":"Calipers"},{"floor":9,"key":"Happy Flower"},{"floor":9,"key":"Frozen Egg 2"}],"event_choices":[{"event_name":"Purifier","player_choice":"One Purge","floor":5,"damage_taken":0},{"event_name":"Dead Adventurer","player_choice":"Searched \u00273\u0027 times","floor":8,"damage_taken":0}],"boss_relics":[],"items_purged_floors":[],"potions_floor_spawned":[1,3,6],"seed_played":"1693564159164764710","killed_by":"Gremlin Nob","ascension_level":0,"potions_obtained":[{"floor":1,"key":"Fire Potion"},{"floor":3,"key":"EntropicBrew"},{"floor":6,"key":"Block Potion"}],"is_trial":false}