{"gold_per_floor":[114,64,76,23,42,42,59,88,88,88,88,88,106,121,121,226,226,237,225,255,180,193,224,224,224,224,224,235,235,252,265,265,265],"floor_reached":33,"playtime":1531,"items_purged":[],"score":296,"play_id":"83d3b36e-d3a6-4822-a2cc-4aff355e38c0","local_time":"20190218003451","is_ascension_mode":true,"campfire_choices":[{"data":"Shrug It Off","floor":6,"key":"SMITH"},{"data":"Sword Boomerang","floor":12,"key":"SMITH"},{"floor":15,"key":"REST"},{"floor":24,"key":"REST"},{"floor":27,"key":"REST"},{"floor":29,"key":"REST"},{"floor":32,"key":"REST"}],"neow_cost":"PERCENT_DAMAGE","seed_source_timestamp":47370426741620,"circlet_count":0,"master_deck":["Strike_R+1","Defend_R","Defend_R","Bash","Sword Boomerang+1","Shrug It Off+1","Iron Wave","Pommel Strike+1","Double Tap","Entrench+1","Flex+1","Rampage+1","Juggernaut","Decay","Sword Boomerang+1"],"relics":["Burning Blood","Centennial Puzzle","Dodecahedron","Empty Cage","Red Mask","Bird Faced Urn","Bronze Scales"],"potions_floor_usage":[7,8,16,16,18,20,33,33],"damage_taken":[{"damage":3,"enemies":"Small Slimes","floor":1,"turns":5},{"damage":0,"enemies":"Cultist","floor":3,"turns":4},{"damage":0,"enemies":"Jaw Worm","floor":5,"turns":5},{"damage":11,"enemies":"2 Fungi Beasts","floor":7,"turns":4},{"damage":3,"enemies":"3 Sentries","floor":8,"turns":10},{"damage":1,"enemies":"Looter","floor":13,"turns":3},{"damage":0,"enemies":"Red Slaver","floor":14,"turns":3},{"damage":63,"enemies":"The Guardian","floor":16,"turns":8},{"damage":0,"enemies":"3 Byrds","floor":18,"turns":4},{"damage":1,"enemies":"2 Thieves","floor":19,"turns":4},{"damage":25,"enemies":"Masked Bandits","floor":20,"turns":3},{"damage":17,"enemies":"Snecko","floor":22,"turns":5},{"damage":49,"enemies":"Slavers","floor":23,"turns":5},{"damage":26,"enemies":"Centurion and Healer","floor":28,"turns":6},{"damage":23,"enemies":"Snake Plant","floor":30,"turns":3},{"damage":8,"enemies":"Snecko","floor":31,"turns":4},{"damage":89,"enemies":"Collector","floor":33,"turns":11}],"seed_played":"-3001191283471589714","potions_obtained":[{"floor":5,"key":"Weak Potion"},{"floor":7,"key":"Strength Potion"},{"floor":13,"key":"SteroidPotion"},{"floor":14,"key":"Strength Potion"},{"floor":16,"key":"PowerPotion"},{"floor":19,"key":"EssenceOfSteel"},{"floor":23,"key":"LiquidBronze"},{"floor":30,"key":"SteroidPotion"}],"is_trial":false,"path_per_floor":["M","?","M","$","M","R","M","E","T","?","?","R","M","M","R","B",null,"M","M","?","?","M","E","R","?","T","R","M","R","M","M","R","B"],"character_chosen":"IRONCLAD","items_purchased":["Iron Wave"],"campfire_rested":5,"item_purchase_floors":[4],"current_hp_per_floor":[59,59,65,65,71,71,66,69,69,53,53,53,58,64,80,23,80,80,80,61,61,50,7,31,31,31,55,35,59,42,42,66,0],"gold":265,"neow_bonus":"REMOVE_TWO","is_prod":false,"is_daily":false,"chose_seed":false,"campfire_upgraded":2,"win_rate":0,"timestamp":1550471691,"path_taken":["M","?","M","$","M","R","M","E","T","?","?","R","M","?","R","BOSS","M","M","?","?","M","E","R","?","T","R","M","R","M","M","R","BOSS"],"build_version":"2019-01-23","purchased_purges":0,"victory":false,"max_hp_per_floor":[80,80,80,80,80,80,80,80,80,80,80,80,80,80,80,80,80,80,80,80,80,80,80,80,80,80,80,80,80,80,80,80,80],"card_choices":[{"not_picked":["Clothesline","Wild Strike"],"picked":"Sword Boomerang","floor":1},{"not_picked":["Anger","Wild Strike"],"picked":"Shrug It Off","floor":3},{"not_picked":["Warcry","Dark Embrace","Wild Strike"],"picked":"SKIP","floor":5},{"not_picked":["Sword Boomerang","Armaments"],"picked":"Pommel Strike","floor":7},{"not_picked":["Clothesline","Seeing Red","Pommel Strike"],"picked":"SKIP","floor":8},{"not_picked":["Havoc","True Grit","Reckless Charge"],"picked":"SKIP","floor":13},{"not_picked":["Hemokinesis","Warcry","Burning Pact"],"picked":"SKIP","floor":14},{"not_picked":["Limit Break","Reaper"],"picked":"Double Tap","floor":16},{"not_picked":["Ghostly Armor","Armaments"],"picked":"Entrench+1","floor":18},{"not_picked":["Clash+1","Anger"],"picked":"Flex+1","floor":19},{"not_picked":["Shrug It Off","Clothesline"],"picked":"Rampage+1","floor":20},{"not_picked":["Pommel Strike","Fire Breathing","Clash"],"picked":"SKIP","floor":22},{"not_picked":["Havoc","Body Slam"],"picked":"Juggernaut","floor":23},{"not_picked":["Havoc","True Grit"],"picked":"Sword Boomerang+1","floor":28},{"not_picked":["Reaper","Shrug It Off","Warcry"],"picked":"SKIP","floor":30},{"not_picked":["Armaments","Searing Blow","Clothesline"],"picked":"SKIP","floor":31}],"player_experience":199310,"relics_obtained":[{"floor":8,"key":"Centennial Puzzle"},{"floor":9,"key":"Dodecahedron"},{"floor":20,"key":"Red Mask"},{"floor":23,"key":"Bird Faced Urn"},{"floor":26,"key":"Bronze Scales"}],"event_choices":[{"cards_removed":["Strike_R"],"damage_healed":0,"gold_gain":0,"player_choice":"Card Removal","damage_taken":0,"max_hp_gain":0,"max_hp_loss":0,"event_name":"The Cleric","floor":2,"gold_loss":50},{"damage_healed":0,"gold_gain":0,"player_choice":"Entered Light","damage_taken":16,"max_hp_gain":0,"max_hp_loss":0,"event_name":"Shining Light","floor":10,"gold_loss":0,"cards_upgraded":["Strike_R","Pommel Strike"]},{"damage_healed":0,"gold_gain":0,"player_choice":"Leave","damage_taken":0,"max_hp_gain":0,"max_hp_loss":0,"event_name":"FaceTrader","floor":11,"gold_loss":0},{"damage_healed":0,"gold_gain":0,"player_choice":"Fought Bandits","damage_taken":0,"max_hp_gain":0,"max_hp_loss":0,"event_name":"Masked Bandits","floor":20,"gold_loss":0},{"cards_removed":["Defend_R"],"damage_healed":0,"gold_gain":0,"player_choice":"Gave Gold","damage_taken":0,"max_hp_gain":0,"max_hp_loss":0,"event_name":"Beggar","floor":21,"gold_loss":75},{"damage_healed":0,"gold_gain":0,"player_choice":"Smashed Altar","damage_taken":0,"max_hp_gain":0,"max_hp_loss":0,"event_name":"Forgotten Altar","floor":25,"gold_loss":0,"cards_obtained":["Decay"]}],"is_beta":false,"boss_relics":[{"not_picked":["Mark of Pain","Ectoplasm"],"picked":"Empty Cage"}],"items_purged_floors":[],"is_endless":false,"potions_floor_spawned":[5,7,13,14,16,19,23,30],"killed_by":"Collector","ascension_level":2}