{"path_per_floor":["M","?","M","M","M","R","M","E","T","E","M","$","R","M","R","B",null,"M"],"character_chosen":"DEFECT","items_purchased":["Fission","Capacitor"],"gold_per_floor":[112,112,123,143,158,158,172,204,228,257,267,43,43,55,55,150,150,160,160],"floor_reached":19,"campfire_rested":0,"playtime":1138,"item_purchase_floors":[12,12],"current_hp_per_floor":[75,75,75,75,75,75,75,58,58,44,61,61,61,75,75,32,75,57,0],"items_purged":[],"gold":160,"score":181,"play_id":"b4841a16-6f29-4f53-a037-800d6f4d0600","local_time":"20180602140948","is_prod":false,"is_daily":false,"chose_seed":false,"is_ascension_mode":false,"campfire_upgraded":3,"win_rate":0.0,"timestamp":1527941388,"campfire_choices":[{"data":"Self Repair","floor":6,"key":"SMITH"},{"data":"Fission","floor":13,"key":"SMITH"},{"data":"Streamline","floor":15,"key":"SMITH"}],"path_taken":["M","?","M","M","M","R","M","E","T","E","M","?","R","M","R","BOSS","M","M"],"build_version":"2018-05-31","seed_source_timestamp":47590112343524,"purchased_purges":0,"victory":false,"master_deck":["Strike_B","Strike_B","Strike_B","Strike_B","Defend_B","Defend_B","Defend_B","Defend_B","Zap+1","Dualcast+1","BootSequence","Self Repair+1","Self Repair","Fusion","Streamline+1","Amplify+1","Fission+1","Capacitor","Reprogram","All For One","Parasite","Pain","Parasite","FTL+1"],"max_hp_per_floor":[75,75,75,75,75,75,75,75,75,75,75,75,75,75,75,75,75,75,75],"relics":["Cracked Core","Lantern","Boot","War Paint","Calling Bell","Ancient Tea Set","Pantograph","Calipers"],"card_choices":[{"not_picked":["Gash","Stack"],"picked":"BootSequence","floor":1},{"not_picked":["Compile Driver","Sweeping Beam"],"picked":"Self Repair","floor":3},{"not_picked":["Barrage","Leap"],"picked":"Self Repair","floor":4},{"not_picked":["Conserve Battery","Barrage","Leap"],"picked":"SKIP","floor":5},{"not_picked":["Leap","Redo"],"picked":"Fusion","floor":7},{"not_picked":["Rebound","Hologram"],"picked":"Streamline","floor":8},{"not_picked":["Chill","Steam Power"],"picked":"Amplify","floor":10},{"not_picked":["Coolheaded","Go for the Eyes","Leap"],"picked":"SKIP","floor":11},{"not_picked":["Coolheaded","Go for the Eyes","Leap"],"picked":"SKIP","floor":11},{"not_picked":["Compile Driver","Sweeping Beam"],"picked":"Reprogram","floor":14},{"not_picked":["Multi-Cast","Creative AI"],"picked":"All For One","floor":16},{"not_picked":["Steam","Sweeping Beam"],"picked":"FTL+1","floor":18}],"player_experience":297447,"potions_floor_usage":[8,8,16,16],"damage_taken":[{"damage":0,"enemies":"Small Slimes","floor":1,"turns":3},{"damage":0,"enemies":"2 Louse","floor":3,"turns":3},{"damage":0,"enemies":"Jaw Worm","floor":4,"turns":3},{"damage":8,"enemies":"2 Fungi Beasts","floor":5,"turns":4},{"damage":7,"enemies":"Blue Slaver","floor":7,"turns":4},{"damage":34,"enemies":"Gremlin Nob","floor":8,"turns":4},{"damage":31,"enemies":"Lagavulin","floor":10,"turns":7},{"damage":0,"enemies":"Looter","floor":11,"turns":3},{"damage":8,"enemies":"Exordium Thugs","floor":14,"turns":5},{"damage":70,"enemies":"Slime Boss","floor":16,"turns":12},{"damage":42,"enemies":"3 Byrds","floor":18,"turns":7},{"damage":58,"enemies":"Shell Parasite","floor":19,"turns":6}],"relics_obtained":[{"floor":8,"key":"Lantern"},{"floor":9,"key":"Boot"},{"floor":10,"key":"War Paint"},{"floor":17,"key":"Ancient Tea Set"},{"floor":17,"key":"Pantograph"},{"floor":17,"key":"Calipers"}],"event_choices":[{"event_name":"Liars Game","player_choice":"disagreed","floor":2,"damage_taken":0}],"boss_relics":[{"not_picked":["Ectoplasm","Snecko Eye"],"picked":"Calling Bell"}],"items_purged_floors":[],"potions_floor_spawned":[4,5,10,11,14],"seed_played":"-2559626815687154900","killed_by":"Shell Parasite","ascension_level":0,"potions_obtained":[{"floor":4,"key":"Poison Potion"},{"floor":5,"key":"LiquidBronze"},{"floor":10,"key":"Dexterity Potion"},{"floor":11,"key":"Poison Potion"},{"floor":14,"key":"PowerPotion"}],"is_trial":false}