{"gold_per_floor":[116,131,4,4,15,15,40,40,40,40,40,57,88,38,38,137,137,148,59,59,78,78,109,109,122,175,175,203,213,213,213,213,213],"floor_reached":33,"playtime":1056,"items_purged":["Injury"],"score":291,"play_id":"abb77883-7a09-4606-8025-1127ceff96e6","local_time":"20190304104703","is_ascension_mode":false,"campfire_choices":[{"floor":11,"key":"REST"},{"data":"Streamline","floor":15,"key":"SMITH"},{"floor":24,"key":"REST"},{"floor":27,"key":"REST"},{"floor":32,"key":"REST"}],"neow_cost":"CURSE","seed_source_timestamp":3241445933033,"circlet_count":0,"master_deck":["Strike_B","Strike_B","Defend_B+1","Defend_B","Defend_B","Defend_B","Zap+1","Dualcast","Reinforced Body","Meteor Strike","Leap","Doom and Gloom+1","Fusion+1","Tempest+1","Double Energy","Conserve Battery","Streamline+1","Fission","Melter","Dark Shackles","Steam+1","Pain","Sweeping Beam+1","BootSequence","Conserve Battery+1"],"relics":["Cracked Core","Meat on the Bone","War Paint","Strawberry","Velvet Choker","WarpedTongs","Juzu Bracelet","Smiling Mask","Boot","MutagenicStrength","Nilry\u0027s Codex"],"potions_floor_usage":[7,7,7,28,29,33,33],"damage_taken":[{"damage":0,"enemies":"Cultist","floor":1,"turns":4},{"damage":2,"enemies":"Small Slimes","floor":2,"turns":3},{"damage":4,"enemies":"Jaw Worm","floor":5,"turns":2},{"damage":8,"enemies":"3 Sentries","floor":7,"turns":6},{"damage":12,"enemies":"Blue Slaver","floor":12,"turns":2},{"damage":11,"enemies":"Lagavulin","floor":13,"turns":6},{"damage":37,"enemies":"The Guardian","floor":16,"turns":10},{"damage":8,"enemies":"2 Thieves","floor":18,"turns":4},{"damage":0,"enemies":"Shell Parasite","floor":21,"turns":3},{"damage":47,"enemies":"Gremlin Leader","floor":23,"turns":9},{"damage":12,"enemies":"Sentry and Sphere","floor":25,"turns":4},{"damage":12,"enemies":"Slavers","floor":28,"turns":2},{"damage":26,"enemies":"3 Cultists","floor":29,"turns":4},{"damage":64,"enemies":"Collector","floor":33,"turns":9}],"seed_played":"605871279376931896","potions_obtained":[{"floor":1,"key":"Dexterity Potion"},{"floor":5,"key":"Block Potion"},{"floor":12,"key":"SteroidPotion"},{"floor":16,"key":"FocusPotion"},{"floor":25,"key":"Explosive Potion"},{"floor":29,"key":"PowerPotion"}],"is_trial":false,"path_per_floor":["M","M","$","?","M","?","E","$","T","$","R","M","E","$","R","B",null,"M","$","$","M","?","E","R","M","T","R","E","M","?","?","R","B"],"character_chosen":"DEFECT","items_purchased":["Block Potion","Streamline","Dark Shackles"],"campfire_rested":4,"item_purchase_floors":[3,14,19],"current_hp_per_floor":[75,73,73,58,54,54,46,46,46,46,68,56,52,52,52,27,82,74,74,74,74,74,39,63,51,51,75,63,49,49,33,57,0],"gold":213,"neow_bonus":"TRANSFORM_TWO_CARDS","is_prod":false,"is_daily":false,"chose_seed":false,"campfire_upgraded":1,"win_rate":0,"timestamp":1551718023,"path_taken":["M","M","$","?","M","?","E","?","T","?","R","M","E","$","R","BOSS","M","?","$","M","?","E","R","M","T","R","E","M","?","?","R","BOSS"],"build_version":"2019-01-23","purchased_purges":1,"victory":false,"max_hp_per_floor":[75,75,75,75,75,75,75,75,75,75,75,75,82,82,82,82,82,82,82,82,82,82,82,82,82,82,82,82,82,82,82,82,82],"card_choices":[{"not_picked":["Auto Shields","Barrage"],"picked":"Leap","floor":1},{"not_picked":["Double Energy","Ball Lightning"],"picked":"Doom and Gloom","floor":2},{"not_picked":["Sweeping Beam","Chaos"],"picked":"Fusion","floor":5},{"not_picked":["Sunder","FTL"],"picked":"Tempest","floor":7},{"not_picked":["Loop","Redo"],"picked":"Double Energy","floor":12},{"not_picked":["Tempest","Heatsinks"],"picked":"Conserve Battery","floor":13},{"not_picked":["All For One","Reboot"],"picked":"Fission","floor":16},{"not_picked":["Sunder","Loop"],"picked":"Melter","floor":18},{"not_picked":["Fusion","Auto Shields"],"picked":"Steam+1","floor":21},{"not_picked":["Turbo","Leap"],"picked":"Sweeping Beam+1","floor":23},{"not_picked":["Sweeping Beam","Rip and Tear"],"picked":"BootSequence","floor":25},{"not_picked":["Sweeping Beam+1","Scrape","Melter"],"picked":"SKIP","floor":28},{"not_picked":["Turbo","Leap"],"picked":"Conserve Battery+1","floor":29}],"player_experience":502049,"relics_obtained":[{"floor":7,"key":"Meat on the Bone"},{"floor":9,"key":"War Paint"},{"floor":13,"key":"Strawberry"},{"floor":23,"key":"Juzu Bracelet"},{"floor":26,"key":"Smiling Mask"},{"floor":28,"key":"Boot"},{"floor":31,"key":"Nilry\u0027s Codex"}],"event_choices":[{"damage_healed":0,"gold_gain":0,"player_choice":"Entered Light","damage_taken":15,"max_hp_gain":0,"max_hp_loss":0,"event_name":"Shining Light","floor":4,"gold_loss":0,"cards_upgraded":["Defend_B","Doom and Gloom"]},{"damage_healed":0,"gold_gain":0,"player_choice":"Grow","damage_taken":0,"max_hp_gain":0,"max_hp_loss":0,"event_name":"Living Wall","floor":6,"gold_loss":0,"cards_upgraded":["Fusion"]},{"damage_healed":0,"gold_gain":0,"player_choice":"Rummage","damage_taken":0,"relics_obtained":["WarpedTongs"],"max_hp_gain":0,"max_hp_loss":0,"event_name":"Accursed Blacksmith","floor":22,"gold_loss":0,"cards_obtained":["Pain"]},{"damage_healed":0,"gold_gain":0,"player_choice":"Inject Mutagens","damage_taken":0,"relics_obtained":["MutagenicStrength"],"max_hp_gain":0,"max_hp_loss":0,"event_name":"Drug Dealer","floor":30,"gold_loss":0},{"damage_healed":0,"gold_gain":0,"player_choice":"Obtained Book","damage_taken":16,"max_hp_gain":0,"max_hp_loss":0,"event_name":"Cursed Tome","floor":31,"gold_loss":0}],"is_beta":false,"boss_relics":[{"not_picked":["Black Star","Runic Dome"],"picked":"Velvet Choker"}],"items_purged_floors":[3],"is_endless":false,"potions_floor_spawned":[1,5,12,16,25,29],"killed_by":"Collector","ascension_level":0}