{"gold_per_floor":[12,26,46,63,63,91,91,109,109,124,124,70,70,80,80,181,181,191,191,116,136,136,136,61,61,61,61,79,99,21,21,21,123,123,143,163,163,163],"floor_reached":38,"playtime":1565,"items_purged":["Strike_G"],"score":474,"play_id":"9fcd933d-c56b-4717-9a0f-f57461dd8f8f","local_time":"20190218160032","is_ascension_mode":true,"campfire_choices":[{"floor":7,"key":"REST"},{"data":"Catalyst","floor":13,"key":"SMITH"},{"floor":15,"key":"REST"},{"floor":23,"key":"REST"},{"floor":25,"key":"REST"},{"floor":32,"key":"REST"}],"neow_cost":"NO_GOLD","seed_source_timestamp":19940429110400,"circlet_count":0,"master_deck":["Defend_G","Defend_G","Defend_G","Defend_G","Defend_G","Strike_G+1","Survivor","Neutralize","Quick Slash","Doppelganger","Deadly Poison","Bane","Terror","PiercingWail","Catalyst+1","Dagger Spray+1","Footwork","Deadly Poison","Flying Knee","After Image+1","Cloak And Dagger+1","Deflect","Deadly Poison","Footwork","Corpse Explosion","Dodge and Roll+1"],"relics":["Ring of the Serpent","Ancient Tea Set","PreservedInsect","Whetstone","Dodecahedron","Shovel"],"potions_floor_usage":[6,16,21,29,35,35,35],"damage_taken":[{"damage":0,"enemies":"Cultist","floor":1,"turns":4},{"damage":0,"enemies":"2 Louse","floor":2,"turns":2},{"damage":0,"enemies":"Small Slimes","floor":3,"turns":3},{"damage":5,"enemies":"Exordium Thugs","floor":4,"turns":7},{"damage":11,"enemies":"3 Sentries","floor":6,"turns":10},{"damage":3,"enemies":"Red Slaver","floor":8,"turns":3},{"damage":0,"enemies":"3 Louse","floor":10,"turns":2},{"damage":2,"enemies":"Blue Slaver","floor":14,"turns":3},{"damage":0,"enemies":"Hexaghost","floor":16,"turns":7},{"damage":11,"enemies":"Chosen","floor":18,"turns":5},{"damage":7,"enemies":"3 Byrds","floor":21,"turns":5},{"damage":0,"enemies":"Shelled Parasite and Fungi","floor":28,"turns":5},{"damage":8,"enemies":"Centurion and Healer","floor":29,"turns":5},{"damage":43,"enemies":"Champ","floor":33,"turns":12},{"damage":0,"enemies":"3 Darklings","floor":35,"turns":3},{"damage":5,"enemies":"Orb Walker","floor":36,"turns":5},{"damage":71,"enemies":"Awakened One","floor":38,"turns":4}],"seed_played":"2858327646594483968","potions_obtained":[{"floor":1,"key":"Weak Potion"},{"floor":3,"key":"Energy Potion"},{"floor":8,"key":"SkillPotion"},{"floor":14,"key":"FearPotion"},{"floor":16,"key":"EssenceOfSteel"},{"floor":21,"key":"Poison Potion"},{"floor":28,"key":"Explosive Potion"},{"floor":29,"key":"Explosive Potion"},{"floor":33,"key":"AttackPotion"}],"is_trial":false,"path_per_floor":["M","M","M","M","?","E","R","M","T","M","?","$","R","M","R","B",null,"M","?","$","M","?","R","?","R","T","$","M","M","$","?","R","B",null,"M","M","?","B"],"character_chosen":"THE_SILENT","items_purchased":["Deadly Poison","Footwork"],"campfire_rested":5,"item_purchase_floors":[12,30],"current_hp_per_floor":[70,70,70,65,58,47,68,65,65,65,65,65,65,63,70,70,70,59,59,59,52,39,61,61,75,75,75,75,67,67,67,75,32,75,75,70,70,0],"gold":163,"neow_bonus":"TRANSFORM_TWO_CARDS","is_prod":false,"is_daily":false,"chose_seed":false,"campfire_upgraded":1,"win_rate":0,"timestamp":1550527232,"path_taken":["M","M","?","M","?","E","R","M","T","M","?","$","R","?","R","BOSS","M","?","?","M","?","R","?","R","T","$","M","?","$","?","R","BOSS","M","M","?","BOSS"],"build_version":"2019-01-23","purchased_purges":1,"victory":false,"max_hp_per_floor":[70,70,70,70,70,70,70,70,70,70,70,70,70,70,70,70,70,70,70,70,70,75,75,75,75,75,75,75,75,75,75,75,75,75,75,75,75,75],"card_choices":[{"not_picked":["Flechettes","Distraction"],"picked":"Deadly Poison","floor":1},{"not_picked":["Cloak And Dagger","Dagger Throw"],"picked":"Bane","floor":2},{"not_picked":["PiercingWail","Distraction"],"picked":"Terror","floor":3},{"not_picked":["Underhanded Strike","Caltrops"],"picked":"PiercingWail","floor":4},{"not_picked":["Flying Knee","Slice"],"picked":"Catalyst","floor":6},{"not_picked":["Expertise","Prepared"],"picked":"Dagger Spray","floor":8},{"not_picked":["Sucker Punch","Masterful Stab"],"picked":"Footwork","floor":10},{"not_picked":["Quick Slash","PiercingWail"],"picked":"Flying Knee","floor":14},{"not_picked":["Storm of Steel","A Thousand Cuts"],"picked":"After Image","floor":16},{"not_picked":["Expertise","Deflect"],"picked":"Cloak And Dagger+1","floor":18},{"not_picked":["Tactician+1","Sucker Punch","Dagger Spray"],"picked":"SKIP","floor":21},{"not_picked":["Setup+1","Skewer+1"],"picked":"Deflect","floor":28},{"not_picked":["Flying Knee+1","Slice"],"picked":"Deadly Poison","floor":29},{"not_picked":["Bullet Time","Wraith Form v2"],"picked":"Corpse Explosion","floor":33},{"not_picked":["Distraction","Sucker Punch+1"],"picked":"Dodge and Roll+1","floor":35},{"not_picked":["Dagger Throw","Bouncing Flask","Tactician"],"picked":"SKIP","floor":36}],"player_experience":212064,"relics_obtained":[{"floor":6,"key":"PreservedInsect"},{"floor":9,"key":"Whetstone"},{"floor":26,"key":"Shovel"}],"event_choices":[{"damage_healed":0,"gold_gain":0,"player_choice":"Success","damage_taken":7,"relics_obtained":["Ancient Tea Set"],"max_hp_gain":0,"max_hp_loss":0,"event_name":"Scrap Ooze","floor":5,"gold_loss":0},{"damage_healed":0,"gold_gain":0,"player_choice":"Gave Potion","damage_taken":0,"relics_obtained":["Dodecahedron"],"max_hp_gain":0,"max_hp_loss":0,"event_name":"WeMeetAgain","floor":11,"gold_loss":0},{"damage_healed":0,"gold_gain":0,"player_choice":"Forge","damage_taken":0,"max_hp_gain":0,"max_hp_loss":0,"event_name":"Accursed Blacksmith","floor":19,"gold_loss":0,"cards_upgraded":["After Image"]},{"damage_healed":0,"gold_gain":0,"player_choice":"Shed Blood","damage_taken":18,"max_hp_gain":5,"max_hp_loss":0,"event_name":"Forgotten Altar","floor":22,"gold_loss":0},{"cards_removed":["Strike_G"],"damage_healed":0,"gold_gain":0,"player_choice":"Gave Gold","damage_taken":0,"max_hp_gain":0,"max_hp_loss":0,"event_name":"Beggar","floor":24,"gold_loss":75},{"damage_healed":0,"gold_gain":0,"player_choice":"Ignored","damage_taken":0,"max_hp_gain":0,"max_hp_loss":0,"event_name":"Vampires","floor":31,"gold_loss":0},{"damage_healed":0,"gold_gain":0,"player_choice":"Took Portal","damage_taken":0,"max_hp_gain":0,"max_hp_loss":0,"event_name":"SecretPortal","floor":37,"gold_loss":0}],"is_beta":false,"boss_relics":[{"not_picked":["WristBlade","Pandora\u0027s Box"],"picked":"Ring of the Serpent"},{"not_picked":["Astrolabe","Snecko Eye","Fusion Hammer"]}],"items_purged_floors":[20],"is_endless":false,"potions_floor_spawned":[1,3,8,14,16,21,28,29,33],"killed_by":"Awakened One","ascension_level":1}