{"gold_per_floor":[110,124,144,162,162,162,180,180,180,180,194,211,211,231,231,331,331,343,355,295,314,67,67,85,96,148,148,158,158,158,169,169,169],"floor_reached":33,"playtime":1717,"items_purged":["Clothesline","Pommel Strike"],"score":365,"play_id":"859f674e-6357-4ab2-bcdc-33f78687e2a3","local_time":"20181103003024","is_ascension_mode":true,"campfire_choices":[{"data":"Evolve","floor":6,"key":"SMITH"},{"data":"Battle Trance","floor":8,"key":"SMITH"},{"data":"Headbutt","floor":10,"key":"SMITH"},{"data":"Spot Weakness","floor":13,"key":"SMITH"},{"data":"Pommel Strike","floor":15,"key":"SMITH"},{"data":"Heavy Blade","floor":23,"key":"SMITH"},{"floor":29,"key":"REST"},{"floor":32,"key":"REST"}],"neow_cost":"NONE","seed_source_timestamp":2073381043037479,"circlet_count":0,"master_deck":["Bash","Evolve+1","Ghostly Armor","Headbutt+1","Battle Trance+1","Cleave","Disarm","Pommel Strike+1","Spot Weakness+1","Demon Form","Headbutt","Thunderclap","Uppercut","Iron Wave+1","Pommel Strike","Havoc","Heavy Blade+1","Shockwave","Flame Barrier+1"],"relics":["Burning Blood","The Courier","Pandora\u0027s Box","Lee\u0027s Waffle","Pen Nib"],"potions_floor_usage":[14,19,25,25],"damage_taken":[{"damage":0,"enemies":"Small Slimes","floor":1,"turns":6},{"damage":4,"enemies":"2 Louse","floor":2,"turns":4},{"damage":3,"enemies":"Cultist","floor":3,"turns":6},{"damage":40,"enemies":"Exordium Wildlife","floor":4,"turns":9},{"damage":10,"enemies":"3 Louse","floor":7,"turns":3},{"damage":1,"enemies":"2 Fungi Beasts","floor":11,"turns":5},{"damage":10,"enemies":"Lots of Slimes","floor":12,"turns":3},{"damage":0,"enemies":"Gremlin Gang","floor":14,"turns":3},{"damage":31,"enemies":"The Guardian","floor":16,"turns":12},{"damage":22,"enemies":"Chosen","floor":18,"turns":6},{"damage":12,"enemies":"3 Byrds","floor":19,"turns":4},{"damage":43,"enemies":"3 Cultists","floor":21,"turns":5},{"damage":51,"enemies":"Sentry and Sphere","floor":24,"turns":7},{"damage":16,"enemies":"Chosen and Byrds","floor":25,"turns":5},{"damage":31,"enemies":"Snake Plant","floor":28,"turns":5},{"damage":27,"enemies":"Shelled Parasite and Fungi","floor":31,"turns":4},{"damage":48,"enemies":"Champ","floor":33,"turns":7}],"seed_played":"-1760712848721455399","potions_obtained":[{"floor":1,"key":"Strength Potion"},{"floor":4,"key":"SneckoOil"},{"floor":11,"key":"Energy Potion"},{"floor":12,"key":"Explosive Potion"},{"floor":16,"key":"Weak Potion"},{"floor":21,"key":"Energy Potion"},{"floor":28,"key":"SmokeBomb"}],"is_trial":false,"path_per_floor":["M","M","M","M","?","R","M","R","T","R","M","M","R","M","R","B",null,"M","M","$","M","$","R","M","M","T","?","M","R","?","M","R","B"],"character_chosen":"IRONCLAD","items_purchased":["Lee\u0027s Waffle"],"campfire_rested":2,"item_purchase_floors":[22],"current_hp_per_floor":[78,80,80,46,46,46,42,42,42,42,47,43,43,49,49,24,66,50,44,44,7,87,87,42,32,32,32,7,33,33,12,38,0],"gold":169,"neow_bonus":"THREE_CARDS","is_prod":false,"is_daily":false,"chose_seed":false,"campfire_upgraded":6,"win_rate":0,"timestamp":1541201424,"path_taken":["M","M","M","M","?","R","M","R","T","R","M","M","R","M","R","BOSS","M","M","$","M","$","R","M","M","T","?","?","R","?","M","R","BOSS"],"build_version":"2018-11-01","purchased_purges":2,"victory":false,"max_hp_per_floor":[80,80,80,80,80,80,80,80,80,80,80,80,80,80,80,80,80,80,80,80,80,87,87,87,87,87,87,87,87,87,87,87,87],"card_choices":[{"not_picked":["Armaments","Sword Boomerang"],"picked":"Evolve","floor":0},{"not_picked":["Havoc","Disarm"],"picked":"Ghostly Armor","floor":1},{"not_picked":["Searing Blow","Wild Strike"],"picked":"Headbutt","floor":2},{"not_picked":["Sentinel","Warcry"],"picked":"Battle Trance","floor":3},{"not_picked":["Sever Soul","Spot Weakness"],"picked":"Cleave","floor":4},{"not_picked":["Impervious","Warcry"],"picked":"Disarm","floor":7},{"not_picked":["Twin Strike","Wild Strike"],"picked":"Pommel Strike","floor":11},{"not_picked":["Evolve","Clothesline"],"picked":"Spot Weakness","floor":12},{"not_picked":["Rampage","Thunderclap","Armaments"],"picked":"SKIP","floor":14},{"not_picked":["Limit Break","Offering"],"picked":"Demon Form","floor":16},{"not_picked":["Clash","Iron Wave"],"picked":"Heavy Blade","floor":18},{"not_picked":["Infernal Blade+1","Flex+1","Uppercut"],"picked":"SKIP","floor":19},{"not_picked":["Wild Strike","Cleave","Twin Strike"],"picked":"SKIP","floor":21},{"not_picked":["Anger+1","Armaments+1","Fiend Fire"],"picked":"SKIP","floor":24},{"not_picked":["Carnage+1","Rampage","Perfected Strike+1"],"picked":"SKIP","floor":25},{"not_picked":["Thunderclap","Warcry+1"],"picked":"Shockwave","floor":28},{"not_picked":["True Grit","Headbutt"],"picked":"Flame Barrier+1","floor":31}],"player_experience":528570,"relics_obtained":[{"floor":9,"key":"The Courier"},{"floor":26,"key":"Pen Nib"}],"event_choices":[{"cards_removed":["Strike_R"],"damage_healed":0,"gold_gain":0,"player_choice":"Forget","damage_taken":0,"max_hp_gain":0,"max_hp_loss":0,"event_name":"Living Wall","floor":5,"gold_loss":0},{"damage_healed":0,"gold_gain":0,"player_choice":"Forge","damage_taken":0,"max_hp_gain":0,"max_hp_loss":0,"event_name":"Accursed Blacksmith","floor":27,"gold_loss":0,"cards_upgraded":["Iron Wave"]},{"damage_healed":0,"gold_gain":0,"player_choice":"Ignored","damage_taken":0,"max_hp_gain":0,"max_hp_loss":0,"event_name":"The Mausoleum","floor":30,"gold_loss":0}],"is_beta":false,"boss_relics":[{"not_picked":["Cursed Key","Calling Bell"],"picked":"Pandora\u0027s Box"}],"items_purged_floors":[20,22],"is_endless":false,"potions_floor_spawned":[1,4,11,12,16,18,21,28],"killed_by":"Champ","ascension_level":7}