{"gold_per_floor":[117,117,128,128,148,148,148,168,193,210,210,229,247,267,267,372,372,383,383,401,401,415,415,428,428,428,428,428,428,428,438,438,540,540,558,569,29,129,129],"floor_reached":39,"playtime":2742,"items_purged":[],"score":425,"play_id":"0572e366-d1f5-482e-b3fa-ef80536e29d1","local_time":"20190211134604","is_ascension_mode":false,"campfire_choices":[{"data":"Footwork","floor":6,"key":"SMITH"},{"data":"Crippling Poison","floor":11,"key":"SMITH"},{"data":"Catalyst","floor":15,"key":"SMITH"},{"floor":23,"key":"REST"},{"data":"Burst","floor":25,"key":"SMITH"},{"floor":29,"key":"REST"},{"floor":32,"key":"REST"}],"neow_cost":"NONE","seed_source_timestamp":13243247954173,"circlet_count":0,"master_deck":["Defend_G","Defend_G+1","Defend_G","Defend_G","Defend_G","Strike_G","Strike_G","Strike_G","Strike_G","Survivor","Neutralize","Footwork+1","Bouncing Flask+1","Unload","Catalyst+1","Crippling Poison+1","Backflip","Slice","Catalyst","Burst+1","Distraction","Dash","Bane","RitualDagger","Blur","Terror","Quick Slash+1","Burst","Bane+1","PiercingWail+1","Outmaneuver+1","PiercingWail","Bouncing Flask+1","Forethought","Deadly Poison","Acrobatics+1"],"relics":["Ring of the Snake","War Paint","Potion Belt","Snecko Eye","Kunai","Question Card","Orrery","DollysMirror","Happy Flower","Calipers"],"potions_floor_usage":[16,16,16,31,33,38,38],"damage_taken":[{"damage":0,"enemies":"Small Slimes","floor":1,"turns":4},{"damage":0,"enemies":"Jaw Worm","floor":3,"turns":7},{"damage":0,"enemies":"2 Louse","floor":5,"turns":5},{"damage":0,"enemies":"Exordium Wildlife","floor":8,"turns":4},{"damage":5,"enemies":"2 Fungi Beasts","floor":10,"turns":4},{"damage":2,"enemies":"Large Slime","floor":12,"turns":8},{"damage":2,"enemies":"Looter","floor":13,"turns":3},{"damage":0,"enemies":"2 Fungi Beasts","floor":14,"turns":3},{"damage":32,"enemies":"Hexaghost","floor":16,"turns":6},{"damage":0,"enemies":"Chosen","floor":18,"turns":2},{"damage":2,"enemies":"Shell Parasite","floor":20,"turns":3},{"damage":21,"enemies":"Chosen and Byrds","floor":22,"turns":7},{"damage":12,"enemies":"Shelled Parasite and Fungi","floor":24,"turns":2},{"damage":32,"enemies":"Cultist and Chosen","floor":31,"turns":7},{"damage":61,"enemies":"Champ","floor":33,"turns":11},{"damage":18,"enemies":"Orb Walker","floor":35,"turns":5},{"damage":16,"enemies":"3 Darklings","floor":36,"turns":6},{"damage":4,"enemies":"Mind Bloom Boss Battle","floor":38,"turns":7},{"damage":53,"enemies":"4 Shapes","floor":39,"turns":5}],"seed_played":"7572529040356739853","potions_obtained":[{"floor":5,"key":"FearPotion"},{"floor":8,"key":"EssenceOfSteel"},{"floor":10,"key":"AttackPotion"},{"floor":14,"key":"Energy Potion"},{"floor":18,"key":"Energy Potion"},{"floor":22,"key":"SkillPotion"},{"floor":33,"key":"SteroidPotion"},{"floor":35,"key":"SkillPotion"},{"floor":36,"key":"Regen Potion"}],"is_trial":false,"path_per_floor":["M","?","M","?","M","R","?","M","T","M","R","M","M","M","R","B",null,"M","?","M","?","M","R","M","R","T","?","T","R","?","M","R","B",null,"M","M","$","?","M"],"character_chosen":"THE_SILENT","items_purchased":["DollysMirror","Happy Flower","Forethought","Deadly Poison","Fire Potion"],"campfire_rested":3,"item_purchase_floors":[37,37,37,37,37],"current_hp_per_floor":[70,70,70,75,75,75,72,72,72,67,67,65,63,63,63,31,75,75,75,73,67,46,68,56,56,56,56,56,75,75,43,65,4,75,57,41,41,52,0],"gold":129,"neow_bonus":"REMOVE_CARD","is_prod":false,"is_daily":false,"chose_seed":false,"campfire_upgraded":4,"win_rate":0.0,"timestamp":1549914364,"path_taken":["M","?","M","?","M","R","?","M","T","M","R","M","?","M","R","BOSS","M","?","M","?","M","R","M","R","T","?","?","R","?","M","R","BOSS","M","M","?","?","M"],"build_version":"2019-01-23","purchased_purges":0,"victory":false,"max_hp_per_floor":[70,70,70,75,75,75,75,75,75,75,75,75,75,75,75,75,75,75,75,75,75,75,75,75,75,75,75,75,75,75,75,75,75,75,75,75,75,75,75],"card_choices":[{"not_picked":["Sucker Punch","Blade Dance"],"picked":"Footwork","floor":1},{"not_picked":["Riddle With Holes","Prepared"],"picked":"Bouncing Flask","floor":3},{"not_picked":["Outmaneuver","Acrobatics"],"picked":"Unload","floor":5},{"not_picked":["Deadly Poison","Finisher"],"picked":"Catalyst","floor":8},{"not_picked":["Escape Plan","Distraction"],"picked":"Crippling Poison","floor":10},{"not_picked":["Dagger Throw","Deflect"],"picked":"Backflip","floor":12},{"not_picked":["Dodge and Roll","Outmaneuver"],"picked":"Slice","floor":13},{"not_picked":["Blade Dance","Cloak And Dagger"],"picked":"Catalyst","floor":14},{"not_picked":["Envenom","Wraith Form v2"],"picked":"Burst","floor":16},{"not_picked":["Calculated Gamble","Blade Dance"],"picked":"Distraction","floor":18},{"not_picked":["Blade Dance+1","Accuracy"],"picked":"Bane","floor":20},{"not_picked":["Prepared","Skewer"],"picked":"Blur","floor":22},{"not_picked":["Crippling Poison","Quick Slash"],"picked":"Terror","floor":24},{"not_picked":["Slice","Cloak And Dagger","Noxious Fumes"],"picked":"Quick Slash+1","floor":31},{"not_picked":["Doppelganger","After Image","Corpse Explosion"],"picked":"Burst","floor":33},{"not_picked":["Quick Slash","Dagger Spray","Prepared"],"picked":"Bane+1","floor":34},{"not_picked":["Finisher","Prepared+1","Caltrops"],"picked":"PiercingWail+1","floor":34},{"not_picked":["Bouncing Flask","Reflex","Flying Knee"],"picked":"Outmaneuver+1","floor":34},{"not_picked":["Accuracy","Caltrops","Backflip+1"],"picked":"PiercingWail","floor":35},{"not_picked":["Die Die Die","Well Laid Plans","Sucker Punch+1","Prepared+1"],"picked":"SKIP","floor":36},{"not_picked":["Terror","Underhanded Strike","PiercingWail+1"],"picked":"Acrobatics+1","floor":38}],"player_experience":54243,"relics_obtained":[{"floor":9,"key":"Potion Belt"},{"floor":26,"key":"Kunai"},{"floor":28,"key":"Question Card"},{"floor":38,"key":"Calipers"}],"event_choices":[{"damage_healed":0,"gold_gain":0,"player_choice":"Ignored","damage_taken":0,"max_hp_gain":0,"max_hp_loss":0,"event_name":"Liars Game","floor":2,"gold_loss":0},{"damage_healed":0,"gold_gain":0,"player_choice":"Donut","damage_taken":0,"max_hp_gain":5,"max_hp_loss":0,"event_name":"Big Fish","floor":4,"gold_loss":0},{"damage_healed":0,"gold_gain":0,"player_choice":"Success","damage_taken":3,"relics_obtained":["War Paint"],"max_hp_gain":0,"max_hp_loss":0,"event_name":"Scrap Ooze","floor":7,"gold_loss":0},{"damage_healed":0,"gold_gain":0,"player_choice":"Read","damage_taken":0,"max_hp_gain":0,"max_hp_loss":0,"event_name":"The Library","floor":19,"gold_loss":0,"cards_obtained":["Dash"]},{"damage_healed":0,"gold_gain":0,"player_choice":"Joined the Cult","damage_taken":6,"max_hp_gain":0,"max_hp_loss":0,"event_name":"Nest","floor":21,"gold_loss":0,"cards_obtained":["RitualDagger"]},{"damage_healed":0,"gold_gain":0,"player_choice":"Ignored","damage_taken":0,"max_hp_gain":0,"max_hp_loss":0,"event_name":"The Mausoleum","floor":27,"gold_loss":0},{"damage_healed":0,"gold_gain":0,"player_choice":"Leave","damage_taken":0,"max_hp_gain":0,"max_hp_loss":0,"event_name":"FaceTrader","floor":30,"gold_loss":0},{"damage_healed":0,"gold_gain":0,"player_choice":"Fight","damage_taken":0,"max_hp_gain":0,"max_hp_loss":0,"event_name":"MindBloom","floor":38,"gold_loss":0}],"is_beta":false,"boss_relics":[{"not_picked":["WristBlade","White Beast Statue"],"picked":"Snecko Eye"},{"not_picked":["Calling Bell","Astrolabe"],"picked":"Orrery"}],"items_purged_floors":[],"is_endless":false,"potions_floor_spawned":[5,8,10,14,18,22,33,35,36],"killed_by":"4 Shapes","ascension_level":0}