{"path_per_floor":["M","?","M","M","?","R","?","E","T","?","M","E","M","M","R","B",null,"M","?","?","?","M","R"],"character_chosen":"THE_SILENT","items_purchased":[],"gold_per_floor":[110,60,77,97,97,97,97,124,124,199,219,249,262,279,279,384,384,403,403,453,378,352,352],"floor_reached":24,"campfire_rested":1,"playtime":2053,"current_hp_per_floor":[70,70,70,70,67,67,60,30,30,19,13,5,5,5,26,3,70,59,49,49,49,36,36],"items_purged":[],"gold":352,"score":232,"play_id":"f06613e6-436c-4ccd-9382-e238529ccae4","is_prod":false,"is_daily":false,"is_ascension_mode":false,"campfire_upgraded":2,"path_taken":["M","?","M","M","?","R","?","E","T","?","M","E","M","M","R","BOSS","M","?","?","?","M","R","E"],"build_version":"2018-02-15-PROD1","purchased_purges":0,"victory":false,"master_deck":["Defend_G","Defend_G","Defend_G","Defend_G","Defend_G","Survivor+1","Neutralize","Unload","Backflip+1","Doppelganger","Deadly Poison","Deadly Poison","Infinite Blades","Acrobatics","A Thousand Cuts","Adrenaline","Dagger Spray+1","Bite","Bite","Bite","Bite","Malaise"],"max_hp_per_floor":[70,70,70,70,70,70,70,70,70,70,70,70,70,70,70,70,70,70,49,49,49,49,49],"relics":["Ring of the Snake","Ancient Tea Set","Juzu Bracelet","Tingsha","Bottled Lightning","Runic Pyramid"],"card_choices":[{"not_picked":["Dodge and Roll","Slice"],"picked":"Backflip"},{"not_picked":["Riddle With Holes","Heel Hook"],"picked":"Doppelganger"},{"not_picked":["Heel Hook","All Out Attack"],"picked":"Deadly Poison"},{"not_picked":["Dodge and Roll","Acrobatics"],"picked":"Deadly Poison"},{"not_picked":["Backstab","Dodge and Roll"],"picked":"Infinite Blades"},{"not_picked":["Distraction","Dagger Spray"],"picked":"Acrobatics"},{"not_picked":["Backflip","Dagger Throw"],"picked":"A Thousand Cuts"},{"not_picked":["Glass Knife","Phantasmal Killer"],"picked":"Adrenaline"},{"not_picked":["Prepared","Deflect"],"picked":"Dagger Spray"},{"not_picked":["Dodge and Roll","Slice"],"picked":"Malaise"}],"player_experience":135655,"potions_floor_usage":[12,12,18,22,24],"damage_taken":[{"damage":0,"enemies":"2 Louse","floor":1,"turns":2},{"damage":0,"enemies":"Small Slimes","floor":3,"turns":4},{"damage":0,"enemies":"Jaw Worm","floor":4,"turns":5},{"damage":30,"enemies":"Gremlin Nob","floor":8,"turns":5},{"damage":6,"enemies":"2 Fungi Beasts","floor":11,"turns":3},{"damage":8,"enemies":"Lagavulin","floor":12,"turns":5},{"damage":0,"enemies":"Looter","floor":13,"turns":4},{"damage":0,"enemies":"Large Slime","floor":14,"turns":5},{"damage":23,"enemies":"The Guardian","floor":16,"turns":11},{"damage":11,"enemies":"Chosen","floor":18,"turns":5},{"damage":21,"enemies":"2 Thieves","floor":22,"turns":5},{"damage":64,"enemies":"Gremlin Leader","floor":24,"turns":6}],"event_choices":[{"event_name":"The Cleric","player_choice":"Card Removal","floor":2,"damage_taken":0},{"event_name":"Scrap Ooze","player_choice":"success","floor":5,"damage_taken":3},{"event_name":"Golden Wing","player_choice":"Card Removal","floor":7,"damage_taken":0},{"event_name":"World of Goop","player_choice":"Gather Gold","floor":10,"damage_taken":0},{"event_name":"Vampires","player_choice":"Became a vampire","floor":19,"damage_taken":0},{"event_name":"The Joust","player_choice":"Bet on Murderer","floor":20,"damage_taken":0},{"event_name":"Beggar","player_choice":"Gave Gold","floor":21,"damage_taken":0}],"boss_relics":[{"not_picked":["Calling Bell","White Beast Statue"],"picked":"Runic Pyramid"}],"potions_floor_spawned":[8,11,13,14,16],"seed_played":"-6187585194854945760","killed_by":"Gremlin Leader","ascension_level":0,"is_trial":false}