{"path_per_floor":["M","?","?","M","$","E","R","E","T","M","M","?","E","M","R","B",null,"M","?","M","$","?","M","?","E","T","E","M","?","R","?","R","B",null,"M","M","M","M","?","E","M","M","T","M","E","M","M","E","R","B"],"character_chosen":"DEFECT","items_purchased":["White Noise","Static Discharge"],"gold_per_floor":[117,117,117,134,62,90,90,115,115,128,141,141,176,200,200,323,323,336,336,359,250,250,269,305,341,391,431,446,361,361,361,361,486,486,511,535,553,569,637,672,692,711,711,725,758,777,801,844,844,844],"floor_reached":51,"campfire_rested":0,"playtime":3163,"item_purchase_floors":[5,21],"current_hp_per_floor":[73,73,73,73,73,69,69,48,48,57,71,53,62,66,66,24,75,75,82,82,82,82,75,61,44,44,41,58,58,58,58,58,43,82,82,82,82,74,74,56,72,92,92,96,96,96,96,74,74,52],"items_purged":["Writhe"],"gold":844,"score":851,"play_id":"25cc1607-022e-4b03-887a-43df77f95a98","local_time":"20180607191610","is_prod":false,"is_daily":false,"chose_seed":false,"is_ascension_mode":false,"campfire_upgraded":5,"win_rate":0,"timestamp":1528391770,"campfire_choices":[{"data":"Self Repair","floor":7,"key":"SMITH"},{"data":"Storm","floor":15,"key":"SMITH"},{"data":"Force Field","floor":30,"key":"SMITH"},{"data":"White Noise","floor":32,"key":"SMITH"},{"data":"Seek","floor":49,"key":"SMITH"}],"path_taken":["M","?","?","M","?","E","R","E","T","M","M","?","E","M","R","BOSS","M","?","M","$","?","?","?","E","T","E","M","?","R","?","R","BOSS","M","M","M","?","?","E","?","M","T","M","E","M","M","E","R","BOSS"],"build_version":"2018-05-31","seed_source_timestamp":105690881665783,"purchased_purges":1,"victory":true,"master_deck":["Zap+1","Dualcast","Heatsinks","Regret","Sunder+1","White Noise+1","Self Repair+1","Self Repair","Force Field+1","Storm+1","Reinforced Body","Machine Learning","Scrape","Streamline","Stack","Gash","Reinforced Body","Cold Snap+1","Hologram","Scrape","Self Repair","Static Discharge","Storm","Force Field","Storm+1","Echo Form","Barrage+1","Double Energy","Undo+1","White Noise+1","Storm","Storm+1","Seek+1"],"max_hp_per_floor":[75,75,75,75,75,75,75,75,75,75,75,75,75,75,75,75,75,75,82,82,82,82,82,82,82,82,82,82,82,82,82,82,82,82,82,82,82,82,96,96,96,96,96,96,96,96,96,96,96,96],"relics":["Cracked Core","Happy Flower","Gremlin Horn","War Paint","Bottled Flame","Golden Idol","Anchor","Pandora\u0027s Box","Strawberry","Red Mask","Regal Pillow","Whetstone","Potion Belt","Art of War","Nuclear Battery","Mango","Lantern","Bottled Lightning","Pantograph","Dream Catcher"],"card_choices":[{"not_picked":["Ball Lightning","Turbo"],"picked":"Heatsinks","floor":1},{"not_picked":["Compile Driver","Reprogram"],"picked":"Sunder","floor":4},{"not_picked":["Undo","BootSequence"],"picked":"Self Repair","floor":6},{"not_picked":["Beam Cell","Stack"],"picked":"Self Repair","floor":8},{"not_picked":["Conserve Battery","Rip and Tear"],"picked":"Force Field","floor":10},{"not_picked":["Beam Cell","Hello World","Sweeping Beam"],"picked":"SKIP","floor":11},{"not_picked":["Turbo","Scrape"],"picked":"Storm","floor":13},{"not_picked":["Hyperbeam","Aggregate"],"picked":"Reinforced Body","floor":14},{"not_picked":["Thunder Strike","Seek"],"picked":"Machine Learning","floor":16},{"not_picked":["Chaos","Coolheaded"],"picked":"Self Repair","floor":18},{"not_picked":["Cold Snap+1","Reinforced Body","Stack"],"picked":"SKIP","floor":20},{"not_picked":["Barrage","Fusion+1"],"picked":"Storm","floor":23},{"not_picked":["Cold Snap","Aggregate+1"],"picked":"Force Field","floor":25},{"not_picked":["Redo","Cold Snap+1","Rainbow"],"picked":"SKIP","floor":27},{"not_picked":["Stack","Beam Cell+1","Glacier"],"picked":"SKIP","floor":28},{"not_picked":["Seek","Electrodynamics"],"picked":"Echo Form","floor":33},{"not_picked":["Hello World+1","Streamline+1"],"picked":"Barrage+1","floor":35},{"not_picked":["Coolheaded","Barrage"],"picked":"Double Energy","floor":36},{"not_picked":["Coolheaded+1","Conserve Battery+1"],"picked":"Undo+1","floor":37},{"not_picked":["Stack","Lockon","Melter+1"],"picked":"SKIP","floor":38},{"not_picked":["Compile Driver+1","Coolheaded","Cold Snap+1"],"picked":"SKIP","floor":40},{"not_picked":["All For One","Steam Power","Rebound"],"picked":"SKIP","floor":41},{"not_picked":["Steam Power","Reprogram","Leap"],"picked":"SKIP","floor":42},{"not_picked":["Steam+1","Sweeping Beam+1"],"picked":"White Noise+1","floor":44},{"not_picked":["Reprogram","Lockon+1"],"picked":"Storm","floor":45},{"not_picked":["Turbo","Rebound+1"],"picked":"Storm+1","floor":46},{"not_picked":["Conserve Battery+1","Lockon","Reinforced Body+1"],"picked":"SKIP","floor":47},{"not_picked":["Redo+1","Recycle"],"picked":"Seek","floor":48}],"player_experience":336084,"potions_floor_usage":[13,13,27,33,33,33,38,48,50,50,50],"damage_taken":[{"damage":2,"enemies":"Small Slimes","floor":1,"turns":3},{"damage":0,"enemies":"2 Louse","floor":4,"turns":2},{"damage":4,"enemies":"3 Sentries","floor":6,"turns":3},{"damage":31,"enemies":"Gremlin Nob","floor":8,"turns":4},{"damage":8,"enemies":"Jaw Worm","floor":10,"turns":4},{"damage":3,"enemies":"Exordium Wildlife","floor":11,"turns":3},{"damage":8,"enemies":"3 Sentries","floor":13,"turns":6},{"damage":6,"enemies":"Looter","floor":14,"turns":3},{"damage":59,"enemies":"Hexaghost","floor":16,"turns":9},{"damage":3,"enemies":"Spheric Guardian","floor":18,"turns":4},{"damage":9,"enemies":"Shell Parasite","floor":20,"turns":5},{"damage":31,"enemies":"Centurion and Healer","floor":23,"turns":8},{"damage":31,"enemies":"Masked Bandits","floor":24,"turns":4},{"damage":41,"enemies":"Book of Stabbing","floor":25,"turns":5},{"damage":27,"enemies":"Gremlin Leader","floor":27,"turns":4},{"damage":7,"enemies":"Snake Plant","floor":28,"turns":4},{"damage":39,"enemies":"Collector","floor":33,"turns":8},{"damage":2,"enemies":"3 Shapes","floor":35,"turns":2},{"damage":0,"enemies":"Orb Walker","floor":36,"turns":2},{"damage":13,"enemies":"3 Darklings","floor":37,"turns":3},{"damage":32,"enemies":"Maw","floor":38,"turns":4},{"damage":21,"enemies":"Mysterious Sphere","floor":39,"turns":3},{"damage":42,"enemies":"2 Orb Walkers","floor":40,"turns":5},{"damage":1,"enemies":"4 Shapes","floor":41,"turns":3},{"damage":4,"enemies":"Sphere and 2 Shapes","floor":42,"turns":4},{"damage":0,"enemies":"3 Darklings","floor":44,"turns":2},{"damage":6,"enemies":"Giant Head","floor":45,"turns":7},{"damage":20,"enemies":"Maw","floor":46,"turns":5},{"damage":4,"enemies":"4 Shapes","floor":47,"turns":3},{"damage":32,"enemies":"2 Orb Walkers","floor":48,"turns":4},{"damage":63,"enemies":"Donu and Deca","floor":50,"turns":5}],"relics_obtained":[{"floor":6,"key":"Gremlin Horn"},{"floor":8,"key":"War Paint"},{"floor":9,"key":"Bottled Flame"},{"floor":13,"key":"Anchor"},{"floor":24,"key":"Red Mask"},{"floor":25,"key":"Regal Pillow"},{"floor":26,"key":"Whetstone"},{"floor":27,"key":"Potion Belt"},{"floor":39,"key":"Mango"},{"floor":40,"key":"Lantern"},{"floor":43,"key":"Bottled Lightning"},{"floor":45,"key":"Pantograph"},{"floor":48,"key":"Dream Catcher"}],"event_choices":[{"event_name":"Big Fish","player_choice":"Box","floor":2,"damage_taken":0},{"event_name":"Liars Game","player_choice":"disagreed","floor":3,"damage_taken":0},{"event_name":"Golden Idol","player_choice":"Take Damage","floor":12,"damage_taken":0},{"event_name":"The Mausoleum","player_choice":"Yes","floor":19,"damage_taken":0},{"event_name":"Drug Dealer","player_choice":"Ignored","floor":22,"damage_taken":0},{"event_name":"Masked Bandits","player_choice":"Fought over 269 gold","floor":24,"damage_taken":0},{"event_name":"Addict","player_choice":"Obtained Relic","floor":29,"damage_taken":0},{"event_name":"Duplicator","player_choice":"One dupe","floor":31,"damage_taken":0},{"event_name":"Mysterious Sphere","player_choice":"Fight","floor":39,"damage_taken":0}],"boss_relics":[{"not_picked":["Velvet Choker","Calling Bell"],"picked":"Pandora\u0027s Box"},{"not_picked":["Orrery","Astrolabe"],"picked":"Nuclear Battery"}],"items_purged_floors":[21],"potions_floor_spawned":[6,8,10,14,16,18,25,27,36,38,39,40,41,44,46,48],"seed_played":"-3528321516820042752","ascension_level":0,"potions_obtained":[{"floor":6,"key":"Dexterity Potion"},{"floor":8,"key":"Fire Potion"},{"floor":10,"key":"Fire Potion"},{"floor":14,"key":"SneckoOil"},{"floor":16,"key":"Weak Potion"},{"floor":18,"key":"EssenceOfSteel"},{"floor":25,"key":"AttackPotion"},{"floor":27,"key":"AttackPotion"},{"floor":36,"key":"PowerPotion"},{"floor":38,"key":"Regen Potion"},{"floor":39,"key":"Weak Potion"},{"floor":40,"key":"GamblersBrew"},{"floor":41,"key":"SpeedPotion"},{"floor":44,"key":"LiquidBronze"},{"floor":46,"key":"AttackPotion"},{"floor":48,"key":"AttackPotion"}],"is_trial":false}