{"path_per_floor":["M","M","M","M","?","R","E","R","T","?","R","E","M","E","R","B",null,"M","M"],"character_chosen":"DEFECT","items_purchased":[],"gold_per_floor":[110,129,148,121,121,121,151,151,197,226,226,287,307,341,341,441,441,458,475,475],"floor_reached":20,"campfire_rested":3,"playtime":1057,"item_purchase_floors":[],"current_hp_per_floor":[75,75,75,52,52,52,30,52,52,34,57,51,53,41,64,14,83,39,35,0],"items_purged":[],"gold":475,"score":213,"play_id":"6cba7b6c-f2f6-44b3-9718-77672048f9c5","local_time":"20180622143143","is_prod":false,"is_daily":false,"chose_seed":false,"is_ascension_mode":true,"campfire_upgraded":1,"win_rate":0,"timestamp":1529670703,"campfire_choices":[{"data":"Core Surge","floor":6,"key":"SMITH"},{"floor":8,"key":"REST"},{"floor":11,"key":"REST"},{"floor":15,"key":"REST"}],"path_taken":["M","M","M","M","?","R","E","R","T","?","R","E","M","E","R","BOSS","M","M","M"],"build_version":"2018-06-21","seed_source_timestamp":38889244891307,"purchased_purges":0,"circlet_count":0,"victory":false,"master_deck":["Strike_B","Strike_B","Strike_B","Strike_B","Defend_B","Defend_B","Defend_B","Defend_B","Zap","Dualcast","Reinforced Body","Chill","Core Surge+1","Regret","Buffer","Streamline","Sunder","Creative AI","Storm","FTL","Storm","Capacitor"],"max_hp_per_floor":[75,75,75,75,75,75,75,75,75,77,77,77,77,79,79,79,83,85,85,85],"relics":["Cracked Core","Potion Belt","Matryoshka","Singing Bowl","Art of War","Lantern","Odd Mushroom","Tiny Chest","Emotion Chip","Orrery"],"card_choices":[{"not_picked":["Blizzard","Ball Lightning"],"picked":"Reinforced Body","floor":1},{"not_picked":["Hologram","Compile Driver"],"picked":"Chill","floor":2},{"not_picked":["Sweeping Beam","Compile Driver","Hologram"],"picked":"SKIP","floor":3},{"not_picked":["Cold Snap","Gash"],"picked":"Core Surge","floor":4},{"not_picked":["Melter","Stack"],"picked":"Buffer","floor":7},{"not_picked":["Hologram","Gash","Go for the Eyes"],"picked":"Singing Bowl","floor":10},{"not_picked":["Skim","Turbo"],"picked":"Streamline","floor":12},{"not_picked":["Self Repair","Steam Power"],"picked":"Sunder","floor":13},{"not_picked":["Beam Cell","Barrage","Coolheaded"],"picked":"Singing Bowl","floor":14},{"not_picked":["Core Surge","Hyperbeam"],"picked":"Creative AI","floor":16},{"not_picked":["Cold Snap","Heatsinks"],"picked":"Storm","floor":17},{"not_picked":["Stack","Steam"],"picked":"FTL","floor":17},{"not_picked":["Steam Power","Cold Snap"],"picked":"Storm","floor":17},{"not_picked":["Ball Lightning","Darkness","Compile Driver"],"picked":"Singing Bowl","floor":17},{"not_picked":["Hello World","Turbo","Scrape"],"picked":"Singing Bowl","floor":17},{"not_picked":["Turbo","Steam","Compile Driver+1"],"picked":"Singing Bowl","floor":18},{"not_picked":["Conserve Battery","Hologram"],"picked":"Capacitor","floor":19}],"player_experience":392312,"potions_floor_usage":[4,4,7,13],"damage_taken":[{"damage":0,"enemies":"2 Louse","floor":1,"turns":3},{"damage":0,"enemies":"Small Slimes","floor":2,"turns":3},{"damage":0,"enemies":"Jaw Worm","floor":3,"turns":5},{"damage":23,"enemies":"Exordium Thugs","floor":4,"turns":7},{"damage":22,"enemies":"Lagavulin","floor":7,"turns":6},{"damage":20,"floor":10,"turns":5},{"damage":6,"enemies":"3 Sentries","floor":12,"turns":9},{"damage":13,"enemies":"Lots of Slimes","floor":13,"turns":6},{"damage":14,"enemies":"Gremlin Nob","floor":14,"turns":4},{"damage":50,"enemies":"Hexaghost","floor":16,"turns":11},{"damage":46,"enemies":"3 Byrds","floor":18,"turns":4},{"damage":4,"enemies":"Chosen","floor":19,"turns":5},{"damage":37,"enemies":"3 Cultists","floor":20,"turns":5}],"relics_obtained":[{"floor":7,"key":"Singing Bowl"},{"floor":9,"key":"Art of War"},{"floor":9,"key":"Lantern"},{"floor":10,"key":"Odd Mushroom"},{"floor":12,"key":"Tiny Chest"},{"floor":14,"key":"Emotion Chip"}],"event_choices":[{"event_name":"Big Fish","player_choice":"Box","floor":5,"damage_taken":0},{"event_name":"Mushrooms","player_choice":"Fought Mushrooms","floor":10,"damage_taken":0}],"boss_relics":[{"not_picked":["Ectoplasm","Coffee Dripper"],"picked":"Orrery"}],"items_purged_floors":[],"is_endless":false,"potions_floor_spawned":[1,3,4,12],"seed_played":"863894822528399300","killed_by":"3 Cultists","ascension_level":2,"potions_obtained":[{"floor":1,"key":"FearPotion"},{"floor":3,"key":"SkillPotion"},{"floor":4,"key":"AttackPotion"},{"floor":12,"key":"Regen Potion"}],"is_trial":false}