{"path_per_floor":["M","M","M","M","M","E","M","R","T","E"],"character_chosen":"DEFECT","items_purchased":[],"gold_per_floor":[111,131,146,161,173,199,218,218,218,245,245],"floor_reached":11,"campfire_rested":0,"playtime":367,"item_purchase_floors":[],"current_hp_per_floor":[75,75,74,58,53,43,32,32,32,6,0],"items_purged":[],"gold":245,"score":87,"play_id":"b51bfecb-857f-4f9f-8cbd-c65c53faf0c9","local_time":"20180621145757","is_prod":false,"is_daily":false,"chose_seed":false,"is_ascension_mode":false,"campfire_upgraded":1,"win_rate":0,"timestamp":1529585877,"campfire_choices":[{"data":"Sunder","floor":8,"key":"SMITH"}],"path_taken":["M","?","M","M","M","E","M","R","T","E","M"],"build_version":"2018-06-14v2","seed_source_timestamp":5070245844894,"purchased_purges":0,"victory":false,"master_deck":["Strike_B","Strike_B","Strike_B","Strike_B","Defend_B","Defend_B","Defend_B","Defend_B","Zap","Dualcast","Sunder+1","Melter","Streamline","Thunder Strike","Self Repair"],"max_hp_per_floor":[75,75,75,75,75,75,75,75,75,75,75],"relics":["Cracked Core","Bronze Scales","The Courier","Kunai","DataDisk"],"card_choices":[{"not_picked":["Hologram","Sweeping Beam"],"picked":"Sunder","floor":1},{"not_picked":["Sweeping Beam","Turbo","Stack"],"picked":"SKIP","floor":2},{"not_picked":["Go for the Eyes","Steam"],"picked":"Melter","floor":3},{"not_picked":["Beam Cell","Hologram","Blizzard"],"picked":"SKIP","floor":4},{"not_picked":["Stack","Aggregate"],"picked":"Streamline","floor":5},{"not_picked":["Recycle","Hello World"],"picked":"Thunder Strike","floor":6},{"not_picked":["Conserve Battery","Compile Driver","Leap"],"picked":"SKIP","floor":7},{"not_picked":["Chaos","Coolheaded"],"picked":"Self Repair","floor":10}],"player_experience":366299,"potions_floor_usage":[6,10],"damage_taken":[{"damage":0,"enemies":"Cultist","floor":1,"turns":4},{"damage":0,"enemies":"2 Louse","floor":2,"turns":1},{"damage":1,"enemies":"Jaw Worm","floor":3,"turns":3},{"damage":16,"enemies":"Exordium Thugs","floor":4,"turns":6},{"damage":5,"enemies":"Looter","floor":5,"turns":2},{"damage":10,"enemies":"3 Sentries","floor":6,"turns":5},{"damage":11,"enemies":"Red Slaver","floor":7,"turns":3},{"damage":26,"enemies":"Lagavulin","floor":10,"turns":6},{"damage":7,"enemies":"3 Louse","floor":11,"turns":1}],"relics_obtained":[{"floor":6,"key":"The Courier"},{"floor":9,"key":"Kunai"},{"floor":10,"key":"DataDisk"}],"event_choices":[],"boss_relics":[],"items_purged_floors":[],"is_endless":false,"potions_floor_spawned":[2,3,5,10],"seed_played":"6475665753329335280","killed_by":"3 Louse","ascension_level":0,"potions_obtained":[{"floor":2,"key":"SmokeBomb"},{"floor":3,"key":"Ancient Potion"},{"floor":5,"key":"Dexterity Potion"},{"floor":10,"key":"Dexterity Potion"}],"is_trial":false}