{"gold_per_floor":[139,101,101,101,115,146,54,54,54,54,54,71,89,106,106,206,206,218,232,246,246,40,40,50,50,50,50,61,61,72,92,92,197,197,211,238,238,94,194,194,208,222,222,222,222,233,250,264,264,264],"floor_reached":50,"playtime":2262,"items_purged":[],"score":471,"play_id":"e01f4b85-77d9-49d1-a103-12f12d334277","local_time":"20190211151358","is_ascension_mode":false,"campfire_choices":[{"floor":11,"key":"REST"},{"data":"Sunder","floor":15,"key":"SMITH"},{"data":"All For One","floor":23,"key":"SMITH"},{"floor":25,"key":"REST"},{"floor":29,"key":"REST"},{"data":"Ball Lightning","floor":32,"key":"SMITH"},{"floor":40,"key":"REST"},{"floor":44,"key":"REST"},{"floor":49,"key":"REST"}],"neow_cost":"NONE","seed_source_timestamp":18999510276781,"circlet_count":0,"master_deck":["Strike_B","Strike_B","Strike_B","Strike_B","Defend_B+1","Defend_B","Defend_B","Defend_B","Zap","Dualcast","Sunder+1","Streamline+1","Core Surge","Melter","Sweeping Beam","Rebound","Ball Lightning","Ball Lightning+1","All For One+1","Conserve Battery+1","Hyperbeam","Gash+1","Sunder+1","Sunder+1","White Noise","Ball Lightning","Ball Lightning+1","Reboot","Steam+1","Reinforced Body+1","Ball Lightning+1","Capacitor+1"],"relics":["Cracked Core","Tiny Chest","Orichalcum","Regal Pillow","Matryoshka","Snecko Eye","DollysMirror","Juzu Bracelet","Pantograph","Philosopher\u0027s Stone","Bronze Scales","Pen Nib","Omamori","StoneCalendar","Mummified Hand"],"potions_floor_usage":[13,20,33,50],"damage_taken":[{"damage":1,"enemies":"2 Louse","floor":1,"turns":3},{"damage":0,"enemies":"Small Slimes","floor":5,"turns":2},{"damage":25,"enemies":"Gremlin Nob","floor":6,"turns":5},{"damage":3,"enemies":"Jaw Worm","floor":12,"turns":3},{"damage":0,"enemies":"Gremlin Gang","floor":13,"turns":3},{"damage":5,"enemies":"Looter","floor":14,"turns":2},{"damage":8,"enemies":"Slime Boss","floor":16,"turns":7},{"damage":0,"enemies":"3 Byrds","floor":18,"turns":3},{"damage":15,"enemies":"2 Thieves","floor":19,"turns":3},{"damage":0,"enemies":"3 Cultists","floor":20,"turns":3},{"damage":0,"enemies":"Chosen and Byrds","floor":24,"turns":3},{"damage":12,"enemies":"Centurion and Healer","floor":28,"turns":3},{"damage":0,"enemies":"3 Cultists","floor":30,"turns":3},{"damage":6,"enemies":"Snake Plant","floor":31,"turns":2},{"damage":69,"enemies":"Automaton","floor":33,"turns":8},{"damage":7,"enemies":"3 Darklings","floor":35,"turns":3},{"damage":45,"enemies":"Mind Bloom Boss Battle","floor":39,"turns":4},{"damage":3,"enemies":"Orb Walker","floor":41,"turns":2},{"damage":5,"enemies":"Sphere and 2 Shapes","floor":42,"turns":3},{"damage":37,"enemies":"Spire Growth","floor":46,"turns":5},{"damage":25,"enemies":"Maw","floor":47,"turns":4},{"damage":26,"enemies":"Writhing Mass","floor":48,"turns":3},{"damage":85,"enemies":"Awakened One","floor":50,"turns":6}],"seed_played":"-6520649038436092448","potions_obtained":[{"floor":1,"key":"Dexterity Potion"},{"floor":5,"key":"SneckoOil"},{"floor":14,"key":"Strength Potion"},{"floor":16,"key":"Energy Potion"},{"floor":30,"key":"Swift Potion"},{"floor":33,"key":"FairyPotion"},{"floor":47,"key":"SteroidPotion"}],"is_trial":false,"path_per_floor":["M","?","$","?","M","E","$","?","T","?","R","M","M","M","R","B",null,"M","M","M","?","$","R","M","R","T","?","M","R","M","M","R","B",null,"M","T","?","$","?","R","M","M","T","R","?","M","M","M","R","B"],"character_chosen":"DEFECT","items_purchased":["Melter","Sweeping Beam","DollysMirror","Omamori"],"campfire_rested":6,"item_purchase_floors":[7,7,22,38],"current_hp_per_floor":[74,74,74,71,71,46,46,31,31,31,68,65,65,60,60,52,75,75,60,60,60,60,60,60,75,75,75,63,75,75,69,69,6,75,68,68,68,68,30,67,64,59,59,75,75,38,13,7,44,0],"gold":264,"neow_bonus":"RANDOM_COMMON_RELIC","is_prod":false,"is_daily":false,"chose_seed":false,"campfire_upgraded":3,"win_rate":0.0,"timestamp":1549919638,"path_taken":["M","?","$","?","M","E","$","?","T","?","R","?","M","M","R","BOSS","M","M","?","?","$","R","M","R","T","?","M","R","M","M","R","BOSS","M","?","?","$","?","R","M","M","T","R","?","M","M","M","R","BOSS"],"build_version":"2019-01-23","purchased_purges":0,"victory":false,"max_hp_per_floor":[75,75,75,75,75,75,75,75,75,75,75,75,75,75,75,75,75,75,75,75,75,75,75,75,75,75,75,75,75,75,75,75,75,75,75,75,75,75,75,75,75,75,75,75,75,75,75,75,75,75],"card_choices":[{"not_picked":["Gash","Leap"],"picked":"Sunder","floor":1},{"not_picked":["Undo","Chaos"],"picked":"Streamline","floor":5},{"not_picked":["Hologram","Beam Cell"],"picked":"Core Surge","floor":6},{"not_picked":["Ball Lightning","Gash"],"picked":"Rebound","floor":12},{"not_picked":["Glacier","Leap"],"picked":"Ball Lightning","floor":13},{"not_picked":["Compile Driver","Sunder"],"picked":"Ball Lightning","floor":14},{"not_picked":["Machine Learning","Seek"],"picked":"All For One","floor":16},{"not_picked":["Cold Snap","Leap+1"],"picked":"Conserve Battery+1","floor":18},{"not_picked":["Leap","Steam"],"picked":"Hyperbeam","floor":19},{"not_picked":["Go for the Eyes","Hologram"],"picked":"Gash+1","floor":20},{"not_picked":["Stack+1","Streamline"],"picked":"White Noise","floor":24},{"not_picked":["Barrage","Chaos"],"picked":"Ball Lightning","floor":28},{"not_picked":["Rip and Tear","Streamline","Leap"],"picked":"SKIP","floor":30},{"not_picked":["Compile Driver","Rebound"],"picked":"Ball Lightning","floor":31},{"not_picked":["All For One","Biased Cognition"],"picked":"Reboot","floor":33},{"not_picked":["Hologram+1","Rip and Tear+1"],"picked":"Steam+1","floor":35},{"not_picked":["Coolheaded","Turbo"],"picked":"Reinforced Body+1","floor":41},{"not_picked":["Rainbow","Aggregate"],"picked":"Ball Lightning+1","floor":42},{"not_picked":["Fusion+1","Stack+1"],"picked":"Capacitor+1","floor":46},{"not_picked":["Gash+1","Cold Snap+1","Doom and Gloom"],"picked":"SKIP","floor":47},{"not_picked":["Turbo","Hologram+1","Beam Cell"],"picked":"SKIP","floor":48}],"player_experience":59932,"relics_obtained":[{"floor":6,"key":"Regal Pillow"},{"floor":9,"key":"Matryoshka"},{"floor":26,"key":"Juzu Bracelet"},{"floor":26,"key":"Pantograph"},{"floor":36,"key":"Bronze Scales"},{"floor":36,"key":"Pen Nib"},{"floor":39,"key":"StoneCalendar"},{"floor":43,"key":"Mummified Hand"}],"event_choices":[{"damage_healed":0,"gold_gain":0,"player_choice":"Left Gold","damage_taken":0,"max_hp_gain":0,"max_hp_loss":0,"event_name":"World of Goop","floor":2,"gold_loss":38},{"damage_healed":0,"gold_gain":0,"player_choice":"Success","damage_taken":3,"relics_obtained":["Orichalcum"],"max_hp_gain":0,"max_hp_loss":0,"event_name":"Scrap Ooze","floor":4,"gold_loss":0},{"damage_healed":0,"gold_gain":0,"player_choice":"Entered Light","damage_taken":15,"max_hp_gain":0,"max_hp_loss":0,"event_name":"Shining Light","floor":8,"gold_loss":0,"cards_upgraded":["Defend_B","Streamline"]},{"damage_healed":0,"gold_gain":0,"player_choice":"Ignored","damage_taken":0,"max_hp_gain":0,"max_hp_loss":0,"event_name":"Liars Game","floor":10,"gold_loss":0},{"damage_healed":0,"gold_gain":0,"player_choice":"Copied","damage_taken":0,"max_hp_gain":0,"max_hp_loss":0,"event_name":"Duplicator","floor":21,"gold_loss":0,"cards_obtained":["Sunder"]},{"damage_healed":0,"gold_gain":0,"player_choice":"Upgraded","damage_taken":0,"max_hp_gain":0,"max_hp_loss":0,"event_name":"Upgrade Shrine","floor":27,"gold_loss":0,"cards_upgraded":["Ball Lightning"]},{"damage_healed":0,"gold_gain":0,"player_choice":"Ignored","damage_taken":0,"max_hp_gain":0,"max_hp_loss":0,"event_name":"Tomb of Lord Red Mask","floor":37,"gold_loss":0},{"damage_healed":0,"gold_gain":0,"player_choice":"Fight","damage_taken":0,"max_hp_gain":0,"max_hp_loss":0,"event_name":"MindBloom","floor":39,"gold_loss":0},{"damage_healed":0,"gold_gain":0,"player_choice":"Ignored","damage_taken":0,"max_hp_gain":0,"max_hp_loss":0,"event_name":"Mysterious Sphere","floor":45,"gold_loss":0}],"is_beta":false,"boss_relics":[{"not_picked":["White Beast Statue","Busted Crown"],"picked":"Snecko Eye"},{"not_picked":["Black Star","Tiny House"],"picked":"Philosopher\u0027s Stone"}],"items_purged_floors":[],"is_endless":false,"potions_floor_spawned":[1,5,14,16,19,30,31,33,42,46,47],"killed_by":"Awakened One","ascension_level":0}