{"gold_per_floor":[112,123,198,1,12,12,47,61,61,95,108,108,121,131,131,232,232,251,267,282,294,309,309,509,520,545,561,561,561,561,24,24,121,121,134,234,252,268,268,268,281,281,281,291,291,305,322,333,333,333],"floor_reached":50,"playtime":2447,"items_purged":[],"score":686,"play_id":"0793e3b0-10a4-4eef-aae7-62b4a39fb439","local_time":"20190224182617","is_ascension_mode":true,"campfire_choices":[{"data":"Heavy Blade","floor":6,"key":"SMITH"},{"floor":12,"key":"REST"},{"floor":15,"key":"REST"},{"floor":23,"key":"REST"},{"floor":28,"key":"REST"},{"floor":30,"key":"REST"},{"data":"Bash","floor":32,"key":"SMITH"},{"floor":40,"key":"REST"},{"floor":42,"key":"REST"},{"data":"Limit Break","floor":45,"key":"SMITH"},{"data":"Barricade","floor":49,"key":"SMITH"}],"neow_cost":"NONE","seed_source_timestamp":35153505879572,"circlet_count":0,"master_deck":["Strike_R","Strike_R","Strike_R","Strike_R","Strike_R","Defend_R+1","Defend_R+1","Defend_R","Defend_R","Bash+1","Shrug It Off","Dropkick","Heavy Blade+1","Rampage","Shrug It Off","Inflame","Ghostly Armor","Uppercut","Metallicize","Demon Form","Iron Wave","Infernal Blade","Shrug It Off","Limit Break+1","Armaments+1","Bandage Up","Barricade+1","Seeing Red+1","Shrug It Off","Exhume","Dropkick+1","Spot Weakness","Shrug It Off+1","Rampage+1","Infernal Blade+1","Inflame+1"],"relics":["Burning Blood","Vajra","Blood Vial","Kunai","Gremlin Horn","Sozu","Bag of Marbles","Paper Frog","Brimstone","Orrery","Thread and Needle","Blue Candle","War Paint"],"potions_floor_usage":[7,10,11,16,18],"damage_taken":[{"damage":1,"enemies":"Cultist","floor":1,"turns":4},{"damage":7,"enemies":"Jaw Worm","floor":2,"turns":6},{"damage":4,"enemies":"2 Louse","floor":5,"turns":2},{"damage":20,"enemies":"Gremlin Nob","floor":7,"turns":4},{"damage":14,"enemies":"Gremlin Gang","floor":8,"turns":7},{"damage":47,"enemies":"Lagavulin","floor":10,"turns":7},{"damage":0,"enemies":"Large Slime","floor":11,"turns":5},{"damage":5,"enemies":"3 Louse","floor":13,"turns":3},{"damage":18,"enemies":"Exordium Thugs","floor":14,"turns":4},{"damage":51,"enemies":"Hexaghost","floor":16,"turns":11},{"damage":4,"enemies":"3 Byrds","floor":18,"turns":6},{"damage":20,"enemies":"Spheric Guardian","floor":19,"turns":6},{"damage":34,"enemies":"Snake Plant","floor":20,"turns":6},{"damage":21,"enemies":"Centurion and Healer","floor":21,"turns":6},{"damage":16,"enemies":"Shelled Parasite and Fungi","floor":22,"turns":7},{"damage":8,"enemies":"Snecko","floor":25,"turns":5},{"damage":5,"enemies":"Centurion and Healer","floor":27,"turns":6},{"damage":18,"enemies":"Collector","floor":33,"turns":4},{"damage":14,"enemies":"3 Shapes","floor":35,"turns":3},{"damage":13,"enemies":"Mind Bloom Boss Battle","floor":36,"turns":3},{"damage":12,"enemies":"3 Darklings","floor":37,"turns":3},{"damage":28,"enemies":"Maw","floor":38,"turns":5},{"damage":36,"enemies":"Transient","floor":41,"turns":5},{"damage":3,"enemies":"Sphere and 2 Shapes","floor":44,"turns":3},{"damage":7,"enemies":"4 Shapes","floor":46,"turns":4},{"damage":6,"enemies":"Maw","floor":47,"turns":5},{"damage":0,"enemies":"Jaw Worm Horde","floor":48,"turns":3},{"damage":109,"enemies":"Awakened One","floor":50,"turns":5}],"seed_played":"1617429869477512128","potions_obtained":[{"floor":5,"key":"Poison Potion"},{"floor":7,"key":"SpeedPotion"},{"floor":10,"key":"Regen Potion"},{"floor":13,"key":"Fire Potion"},{"floor":14,"key":"SkillPotion"}],"is_trial":false,"path_per_floor":["M","M","?","$","M","R","E","M","T","E","M","R","M","M","R","B",null,"M","M","M","M","M","R","?","M","T","M","R","?","R","$","R","B",null,"M","?","M","M","T","R","M","R","T","M","R","M","M","M","R","B"],"character_chosen":"IRONCLAD","items_purchased":["Vajra","Heavy Blade","Paper Frog","Brimstone","Bandage Up"],"campfire_rested":7,"item_purchase_floors":[4,4,31,31,31],"current_hp_per_floor":[88,87,79,79,81,81,67,61,61,22,44,70,73,63,88,43,77,81,69,43,30,22,48,48,48,48,51,77,77,88,88,88,76,85,79,78,74,58,58,84,56,82,82,88,88,88,88,88,88,0],"gold":333,"neow_bonus":"TEN_PERCENT_HP_BONUS","is_prod":false,"is_daily":false,"chose_seed":false,"campfire_upgraded":4,"win_rate":0,"timestamp":1551054377,"path_taken":["M","?","?","$","M","R","E","M","T","E","?","R","M","M","R","BOSS","M","M","M","M","M","R","?","?","T","M","R","?","R","$","R","BOSS","M","?","M","M","?","R","M","R","T","?","R","M","M","M","R","BOSS"],"build_version":"2019-01-23","purchased_purges":0,"victory":false,"max_hp_per_floor":[88,88,88,88,88,88,88,88,88,88,88,88,88,88,88,88,88,88,88,88,88,88,88,88,88,88,88,88,88,88,88,88,88,88,88,88,88,88,88,88,88,88,88,88,88,88,88,88,88,88],"card_choices":[{"not_picked":["Clash","Heavy Blade"],"picked":"Shrug It Off","floor":1},{"not_picked":["Shockwave","Searing Blow"],"picked":"Dropkick","floor":2},{"not_picked":["Rage","Feel No Pain","Burning Pact"],"picked":"SKIP","floor":5},{"not_picked":["Rage","Disarm"],"picked":"Rampage","floor":7},{"not_picked":["Heavy Blade","Pommel Strike"],"picked":"Shrug It Off","floor":8},{"not_picked":["Armaments","Shockwave"],"picked":"Inflame","floor":10},{"not_picked":["Second Wind","Shrug It Off"],"picked":"Ghostly Armor","floor":11},{"not_picked":["Exhume","Thunderclap"],"picked":"Uppercut","floor":13},{"not_picked":["Perfected Strike","Combust"],"picked":"Metallicize","floor":14},{"not_picked":["Exhume","Fiend Fire"],"picked":"Demon Form","floor":16},{"not_picked":["Clothesline","True Grit+1","Perfected Strike+1"],"picked":"SKIP","floor":18},{"not_picked":["Hemokinesis","Thunderclap"],"picked":"Iron Wave","floor":19},{"not_picked":["Entrench","Rupture+1"],"picked":"Infernal Blade","floor":20},{"not_picked":["Clash","Anger"],"picked":"Shrug It Off","floor":21},{"not_picked":["Thunderclap","Warcry"],"picked":"Limit Break","floor":22},{"not_picked":["Body Slam","Uppercut"],"picked":"Armaments+1","floor":25},{"not_picked":["Headbutt","Hemokinesis","Iron Wave"],"picked":"SKIP","floor":27},{"not_picked":["Brutality","Dark Embrace"],"picked":"Barricade","floor":33},{"not_picked":["Sever Soul","Disarm+1"],"picked":"Seeing Red+1","floor":34},{"not_picked":["Wild Strike","Iron Wave"],"picked":"Shrug It Off","floor":34},{"not_picked":["Flame Barrier","Cleave"],"picked":"Exhume","floor":34},{"not_picked":["Combust+1","Perfected Strike"],"picked":"Dropkick+1","floor":35},{"not_picked":["Sever Soul+1","Armaments"],"picked":"Spot Weakness","floor":36},{"not_picked":["Barricade","Metallicize","Iron Wave"],"picked":"SKIP","floor":37},{"not_picked":["Rampage","Twin Strike"],"picked":"Shrug It Off+1","floor":38},{"not_picked":["Reckless Charge","Havoc"],"picked":"Rampage+1","floor":41},{"not_picked":["Twin Strike","Uppercut","Perfected Strike+1"],"picked":"SKIP","floor":44},{"not_picked":["Heavy Blade","Feed"],"picked":"Infernal Blade+1","floor":46},{"not_picked":["Clash+1","Flex","Sword Boomerang+1"],"picked":"SKIP","floor":47},{"not_picked":["Sever Soul","Thunderclap+1"],"picked":"Inflame+1","floor":48}],"player_experience":358387,"relics_obtained":[{"floor":7,"key":"Blood Vial"},{"floor":9,"key":"Kunai"},{"floor":10,"key":"Gremlin Horn"},{"floor":26,"key":"Bag of Marbles"},{"floor":36,"key":"Thread and Needle"},{"floor":39,"key":"Blue Candle"},{"floor":43,"key":"War Paint"}],"event_choices":[{"damage_healed":0,"gold_gain":75,"player_choice":"Touch","damage_taken":8,"max_hp_gain":0,"max_hp_loss":0,"event_name":"FaceTrader","floor":3,"gold_loss":0},{"damage_healed":0,"gold_gain":250,"player_choice":"Bet on Owner","damage_taken":0,"max_hp_gain":0,"max_hp_loss":0,"event_name":"The Joust","floor":24,"gold_loss":50},{"damage_healed":0,"gold_gain":0,"player_choice":"Ignored","damage_taken":0,"max_hp_gain":0,"max_hp_loss":0,"event_name":"Beggar","floor":29,"gold_loss":0},{"damage_healed":0,"gold_gain":0,"player_choice":"Fight","damage_taken":0,"max_hp_gain":0,"max_hp_loss":0,"event_name":"MindBloom","floor":36,"gold_loss":0}],"is_beta":false,"boss_relics":[{"not_picked":["Astrolabe","Lizard Tail"],"picked":"Sozu"},{"not_picked":["Philosopher\u0027s Stone","Busted Crown"],"picked":"Orrery"}],"items_purged_floors":[],"is_endless":false,"potions_floor_spawned":[5,7,10,13,14,18,21,27,36,37,46],"killed_by":"Awakened One","ascension_level":5}