{"gold_per_floor":[112,112,126,126,142,142,40,40,67,80,80,180,195,195,195,321,321,334,54,48,48,67,67,91,191,191,206,224,15,28,28,28,157,157,176,301,301,301,301,301,316,316,385,403,79,102,102,102,102,102],"floor_reached":50,"playtime":2845,"items_purged":["Strike_B","Strike_B"],"score":457,"play_id":"75cb6187-8ec8-4bfe-b0f6-0eea3b4f318c","local_time":"20190216192721","is_ascension_mode":false,"campfire_choices":[{"data":"Echo Form","floor":6,"key":"SMITH"},{"data":"Glacier","floor":8,"key":"SMITH"},{"data":"Leap","floor":11,"key":"SMITH"},{"floor":15,"key":"REST"},{"data":"Redo","floor":23,"key":"SMITH"},{"data":"Gash","floor":32,"key":"SMITH"},{"data":"Dualcast","floor":40,"key":"SMITH"},{"floor":42,"key":"REST"},{"floor":47,"key":"REST"},{"floor":49,"key":"REST"}],"neow_cost":"NONE","seed_source_timestamp":1698359662049,"circlet_count":0,"master_deck":["Defend_B","Defend_B","Defend_B","Defend_B","Zap","Dualcast+1","Echo Form+1","Reinforced Body","Melter","Glacier+1","Leap+1","Auto Shields","Redo+1","All For One","Go for the Eyes","Gash+1","Go for the Eyes","Loop","Hologram+1","Turbo","Melter+1","Go for the Eyes+1","Ball Lightning","Stack+1","Chaos+1","Gash+1","Core Surge","Beam Cell","Leap+1","Redo+1","Blizzard","Static Discharge","Conserve Battery+1","Steam+1"],"relics":["Cracked Core","PreservedInsect","Golden Idol","Orrery","Lantern","Toxic Egg 2","Lee\u0027s Waffle","Empty Cage","Gambling Chip","Pantograph","Darkstone Periapt","Oddly Smooth Stone"],"potions_floor_usage":[22,27,27,33,33,33,44,46,50],"damage_taken":[{"damage":0,"enemies":"Small Slimes","floor":1,"turns":4},{"damage":1,"enemies":"Cultist","floor":3,"turns":4},{"damage":2,"enemies":"2 Louse","floor":5,"turns":2},{"damage":0,"enemies":"2 Fungi Beasts","floor":10,"turns":6},{"damage":0,"enemies":"Exordium Wildlife","floor":13,"turns":4},{"damage":35,"enemies":"The Guardian","floor":16,"turns":16},{"damage":6,"enemies":"Chosen","floor":18,"turns":6},{"damage":8,"enemies":"2 Thieves","floor":20,"turns":5},{"damage":6,"enemies":"Chosen and Byrds","floor":22,"turns":6},{"damage":10,"enemies":"Snake Plant","floor":24,"turns":7},{"damage":9,"enemies":"Centurion and Healer","floor":27,"turns":8},{"damage":10,"enemies":"Cultist and Chosen","floor":28,"turns":5},{"damage":0,"enemies":"Sentry and Sphere","floor":30,"turns":5},{"damage":66,"enemies":"Automaton","floor":33,"turns":7},{"damage":1,"enemies":"Orb Walker","floor":35,"turns":3},{"damage":16,"enemies":"Mind Bloom Boss Battle","floor":36,"turns":8},{"damage":27,"enemies":"3 Shapes","floor":41,"turns":6},{"damage":26,"enemies":"Transient","floor":44,"turns":5},{"damage":15,"enemies":"Maw","floor":46,"turns":10},{"damage":83,"enemies":"Time Eater","floor":50,"turns":8}],"seed_played":"-578851241380423954","potions_obtained":[{"floor":5,"key":"Regen Potion"},{"floor":22,"key":"Poison Potion"},{"floor":24,"key":"Energy Potion"},{"floor":27,"key":"Poison Potion"},{"floor":28,"key":"GamblersBrew"},{"floor":30,"key":"Strength Potion"},{"floor":36,"key":"SpeedPotion"},{"floor":41,"key":"Strength Potion"},{"floor":44,"key":"SpeedPotion"}],"is_trial":false,"path_per_floor":["M","?","M","$","M","R","$","R","T","M","R","?","M","?","R","B",null,"M","$","M","?","M","R","M","?","T","M","M","$","M","$","R","B",null,"M","?","?","?","T","R","M","R","T","M","$","M","R","?","R","B"],"character_chosen":"DEFECT","items_purchased":["Leap","Lantern","Turbo","Lee\u0027s Waffle","Blizzard","Static Discharge","Oddly Smooth Stone","Conserve Battery+1"],"campfire_rested":4,"item_purchase_floors":[7,19,19,29,45,45,45,45],"current_hp_per_floor":[75,75,74,74,72,72,72,72,72,72,72,72,72,54,75,40,75,69,69,61,52,61,61,51,51,51,42,32,82,82,82,82,16,82,81,65,65,65,65,65,38,62,62,36,36,21,45,45,68,0],"gold":102,"neow_bonus":"ONE_RANDOM_RARE_CARD","is_prod":false,"is_daily":false,"chose_seed":false,"campfire_upgraded":6,"win_rate":0,"timestamp":1550366841,"path_taken":["M","?","?","$","M","R","$","R","T","M","R","?","?","?","R","BOSS","M","$","M","?","M","R","M","?","T","?","M","?","M","$","R","BOSS","M","?","?","?","?","R","?","R","T","M","?","M","R","?","R","BOSS"],"build_version":"2019-01-23","purchased_purges":2,"victory":false,"max_hp_per_floor":[75,75,75,75,75,75,75,75,75,75,75,75,75,75,75,75,75,75,75,75,75,75,75,75,75,75,75,75,82,82,82,82,82,82,82,82,82,82,82,82,82,82,82,82,82,82,82,78,78,78],"card_choices":[{"not_picked":["Sweeping Beam","Hello World"],"picked":"Reinforced Body","floor":1},{"not_picked":["Tempest","Beam Cell"],"picked":"Melter","floor":3},{"not_picked":["Coolheaded","Capacitor"],"picked":"Glacier","floor":5},{"not_picked":["Hologram","Glacier"],"picked":"Auto Shields","floor":10},{"not_picked":["Undo","Stack"],"picked":"Redo","floor":13},{"not_picked":["Meteor Strike","Echo Form"],"picked":"All For One","floor":16},{"not_picked":["Rebound","Doom and Gloom"],"picked":"Go for the Eyes","floor":17},{"not_picked":["Barrage","Turbo"],"picked":"Gash","floor":17},{"not_picked":["Hologram","Sweeping Beam"],"picked":"Go for the Eyes","floor":17},{"not_picked":["Rebound","Tempest"],"picked":"Beam Cell","floor":17},{"not_picked":["Rebound","Reprogram"],"picked":"Loop","floor":17},{"not_picked":["Hyperbeam","Steam Power"],"picked":"Hologram+1","floor":18},{"not_picked":["Go for the Eyes","Hologram"],"picked":"Melter+1","floor":20},{"not_picked":["Conserve Battery","Steam Power"],"picked":"Go for the Eyes+1","floor":22},{"not_picked":["Reprogram+1","Coolheaded"],"picked":"Ball Lightning","floor":24},{"not_picked":["Barrage","Steam+1"],"picked":"Stack+1","floor":27},{"not_picked":["Core Surge","Lockon"],"picked":"Chaos+1","floor":28},{"not_picked":["Lockon","Heatsinks"],"picked":"Gash+1","floor":30},{"not_picked":["Thunder Strike","Electrodynamics"],"picked":"Core Surge","floor":33},{"not_picked":["Cold Snap","Ball Lightning+1"],"picked":"Beam Cell","floor":35},{"not_picked":["Biased Cognition","Beam Cell+1"],"picked":"Leap+1","floor":41},{"not_picked":["Reinforced Body+1","Streamline"],"picked":"Redo+1","floor":44},{"not_picked":["Ball Lightning","Scrape+1"],"picked":"Steam+1","floor":46}],"player_experience":163278,"relics_obtained":[{"floor":9,"key":"PreservedInsect"},{"floor":26,"key":"Toxic Egg 2"},{"floor":36,"key":"Gambling Chip"},{"floor":39,"key":"Pantograph"},{"floor":43,"key":"Darkstone Periapt"}],"event_choices":[{"damage_healed":0,"gold_gain":0,"player_choice":"Ignored","damage_taken":0,"max_hp_gain":0,"max_hp_loss":0,"event_name":"NoteForYourself","floor":2,"gold_loss":0},{"damage_healed":0,"gold_gain":100,"player_choice":"Pray","damage_taken":0,"max_hp_gain":0,"max_hp_loss":0,"event_name":"Golden Shrine","floor":12,"gold_loss":0},{"damage_healed":0,"gold_gain":0,"player_choice":"Take Damage","damage_taken":18,"relics_obtained":["Golden Idol"],"max_hp_gain":0,"max_hp_loss":0,"event_name":"Golden Idol","floor":14,"gold_loss":0},{"damage_healed":0,"gold_gain":0,"player_choice":"Stopped","damage_taken":9,"max_hp_gain":0,"max_hp_loss":0,"event_name":"Cursed Tome","floor":21,"gold_loss":0},{"damage_healed":0,"gold_gain":100,"player_choice":"Pray","damage_taken":0,"max_hp_gain":0,"max_hp_loss":0,"event_name":"Golden Shrine","floor":25,"gold_loss":0},{"damage_healed":0,"gold_gain":0,"player_choice":"Fight","damage_taken":0,"max_hp_gain":0,"max_hp_loss":0,"event_name":"MindBloom","floor":36,"gold_loss":0},{"cards_removed":["Beam Cell"],"damage_healed":0,"gold_gain":0,"player_choice":"Removed Attack","damage_taken":0,"max_hp_gain":0,"max_hp_loss":0,"event_name":"Falling","floor":37,"gold_loss":0},{"damage_healed":0,"gold_gain":0,"player_choice":"Ignored","damage_taken":0,"max_hp_gain":0,"max_hp_loss":0,"event_name":"Tomb of Lord Red Mask","floor":38,"gold_loss":0},{"damage_healed":0,"gold_gain":0,"player_choice":"Max HP","damage_taken":0,"max_hp_gain":0,"max_hp_loss":4,"event_name":"Winding Halls","floor":48,"gold_loss":0}],"is_beta":false,"boss_relics":[{"not_picked":["Calling Bell","Black Star"],"picked":"Orrery"},{"not_picked":["Eternal Feather","Fusion Hammer"],"picked":"Empty Cage"}],"items_purged_floors":[7,19],"is_endless":false,"potions_floor_spawned":[5,22,24,27,28,30,36,41,44],"killed_by":"Time Eater","ascension_level":0}