{"gold_per_floor":[369,381,394,394,8,8,35,50,50,10,44,44,55,70,70,174,174,186,196,196,196,295,295,306,306,329,329,339,349,361,379,379,379],"floor_reached":33,"playtime":1507,"items_purged":["Regret"],"score":261,"play_id":"c826a99e-0c61-423b-b90f-b7c977e84c63","local_time":"20190305172021","is_ascension_mode":false,"campfire_choices":[{"data":"Dagger Spray","floor":6,"key":"SMITH"},{"floor":12,"key":"REST"},{"floor":15,"key":"REST"},{"floor":23,"key":"REST"},{"floor":25,"key":"REST"},{"floor":32,"key":"REST"}],"neow_cost":"CURSE","seed_source_timestamp":27351086900114,"circlet_count":0,"master_deck":["Defend_G","Defend_G","Defend_G","Defend_G","Defend_G","Strike_G","Strike_G","Strike_G","Strike_G","Strike_G","Survivor","Neutralize","Dagger Spray+1","Leg Sweep","Crippling Poison","Noxious Fumes","Dodge and Roll","Bouncing Flask","Flying Knee","Footwork","Well Laid Plans","Poisoned Stab","Caltrops","Adrenaline","Flying Knee","PiercingWail","Backstab+1","Infinite Blades","Masterful Stab","PiercingWail","Terror+1"],"relics":["Ring of the Serpent","Mercury Hourglass","Matryoshka","Lantern","Enchiridion","Mummified Hand","Bronze Scales","Blue Candle","Happy Flower"],"potions_floor_usage":[7,7,11,16,18,19,24,24,29,33],"damage_taken":[{"damage":3,"enemies":"Cultist","floor":1,"turns":4},{"damage":0,"enemies":"2 Louse","floor":2,"turns":3},{"damage":0,"enemies":"Small Slimes","floor":3,"turns":5},{"damage":14,"enemies":"Lagavulin","floor":7,"turns":6},{"damage":4,"enemies":"Blue Slaver","floor":8,"turns":4},{"damage":13,"enemies":"Gremlin Nob","floor":11,"turns":4},{"damage":0,"enemies":"Exordium Wildlife","floor":13,"turns":2},{"damage":0,"enemies":"2 Fungi Beasts","floor":14,"turns":1},{"damage":20,"enemies":"Hexaghost","floor":16,"turns":8},{"damage":14,"enemies":"2 Thieves","floor":18,"turns":4},{"damage":3,"enemies":"Spheric Guardian","floor":19,"turns":4},{"damage":12,"enemies":"Centurion and Healer","floor":24,"turns":4},{"damage":18,"enemies":"Cultist and Chosen","floor":28,"turns":6},{"damage":0,"enemies":"Shelled Parasite and Fungi","floor":29,"turns":3},{"damage":4,"enemies":"Snake Plant","floor":30,"turns":3},{"damage":2,"enemies":"Centurion and Healer","floor":31,"turns":3},{"damage":76,"enemies":"Champ","floor":33,"turns":11}],"seed_played":"-1799646987667934346","potions_obtained":[{"floor":7,"key":"GhostInAJar"},{"floor":8,"key":"Energy Potion"},{"floor":11,"key":"Fire Potion"},{"floor":16,"key":"GhostInAJar"},{"floor":18,"key":"PowerPotion"},{"floor":19,"key":"Energy Potion"},{"floor":28,"key":"LiquidBronze"},{"floor":29,"key":"Energy Potion"}],"is_trial":false,"path_per_floor":["M","M","M","T","$","R","E","M","T","$","E","R","M","M","R","B",null,"M","M","?","$","?","R","M","R","T","T","M","M","M","M","R","B"],"character_chosen":"THE_SILENT","items_purchased":["Noxious Fumes","Dodge and Roll","Bouncing Flask","Flying Knee","AttackPotion","SkillPotion","Well Laid Plans"],"campfire_rested":5,"item_purchase_floors":[5,5,5,5,5,5,10],"current_hp_per_floor":[67,67,67,67,67,67,53,49,49,49,36,57,57,57,70,50,70,56,53,37,37,37,58,46,67,67,67,49,49,45,43,64,0],"gold":379,"neow_bonus":"TWO_FIFTY_GOLD","is_prod":false,"is_daily":false,"chose_seed":false,"campfire_upgraded":1,"win_rate":0,"timestamp":1551828021,"path_taken":["M","M","M","?","$","R","E","M","T","$","E","R","M","M","R","BOSS","M","M","?","$","?","R","M","R","T","?","M","M","M","M","R","BOSS"],"build_version":"2019-01-23","purchased_purges":1,"victory":false,"max_hp_per_floor":[70,70,70,70,70,70,70,70,70,70,70,70,70,70,70,70,70,70,70,70,70,70,70,70,70,70,70,70,70,70,70,70,70],"card_choices":[{"not_picked":["Quick Slash","Dodge and Roll"],"picked":"Dagger Spray","floor":1},{"not_picked":["Burst","Acrobatics"],"picked":"Leg Sweep","floor":2},{"not_picked":["Setup","Distraction"],"picked":"Crippling Poison","floor":3},{"not_picked":["Acrobatics","Accuracy","Bouncing Flask"],"picked":"SKIP","floor":7},{"not_picked":["Backstab","Noxious Fumes"],"picked":"Footwork","floor":8},{"not_picked":["Prepared","Escape Plan"],"picked":"Poisoned Stab","floor":11},{"not_picked":["Predator","Acrobatics"],"picked":"Caltrops","floor":13},{"not_picked":["Quick Slash","Sucker Punch","Outmaneuver"],"picked":"SKIP","floor":14},{"not_picked":["Wraith Form v2","Malaise"],"picked":"Adrenaline","floor":16},{"not_picked":["Quick Slash","Acrobatics"],"picked":"Flying Knee","floor":18},{"not_picked":["Flechettes","Outmaneuver"],"picked":"PiercingWail","floor":19},{"not_picked":["Bouncing Flask+1","Crippling Poison"],"picked":"Backstab+1","floor":24},{"not_picked":["Finisher","Sucker Punch+1"],"picked":"Infinite Blades","floor":28},{"not_picked":["Quick Slash","Outmaneuver"],"picked":"Masterful Stab","floor":29},{"not_picked":["Eviscerate","Doppelganger"],"picked":"PiercingWail","floor":30},{"not_picked":["Dodge and Roll","Underhanded Strike"],"picked":"Terror+1","floor":31}],"player_experience":562484,"relics_obtained":[{"floor":7,"key":"Mercury Hourglass"},{"floor":9,"key":"Matryoshka"},{"floor":11,"key":"Lantern"},{"floor":20,"key":"Enchiridion"},{"floor":26,"key":"Mummified Hand"},{"floor":26,"key":"Bronze Scales"},{"floor":27,"key":"Blue Candle"},{"floor":27,"key":"Happy Flower"}],"event_choices":[{"damage_healed":0,"gold_gain":0,"player_choice":"Obtained Book","damage_taken":16,"max_hp_gain":0,"max_hp_loss":0,"event_name":"Cursed Tome","floor":20,"gold_loss":0},{"damage_healed":0,"gold_gain":99,"player_choice":"Stole From Cult","damage_taken":0,"max_hp_gain":0,"max_hp_loss":0,"event_name":"Nest","floor":22,"gold_loss":0}],"is_beta":false,"boss_relics":[{"not_picked":["Velvet Choker","Black Star"],"picked":"Ring of the Serpent"}],"items_purged_floors":[5],"is_endless":false,"potions_floor_spawned":[7,8,11,16,18,19,28,29],"killed_by":"Champ","ascension_level":0}