{"gold_per_floor":[144,144,65,140,165,165,214,263,288,386,386,336,336,11,11,336,336,385,237,187,37,37,135,184,233,258,307,222,320,320,369,369,694,694,743,289,289,28,77,175,224,273,273,273,371,371,420,469,469,469],"floor_reached":51,"playtime":2960,"items_purged":["Regret","Strike_G","Defend_G"],"score":893,"play_id":"2edd76b0-a87e-43a5-8bc5-9d7f76aa2ced","local_time":"20180915190336","daily_mods":["Brewmaster","Midas","Binary"],"is_ascension_mode":false,"campfire_choices":[{"floor":6,"key":"REST"},{"floor":15,"key":"REST"},{"floor":32,"key":"REST"},{"floor":49,"key":"REST"}],"neow_cost":"","seed_source_timestamp":17597208840673,"circlet_count":0,"master_deck":["Defend_G","Defend_G","Defend_G","Strike_G","Strike_G","Strike_G","Strike_G","Survivor","Neutralize+1","Venomology","Venomology","Venomology","Venomology","Backstab","Noxious Fumes","Envenom","Caltrops+1","Bane+1","Noxious Fumes","Bane+1","Choke+1","Backflip","Quick Slash+1","Unload+1","Bane+1","Infinite Blades","Noxious Fumes","Infinite Blades","Catalyst","Footwork+1"],"special_seed":17789,"relics":["Ring of the Snake","White Beast Statue","Golden Idol","Bronze Scales","Juzu Bracelet","Orichalcum","Mummified Hand","Molten Egg 2","Black Star","Snake Skull","Regal Pillow","Strawberry","Anchor","Art of War","Boot","Blood Vial","WristBlade","Membership Card","Bag of Marbles","Omamori","DollysMirror","Paper Crane","Oddly Smooth Stone","Happy Flower","Letter Opener","Sundial","Bottled Flame"],"potions_floor_usage":[1,1,1,7,8,8,8,10,10,10,10,10,10,16,16,16,16,16,18,18,18,18,18,18,18,23,23,23,23,23,23,24,24,24,24,24,25,25,25,25,25,27,27,27,27,27,29,29,29,29,29,29,31,31,31,31,31,31,33,33,33,33,33,33,33,33,35,35,39,39,39,39,39,40,40,40,40,40,40,40,41,41,41,42,42,45,45,45,45,47,47,47,48,48,48,50,50,50,50,50,50],"damage_taken":[{"damage":2,"enemies":"Jaw Worm","floor":1,"turns":5},{"damage":0,"enemies":"Small Slimes","floor":7,"turns":2},{"damage":0,"enemies":"Cultist","floor":8,"turns":4},{"damage":3,"enemies":"Gremlin Nob","floor":10,"turns":5},{"damage":1,"enemies":"Hexaghost","floor":16,"turns":9},{"damage":0,"enemies":"3 Byrds","floor":18,"turns":2},{"damage":32,"enemies":"Gremlin Leader","floor":23,"turns":7},{"damage":14,"enemies":"Shell Parasite","floor":24,"turns":4},{"damage":2,"enemies":"Shelled Parasite and Fungi","floor":25,"turns":4},{"damage":0,"enemies":"Chosen and Byrds","floor":27,"turns":4},{"damage":2,"enemies":"Book of Stabbing","floor":29,"turns":5},{"damage":30,"enemies":"Sentry and Sphere","floor":31,"turns":4},{"damage":65,"enemies":"Champ","floor":33,"turns":11},{"damage":25,"enemies":"3 Darklings","floor":35,"turns":6},{"damage":2,"enemies":"3 Shapes","floor":39,"turns":6},{"damage":16,"enemies":"Giant Head","floor":40,"turns":7},{"damage":0,"enemies":"Jaw Worm Horde","floor":41,"turns":4},{"damage":3,"enemies":"Spire Growth","floor":42,"turns":4},{"damage":0,"enemies":"Nemesis","floor":45,"turns":5},{"damage":4,"enemies":"Sphere and 2 Shapes","floor":47,"turns":3},{"damage":0,"enemies":"Reptomancer","floor":48,"turns":4},{"damage":66,"enemies":"Donu and Deca","floor":50,"turns":8}],"seed_played":"-4759966678403300837","potions_obtained":[{"floor":1,"key":"Block Potion"},{"floor":7,"key":"EssenceOfSteel"},{"floor":10,"key":"FearPotion"},{"floor":16,"key":"Energy Potion"},{"floor":18,"key":"Regen Potion"},{"floor":23,"key":"Regen Potion"},{"floor":24,"key":"SteroidPotion"},{"floor":25,"key":"Fruit Juice"},{"floor":29,"key":"SkillPotion"},{"floor":31,"key":"GamblersBrew"},{"floor":33,"key":"Fire Potion"},{"floor":35,"key":"GhostInAJar"},{"floor":39,"key":"GhostInAJar"},{"floor":40,"key":"Block Potion"},{"floor":47,"key":"LiquidBronze"},{"floor":48,"key":"SkillPotion"}],"is_trial":false,"path_per_floor":["M","?","$","?","T","R","M","M","T","E","?","?","?","$","R","B",null,"M","$","?","$","?","E","M","M","T","M","?","E","?","M","R","B",null,"M","$","?","$","M","E","M","M","T","?","E","?","M","M","R","B"],"character_chosen":"THE_SILENT","items_purchased":["Noxious Fumes","Molten Egg 2","Bane+1","Snake Skull","Membership Card","Infinite Blades","Bag of Marbles","Omamori","DollysMirror","Paper Crane","Infinite Blades"],"campfire_rested":4,"item_purchase_floors":[3,14,19,21,36,36,36,36,38,38,38],"current_hp_per_floor":[68,51,51,40,40,61,61,61,61,58,58,58,58,58,70,69,70,70,70,70,70,70,45,60,58,58,63,63,61,45,31,72,24,87,62,62,62,62,85,71,73,72,72,72,74,74,72,74,87,21],"gold":469,"neow_bonus":"","is_prod":false,"is_daily":true,"chose_seed":false,"campfire_upgraded":0,"win_rate":0,"timestamp":1537052616,"path_taken":["M","?","?","?","?","R","?","M","T","E","?","?","?","$","R","BOSS","M","$","?","$","?","E","M","M","T","M","?","E","?","M","R","BOSS","M","$","?","$","M","E","M","M","T","?","E","?","M","M","R","BOSS"],"build_version":"2018-09-12","purchased_purges":3,"victory":true,"max_hp_per_floor":[70,70,70,70,70,70,70,70,70,70,70,70,70,70,70,70,70,70,70,70,70,70,77,77,77,77,82,82,82,87,87,87,87,87,87,87,87,87,87,87,87,87,87,87,87,87,87,87,87,87],"card_choices":[{"not_picked":["Infinite Blades"],"picked":"Backstab","floor":1},{"not_picked":["Masterful Stab","Riddle With Holes"],"picked":"SKIP","floor":7},{"not_picked":["Concentrate","Calculated Gamble"],"picked":"SKIP","floor":8},{"not_picked":["Choke","Blade Dance"],"picked":"SKIP","floor":10},{"not_picked":["A Thousand Cuts"],"picked":"Envenom","floor":16},{"not_picked":["Flying Knee+1"],"picked":"Caltrops+1","floor":18},{"not_picked":["Doppelganger"],"picked":"Bane+1","floor":23},{"not_picked":["Underhanded Strike+1","Tactician"],"picked":"SKIP","floor":24},{"not_picked":["Heel Hook+1","Underhanded Strike+1"],"picked":"SKIP","floor":25},{"not_picked":["Dagger Throw+1"],"picked":"Choke+1","floor":27},{"not_picked":["Well Laid Plans"],"picked":"Backflip","floor":29},{"not_picked":["Outmaneuver"],"picked":"Quick Slash+1","floor":31},{"not_picked":["Wraith Form v2"],"picked":"Unload+1","floor":33},{"not_picked":["Quick Slash+1"],"picked":"Bane+1","floor":35},{"not_picked":["Riddle With Holes+1","Eviscerate+1"],"picked":"SKIP","floor":39},{"not_picked":["Cloak And Dagger"],"picked":"Catalyst","floor":40},{"not_picked":["Deadly Poison","Expertise"],"picked":"SKIP","floor":41},{"not_picked":["Well Laid Plans","Reflex"],"picked":"SKIP","floor":42},{"not_picked":["Dash+1"],"picked":"Footwork+1","floor":45},{"not_picked":["PiercingWail","Dodge and Roll+1"],"picked":"SKIP","floor":47},{"not_picked":["Acrobatics+1","Backflip"],"picked":"SKIP","floor":48}],"player_experience":298481,"relics_obtained":[{"floor":5,"key":"Bronze Scales"},{"floor":9,"key":"Juzu Bracelet"},{"floor":10,"key":"Orichalcum"},{"floor":23,"key":"Regal Pillow"},{"floor":23,"key":"Strawberry"},{"floor":26,"key":"Anchor"},{"floor":29,"key":"Boot"},{"floor":29,"key":"Blood Vial"},{"floor":40,"key":"Oddly Smooth Stone"},{"floor":40,"key":"Happy Flower"},{"floor":43,"key":"Letter Opener"},{"floor":45,"key":"Sundial"},{"floor":45,"key":"Bottled Flame"}],"event_choices":[{"event_name":"Golden Idol","player_choice":"Take Damage","floor":2,"damage_taken":0},{"event_name":"World of Goop","player_choice":"Gather Gold","floor":4,"damage_taken":0},{"event_name":"Living Wall","player_choice":"Grow","floor":11,"damage_taken":0},{"event_name":"The Cleric","player_choice":"Card Removal","floor":12,"damage_taken":0},{"event_name":"Big Fish","player_choice":"Box","floor":13,"damage_taken":0},{"event_name":"The Joust","player_choice":"Bet on Murderer","floor":20,"damage_taken":0},{"event_name":"The Library","player_choice":"Read","floor":22,"damage_taken":0},{"event_name":"Addict","player_choice":"Obtained Relic","floor":28,"damage_taken":0},{"event_name":"Forgotten Altar","player_choice":"Shed Blood","floor":30,"damage_taken":0},{"event_name":"Mysterious Sphere","player_choice":"Ignore","floor":37,"damage_taken":0},{"event_name":"The Lab","player_choice":"Got Potions","floor":44,"damage_taken":0},{"event_name":"Falling","player_choice":"Removed Skill","floor":46,"damage_taken":0}],"is_beta":true,"boss_relics":[{"not_picked":["Coffee Dripper","Tiny House"],"picked":"Black Star"},{"not_picked":["Sozu","HoveringKite"],"picked":"WristBlade"}],"items_purged_floors":[14,19,36],"is_endless":false,"potions_floor_spawned":[1,7,8,10,16,18,23,24,25,27,29,31,33,35,39,40,41,42,45,47,48],"ascension_level":0}