{"gold_per_floor":[116,41,64,75,49,75,75,105,176,176,187,199,227,242,242,346,346,356,356,179,179,211,223,250,318,377,389,412,440,452,474,486,599,611,638,650,688,710,157,157,177,177,177,177,177,193,205,6,6,6],"floor_reached":50,"playtime":2612,"items_purged":["Regret","Strike_G","Decay"],"score":637,"play_id":"392861a7-2e73-4c34-97ed-198caa4147a4","local_time":"20190226113529","is_ascension_mode":false,"campfire_choices":[{"data":"Crippling Poison","floor":7,"key":"SMITH"},{"floor":10,"key":"REST"},{"floor":15,"key":"REST"},{"data":"Blade Dance","floor":23,"key":"SMITH"},{"data":"Blade Dance","floor":27,"key":"SMITH"},{"floor":30,"key":"REST"},{"data":"Infinite Blades","floor":32,"key":"SMITH"},{"data":"Blade Dance","floor":40,"key":"SMITH"},{"floor":44,"key":"REST"},{"data":"Survivor","floor":49,"key":"SMITH"}],"neow_cost":"NONE","seed_source_timestamp":2633155372875,"circlet_count":0,"master_deck":["Defend_G","Defend_G","Defend_G","Defend_G","Defend_G","Strike_G","Strike_G","Strike_G","Strike_G","Survivor+1","Neutralize+1","Parasite","Clumsy","PiercingWail","Blade Dance+1","Blade Dance+1","Crippling Poison+1","Backflip","Flying Knee","Skewer","Blade Dance+1","Dodge and Roll","Adrenaline","Infinite Blades+1","Blade Dance+1","Footwork","Masterful Stab","Dagger Spray","Acrobatics","Dodge and Roll","Riddle With Holes+1","Blur","Storm of Steel","Dodge and Roll","Shame","Backstab","Noxious Fumes","Poisoned Stab","The Bomb","Madness","Flying Knee","Doubt","Dodge and Roll"],"relics":["Calling Bell","Boot","Ornamental Fan","Mango","Oddly Smooth Stone","Gremlin Horn","Blood Vial","Kunai","Nunchaku","Philosopher\u0027s Stone","MawBank","Tiny Chest","Potion Belt","Cursed Key","Happy Flower","Whetstone","Regal Pillow","Lee\u0027s Waffle"],"potions_floor_usage":[6,13,25,35,41,41,45,46],"damage_taken":[{"damage":14,"enemies":"Cultist","floor":1,"turns":6},{"damage":3,"enemies":"2 Louse","floor":4,"turns":2},{"damage":27,"enemies":"Gremlin Nob","floor":6,"turns":5},{"damage":19,"enemies":"Lagavulin","floor":8,"turns":7},{"damage":0,"enemies":"Jaw Worm","floor":11,"turns":3},{"damage":0,"enemies":"3 Louse","floor":12,"turns":3},{"damage":12,"enemies":"3 Sentries","floor":13,"turns":6},{"damage":6,"enemies":"Exordium Thugs","floor":14,"turns":4},{"damage":56,"enemies":"The Guardian","floor":16,"turns":16},{"damage":8,"enemies":"Spheric Guardian","floor":18,"turns":5},{"damage":11,"enemies":"2 Thieves","floor":22,"turns":4},{"damage":0,"enemies":"Centurion and Healer","floor":24,"turns":6},{"damage":21,"enemies":"Book of Stabbing","floor":25,"turns":6},{"damage":15,"enemies":"Cultist and Chosen","floor":28,"turns":7},{"damage":0,"enemies":"Chosen and Byrds","floor":29,"turns":4},{"damage":0,"enemies":"3 Cultists","floor":31,"turns":5},{"damage":13,"enemies":"Collector","floor":33,"turns":13},{"damage":23,"enemies":"3 Shapes","floor":35,"turns":5},{"damage":12,"enemies":"Orb Walker","floor":38,"turns":3},{"damage":0,"enemies":"Maw","floor":41,"turns":8},{"damage":0,"enemies":"Reptomancer","floor":45,"turns":1},{"damage":36,"enemies":"4 Shapes","floor":46,"turns":9},{"damage":5,"enemies":"3 Darklings","floor":47,"turns":6},{"damage":111,"enemies":"Time Eater","floor":50,"turns":10}],"seed_played":"-9065404183877124230","potions_obtained":[{"floor":1,"key":"Fire Potion"},{"floor":12,"key":"SkillPotion"},{"floor":14,"key":"Swift Potion"},{"floor":25,"key":"Block Potion"},{"floor":28,"key":"EssenceOfSteel"},{"floor":31,"key":"SmokeBomb"},{"floor":33,"key":"Explosive Potion"},{"floor":35,"key":"FairyPotion"}],"is_trial":false,"path_per_floor":["M","$","T","M","$","E","R","E","T","R","M","M","E","M","R","B",null,"M","?","$","T","M","R","M","E","T","R","M","M","R","M","R","B",null,"M","T","T","M","$","R","M","?","T","R","E","M","M","$","R","B"],"character_chosen":"THE_SILENT","items_purchased":["Blade Dance","Footwork","Noxious Fumes","Poisoned Stab","The Bomb","Block Potion","Madness","Lee\u0027s Waffle"],"campfire_rested":4,"item_purchase_floors":[5,20,39,39,39,39,39,48],"current_hp_per_floor":[70,70,70,67,67,40,40,21,21,46,48,50,40,36,61,7,84,76,76,76,76,67,67,69,50,50,50,37,39,64,66,66,55,84,61,61,61,51,51,51,53,53,53,84,84,48,45,91,91,0],"gold":6,"neow_bonus":"BOSS_RELIC","is_prod":false,"is_daily":false,"chose_seed":false,"campfire_upgraded":6,"win_rate":0,"timestamp":1551202529,"path_taken":["M","$","?","M","?","E","R","E","T","R","?","M","E","?","R","BOSS","M","?","$","?","M","R","M","E","T","R","M","M","R","M","R","BOSS","M","?","?","M","$","R","M","?","T","R","E","M","M","$","R","BOSS"],"build_version":"2019-01-23","purchased_purges":3,"victory":false,"max_hp_per_floor":[84,84,84,84,84,84,84,84,84,84,84,84,84,84,84,84,84,84,84,84,84,84,84,84,84,84,84,84,84,84,84,84,84,84,84,84,84,84,84,84,84,84,84,84,84,84,84,91,91,91],"card_choices":[{"not_picked":["Expertise","Dagger Throw"],"picked":"PiercingWail","floor":1},{"not_picked":["Finisher","Outmaneuver"],"picked":"Blade Dance","floor":4},{"not_picked":["Burst","Prepared"],"picked":"Crippling Poison","floor":6},{"not_picked":["PiercingWail","Reflex"],"picked":"Backflip","floor":8},{"not_picked":["Bane","Expertise"],"picked":"Flying Knee","floor":11},{"not_picked":["Doppelganger","Crippling Poison"],"picked":"Skewer","floor":12},{"not_picked":["Noxious Fumes","Bane"],"picked":"Blade Dance","floor":13},{"not_picked":["Deflect","Choke"],"picked":"Dodge and Roll","floor":14},{"not_picked":["Grand Finale","After Image"],"picked":"Adrenaline","floor":16},{"not_picked":["Bane","Quick Slash"],"picked":"Infinite Blades","floor":18},{"not_picked":["Skewer","Sucker Punch"],"picked":"Masterful Stab","floor":22},{"not_picked":["Grand Finale","Predator"],"picked":"Dagger Spray","floor":24},{"not_picked":["Eviscerate+1","Dagger Spray"],"picked":"Acrobatics","floor":25},{"not_picked":["Outmaneuver","Masterful Stab"],"picked":"Dodge and Roll","floor":28},{"not_picked":["Slice","Outmaneuver"],"picked":"Riddle With Holes","floor":29},{"not_picked":["PiercingWail","Reflex"],"picked":"Blur","floor":31},{"not_picked":["Night Terror","Doppelganger"],"picked":"Storm of Steel","floor":33},{"not_picked":["Acrobatics+1","Underhanded Strike"],"picked":"Dodge and Roll","floor":35},{"not_picked":["Crippling Poison+1","Blur"],"picked":"Backstab","floor":38},{"not_picked":["Dagger Spray+1","Eviscerate"],"picked":"Flying Knee","floor":41},{"not_picked":["Well Laid Plans","Predator+1","Prepared+1"],"picked":"SKIP","floor":46},{"not_picked":["Well Laid Plans","Predator+1","Prepared+1"],"picked":"SKIP","floor":46},{"not_picked":["Distraction","Tactician+1"],"picked":"Dodge and Roll","floor":47}],"player_experience":421142,"relics_obtained":[{"floor":0,"key":"Boot"},{"floor":0,"key":"Ornamental Fan"},{"floor":0,"key":"Mango"},{"floor":3,"key":"Oddly Smooth Stone"},{"floor":6,"key":"Gremlin Horn"},{"floor":8,"key":"Blood Vial"},{"floor":9,"key":"Kunai"},{"floor":13,"key":"Nunchaku"},{"floor":21,"key":"MawBank"},{"floor":25,"key":"Tiny Chest"},{"floor":26,"key":"Potion Belt"},{"floor":36,"key":"Happy Flower"},{"floor":37,"key":"Whetstone"},{"floor":43,"key":"Regal Pillow"}],"event_choices":[{"damage_healed":0,"gold_gain":0,"player_choice":"Copied","damage_taken":0,"max_hp_gain":0,"max_hp_loss":0,"event_name":"Duplicator","floor":19,"gold_loss":0,"cards_obtained":["Blade Dance"]},{"damage_healed":0,"gold_gain":0,"player_choice":"Upgraded","damage_taken":0,"max_hp_gain":0,"max_hp_loss":0,"event_name":"Upgrade Shrine","floor":42,"gold_loss":0,"cards_upgraded":["Blade Dance"]}],"is_beta":false,"boss_relics":[{"not_picked":["Fusion Hammer","Empty Cage"],"picked":"Philosopher\u0027s Stone"},{"not_picked":["Tiny House","Lizard Tail"],"picked":"Cursed Key"}],"items_purged_floors":[2,20,39],"is_endless":false,"potions_floor_spawned":[1,12,14,25,28,31,33,35],"killed_by":"Time Eater","ascension_level":0}