{"path_per_floor":["M","M","?","$","T","R","M","E","T","M","R","?","M","?","R","B",null,"M","?","?","?","?","M","R","$","T","R","?","M","R","T","R","B",null,"M","M","?","?","M","M","M","R","T","$","E","R","M","M","R","B"],"character_chosen":"DEFECT","items_purchased":["Juzu Bracelet","Regen Potion","Force Field","Strawberry","Bag of Preparation","Capacitor"],"gold_per_floor":[114,129,79,4,79,79,94,124,149,164,164,164,183,258,258,383,383,402,402,652,577,577,566,566,202,227,227,227,246,246,246,246,371,371,390,409,409,415,434,453,453,453,478,28,66,66,85,104,104,104],"floor_reached":51,"campfire_rested":0,"playtime":3123,"current_hp_per_floor":[73,73,73,73,73,73,73,60,60,58,58,58,62,51,51,29,69,65,65,65,65,65,61,61,61,61,61,61,64,64,64,64,69,69,67,59,59,55,63,59,52,52,52,59,76,76,76,71,71,58],"items_purged":["Strike_B","Defend_B","Defend_B"],"gold":104,"score":700,"play_id":"35a8818d-a2e6-471a-824d-e83100976f57","local_time":"20180510134817","daily_mods":["Heirloom","Time Dilation","Night Terrors"],"is_prod":false,"is_daily":true,"chose_seed":false,"is_ascension_mode":false,"campfire_upgraded":10,"timestamp":1525974497,"path_taken":["M","M","?","$","?","R","?","E","T","M","R","?","M","?","R","BOSS","M","?","?","?","?","?","R","$","T","R","?","M","R","?","R","BOSS","M","M","?","?","M","M","M","R","T","$","E","R","M","M","R","BOSS"],"build_version":"2018-05-09","seed_source_timestamp":0,"purchased_purges":3,"victory":true,"master_deck":["Strike_B","Defend_B","Zap+1","Dualcast","Conserve Battery","Defragment+1","Loop+1","Axe Kick+1","Echo Form+1","Heatsinks+1","Glacier","Tempest+1","Force Field+1","Double Energy","Buffer+1","Self Repair","Force Field+1","Seek+1","Streamline+1","Capacitor+1","Chaos+1","Nova+1"],"max_hp_per_floor":[75,75,75,75,75,75,75,75,75,75,75,69,69,69,69,69,69,69,69,69,69,69,69,69,69,69,69,69,69,69,69,69,69,69,69,69,69,69,69,69,69,69,69,76,76,76,76,76,76,76],"relics":["Cracked Core","Bird Faced Urn","Molten Egg 2","Dream Catcher","Oddly Smooth Stone","Golden Idol","Velvet Choker","Juzu Bracelet","Bronze Scales","Kunai","White Beast Statue","Dead Branch","Bag of Marbles","Strawberry","Bag of Preparation","Ginger"],"card_choices":[{"not_picked":["Skim","Chaos"],"picked":"Conserve Battery","floor":1},{"not_picked":["Barrage","Hologram"],"picked":"Defragment","floor":8},{"not_picked":["Redo","Turbo"],"picked":"Loop","floor":10},{"not_picked":["Undo","Reprogram"],"picked":"Axe Kick","floor":13},{"not_picked":["Biased Cognition","Thunder Strike"],"picked":"Echo Form","floor":16},{"not_picked":["Coolheaded","Rebound"],"picked":"Heatsinks","floor":18},{"not_picked":["Auto Shields","Stack"],"picked":"Tempest","floor":23},{"not_picked":["Reinforced Body","Stack"],"picked":"Double Energy","floor":29},{"not_picked":["Fission","Multi-Cast"],"picked":"Buffer","floor":33},{"not_picked":["Turbo","Sweeping Beam"],"picked":"Self Repair","floor":35},{"not_picked":["Leap","Axe Kick"],"picked":"Force Field","floor":36},{"not_picked":["Capacitor","Streamline"],"picked":"Seek","floor":38},{"not_picked":["Leap","Skim"],"picked":"Streamline","floor":40},{"not_picked":["Reinforced Body","Recycle"],"picked":"Chaos","floor":45},{"not_picked":["Blizzard","Streamline"],"picked":"Nova","floor":47}],"player_experience":253104,"potions_floor_usage":[10,16,33,35,36,38,38,41,47,48,50,50,50],"damage_taken":[{"damage":2,"enemies":"Small Slimes","floor":1,"turns":3},{"damage":0,"enemies":"2 Louse","floor":2,"turns":2},{"damage":0,"enemies":"Cultist","floor":7,"turns":3},{"damage":13,"enemies":"Lagavulin","floor":8,"turns":7},{"damage":4,"enemies":"Lots of Slimes","floor":10,"turns":4},{"damage":0,"enemies":"2 Fungi Beasts","floor":13,"turns":3},{"damage":26,"enemies":"Slime Boss","floor":16,"turns":7},{"damage":8,"enemies":"Shell Parasite","floor":18,"turns":5},{"damage":14,"enemies":"2 Thieves","floor":23,"turns":4},{"damage":1,"enemies":"Snake Plant","floor":29,"turns":3},{"damage":13,"enemies":"Automaton","floor":33,"turns":13},{"damage":14,"enemies":"3 Darklings","floor":35,"turns":10},{"damage":25,"enemies":"3 Shapes","floor":36,"turns":4},{"damage":25,"enemies":"Mysterious Sphere","floor":38,"turns":5},{"damage":9,"enemies":"Spire Growth","floor":39,"turns":4},{"damage":10,"enemies":"4 Shapes","floor":40,"turns":6},{"damage":18,"enemies":"Flame Bruiser 2 Orb","floor":41,"turns":2},{"damage":0,"enemies":"Nemesis","floor":45,"turns":9},{"damage":2,"enemies":"Spire Growth","floor":47,"turns":6},{"damage":31,"enemies":"Sphere and 2 Shapes","floor":48,"turns":4},{"damage":29,"enemies":"Donu and Deca","floor":50,"turns":9}],"event_choices":[{"event_name":"The Cleric","player_choice":"Card Removal","floor":3,"damage_taken":0},{"event_name":"Golden Idol","player_choice":"Lose Max HP","floor":12,"damage_taken":0},{"event_name":"World of Goop","player_choice":"Gather Gold","floor":14,"damage_taken":0},{"event_name":"The Library","player_choice":"Read","floor":19,"damage_taken":0},{"event_name":"Golden Shrine","player_choice":"Desecrate","floor":20,"damage_taken":0},{"event_name":"Beggar","player_choice":"Gave Gold","floor":21,"damage_taken":0},{"event_name":"Back to Basics","player_choice":"Elegance","floor":22,"damage_taken":0},{"event_name":"The Lab","player_choice":"Got Potions","floor":28,"damage_taken":0},{"event_name":"Mysterious Sphere","player_choice":"Fight","floor":38,"damage_taken":0}],"boss_relics":[{"not_picked":["Runic Dome","Lizard Tail"],"picked":"Velvet Choker"},{"not_picked":["Calling Bell","Snecko Eye"],"picked":"White Beast Statue"}],"potions_floor_spawned":[2,7,18,33,35,36,38,39,40,41,45,47,48],"seed_played":"-3482756259922826176","ascension_level":0,"is_trial":false}