{"gold_per_floor":[110,110,75,18,29,57,57,74,99,133,143,157,157,188,188,259,259,279,291,291,291,13,47,47,61,132,132],"floor_reached":27,"playtime":997,"items_purged":[],"score":464,"play_id":"714ea1a9-33c2-4324-a6a2-e06b7a811cc1","local_time":"20190202114718","is_ascension_mode":true,"campfire_choices":[{"floor":7,"key":"REST"},{"data":"Fission","floor":13,"key":"SMITH"},{"data":"Dualcast","floor":15,"key":"SMITH"},{"floor":24,"key":"REST"}],"neow_cost":"PERCENT_DAMAGE","seed_source_timestamp":763036813941800,"circlet_count":0,"master_deck":["AscendersBane","Strike_B+1","Defend_B+1","Defend_B+1","Defend_B+1","Defend_B+1","Zap+1","Dualcast+1","Electrodynamics","Conserve Battery","Rip and Tear","Melter+1","Glacier","Coolheaded","Fission+1","Cold Snap","Reboot","All For One+1","Rainbow+1","Blizzard+1","Self Repair","Conserve Battery","Defragment","Leap","Self Repair","Capacitor+1"],"relics":["Cracked Core","Regal Pillow","Vajra","Whetstone","Smiling Mask","Astrolabe","Membership Card","Turnip","Singing Bowl"],"potions_floor_usage":[11,16,23],"damage_taken":[{"damage":4,"enemies":"Small Slimes","floor":1,"turns":3},{"damage":7,"enemies":"2 Louse","floor":5,"turns":3},{"damage":30,"enemies":"Lagavulin","floor":6,"turns":8},{"damage":0,"enemies":"Jaw Worm","floor":8,"turns":3},{"damage":3,"enemies":"3 Sentries","floor":10,"turns":3},{"damage":4,"enemies":"Exordium Thugs","floor":11,"turns":3},{"damage":8,"enemies":"Large Slime","floor":12,"turns":5},{"damage":4,"enemies":"Lagavulin","floor":14,"turns":5},{"damage":9,"enemies":"Slime Boss","floor":16,"turns":7},{"damage":20,"enemies":"2 Thieves","floor":18,"turns":4},{"damage":0,"enemies":"Spheric Guardian","floor":19,"turns":3},{"damage":25,"enemies":"Book of Stabbing","floor":23,"turns":6},{"damage":0,"enemies":"Snecko","floor":25,"turns":5},{"damage":47,"enemies":"Chosen and Byrds","floor":27,"turns":7}],"seed_played":"5553683808121063089","potions_obtained":[{"floor":6,"key":"Block Potion"},{"floor":8,"key":"LiquidBronze"},{"floor":10,"key":"PowerPotion"},{"floor":11,"key":"Poison Potion"},{"floor":16,"key":"Strength Potion"},{"floor":19,"key":"Ancient Potion"},{"floor":23,"key":"Ancient Potion"}],"is_trial":false,"path_per_floor":["M","?","?","?","M","E","R","M","T","E","M","M","R","E","R","B",null,"M","M","?","?","$","E","R","M","T","M"],"character_chosen":"DEFECT","items_purchased":["Membership Card","Defragment","Leap"],"campfire_rested":2,"item_purchase_floors":[22,22,22],"current_hp_per_floor":[42,42,59,59,52,22,58,58,58,55,51,43,43,39,39,30,61,41,48,48,28,28,3,40,47,47,0],"gold":132,"neow_bonus":"THREE_RARE_CARDS","is_prod":false,"is_daily":false,"chose_seed":false,"campfire_upgraded":2,"win_rate":0,"timestamp":1549104438,"path_taken":["M","?","?","?","?","E","R","M","T","E","M","M","R","E","R","BOSS","M","M","?","?","$","E","R","M","T","M"],"build_version":"2019-01-23","purchased_purges":0,"victory":false,"max_hp_per_floor":[71,71,71,71,71,71,71,71,71,71,71,71,71,71,71,71,71,71,71,71,76,76,76,76,76,76,76],"card_choices":[{"not_picked":["Echo Form","Thunder Strike"],"picked":"Electrodynamics","floor":0},{"not_picked":["Heatsinks","Reinforced Body"],"picked":"Conserve Battery","floor":1},{"not_picked":["Redo","Rebound"],"picked":"Rip and Tear","floor":5},{"not_picked":["Cold Snap","Conserve Battery"],"picked":"Melter","floor":6},{"not_picked":["Double Energy","Turbo"],"picked":"Glacier","floor":8},{"not_picked":["Rebound","Streamline","Hologram"],"picked":"SKIP","floor":10},{"not_picked":["Fusion","Streamline"],"picked":"Coolheaded","floor":11},{"not_picked":["Turbo","Lockon"],"picked":"Fission","floor":12},{"not_picked":["Steam","Rebound"],"picked":"Cold Snap","floor":14},{"not_picked":["Meteor Strike","All For One"],"picked":"Reboot","floor":16},{"not_picked":["Conserve Battery+1","Coolheaded"],"picked":"Self Repair","floor":18},{"not_picked":["Reprogram","Steam Power"],"picked":"Conserve Battery","floor":19},{"not_picked":["Redo","Heatsinks"],"picked":"Self Repair","floor":23},{"not_picked":["Chaos","Beam Cell"],"picked":"Capacitor+1","floor":25}],"player_experience":434683,"relics_obtained":[{"floor":6,"key":"Regal Pillow"},{"floor":9,"key":"Vajra"},{"floor":10,"key":"Whetstone"},{"floor":14,"key":"Smiling Mask"},{"floor":23,"key":"Turnip"},{"floor":26,"key":"Singing Bowl"}],"event_choices":[{"damage_healed":0,"gold_gain":0,"player_choice":"Grow","damage_taken":0,"max_hp_gain":0,"max_hp_loss":0,"event_name":"Living Wall","floor":2,"gold_loss":0,"cards_upgraded":["Zap"]},{"damage_healed":17,"gold_gain":0,"player_choice":"Healed","damage_taken":0,"max_hp_gain":0,"max_hp_loss":0,"event_name":"The Cleric","floor":3,"gold_loss":35},{"damage_healed":0,"gold_gain":0,"player_choice":"Left Gold","damage_taken":0,"max_hp_gain":0,"max_hp_loss":0,"event_name":"World of Goop","floor":4,"gold_loss":57},{"damage_healed":0,"gold_gain":0,"player_choice":"Simplicity","damage_taken":0,"max_hp_gain":0,"max_hp_loss":0,"event_name":"Back to Basics","floor":20,"gold_loss":0,"cards_upgraded":["Defend_B","Defend_B","Defend_B","Defend_B"]},{"damage_healed":0,"gold_gain":0,"player_choice":"Shed Blood","damage_taken":25,"max_hp_gain":5,"max_hp_loss":0,"event_name":"Forgotten Altar","floor":21,"gold_loss":0}],"is_beta":false,"boss_relics":[{"not_picked":["Tiny House","Snecko Eye"],"picked":"Astrolabe"}],"items_purged_floors":[],"is_endless":false,"potions_floor_spawned":[6,8,10,11,12,16,19,23],"killed_by":"Chosen and Byrds","ascension_level":17}