{"path_per_floor":["M","?","?","M","T","E","R","$","T","M","M","M","M","M","R","B",null,"M","?","$","$","M","M","M","E","T","E","R","?","E","M","R","B",null,"M","M","$","M","?","M","M","E","T","M","E","M","M","$","R","B"],"character_chosen":"IRONCLAD","items_purchased":["Meat on the Bone","Bottled Flame","Flash of Steel","Flash of Steel","Champion Belt","Apotheosis","Anchor","Bird Faced Urn","Centennial Puzzle","Lee\u0027s Waffle","Energy Potion"],"gold_per_floor":[144,144,144,189,189,279,279,29,29,74,119,164,209,254,254,554,554,599,499,150,53,98,143,188,278,328,418,418,368,458,503,503,803,803,848,893,593,638,638,683,728,818,818,863,953,998,1043,43,43,43],"floor_reached":51,"campfire_rested":5,"playtime":2070,"current_hp_per_floor":[83,83,83,83,83,76,83,83,83,83,83,86,86,86,86,60,86,86,86,86,86,86,79,79,71,71,77,86,86,85,86,86,58,86,85,83,83,82,82,86,86,86,86,86,86,86,86,93,93,75],"items_purged":[],"gold":43,"score":1175,"play_id":"b91ea289-c0a9-4436-bbbb-e5c870614e96","local_time":"20180416224329","daily_mods":["Insanity","Midas","Hoarder"],"is_prod":false,"is_daily":true,"chose_seed":false,"is_ascension_mode":false,"campfire_upgraded":0,"timestamp":1523933009,"path_taken":["M","?","?","M","?","E","R","?","T","M","M","M","M","M","R","BOSS","M","?","?","$","M","M","M","E","T","E","R","?","E","M","R","BOSS","M","?","$","M","?","M","M","E","T","M","E","M","?","$","R","BOSS"],"build_version":"2018-04-12","seed_source_timestamp":0,"purchased_purges":0,"victory":true,"master_deck":["Infernal Blade","Twin Strike","Bludgeon","Heavy Blade","Fire Breathing","Pummel+1","Pommel Strike","Anger","Impervious","Perfected Strike+1","Hemokinesis","Bloodletting","Demon Form","Strike_R","Combust","Heavy Blade","Second Wind","Shockwave","Demon Form","Dropkick","Rampage","Clothesline","Twin Strike","Burning Pact","Ghostly Armor","Blood for Blood","Limit Break","Feed","Juggernaut","Demon Form","Searing Blow","Rupture","Pummel","Infernal Blade","Reaper","Havoc","Reckless Charge","Shockwave","Shockwave","Infernal Blade","Juggernaut","Headbutt","Berserk","Carnage","Infernal Blade","Strike_R","Fire Breathing","Shockwave","Feel No Pain","Hemokinesis","Hemokinesis","Hemokinesis","Perfected Strike","Perfected Strike","Perfected Strike","Perfected Strike","Perfected Strike","Perfected Strike","Perfected Strike","Perfected Strike","Perfected Strike","J.A.X.","J.A.X.","J.A.X.","Flash of Steel","Flash of Steel","Flash of Steel","Flash of Steel","Flash of Steel","Flash of Steel","Perfected Strike+1","Perfected Strike+1","Perfected Strike+1","Offering","Offering","Offering","Perfected Strike","Perfected Strike","Perfected Strike","Pommel Strike+1","Pommel Strike+1","Pommel Strike+1","Perfected Strike+1","Perfected Strike+1","Perfected Strike+1","Apotheosis","Apotheosis","Apotheosis"],"max_hp_per_floor":[83,83,83,83,83,83,83,83,83,83,83,86,86,86,86,86,86,86,86,86,86,86,86,86,86,86,86,86,86,86,86,86,86,86,86,86,86,86,86,86,86,86,86,86,86,86,86,93,93,93],"relics":["Burning Blood","Toolbox","Bag of Marbles","Meat on the Bone","Thread and Needle","Black Star","Bottled Flame","Art of War","Prayer Wheel","Orichalcum","Mummified Hand","Mercury Hourglass","Regal Pillow","Happy Flower","Orrery","Champion Belt","Shuriken","The Courier","Vajra","Ancient Tea Set","Whetstone","Anchor","Bird Faced Urn","Centennial Puzzle","Lee\u0027s Waffle"],"card_choices":[{"not_picked":["Thunderclap","Flex"],"picked":"Perfected Strike","floor":6},{"not_picked":["Rage","True Grit"],"picked":"Perfected Strike","floor":11},{"not_picked":["Second Wind","Headbutt"],"picked":"Perfected Strike","floor":12},{"not_picked":["Juggernaut","Bloodletting"],"picked":"Perfected Strike","floor":27},{"not_picked":["Juggernaut","Limit Break"],"picked":"Offering","floor":33},{"not_picked":["Shrug It Off","Reckless Charge"],"picked":"Perfected Strike","floor":34},{"not_picked":["Seeing Red","Armaments"],"picked":"Pommel Strike","floor":38},{"not_picked":["Fire Breathing","Thunderclap"],"picked":"Perfected Strike","floor":44}],"player_experience":188778,"potions_floor_usage":[23,27,33,50,50],"damage_taken":[{"damage":5,"enemies":"2 Louse","floor":1,"turns":4},{"damage":3,"enemies":"Cultist","floor":4,"turns":2},{"damage":13,"enemies":"Gremlin Nob","floor":6,"turns":3},{"damage":0,"enemies":"Small Slimes","floor":10,"turns":2},{"damage":22,"enemies":"Gremlin Gang","floor":11,"turns":3},{"damage":0,"enemies":"2 Fungi Beasts","floor":12,"turns":2},{"damage":0,"enemies":"Blue Slaver","floor":13,"turns":1},{"damage":3,"enemies":"Exordium Thugs","floor":14,"turns":2},{"damage":44,"enemies":"The Guardian","floor":16,"turns":5},{"damage":5,"enemies":"Spheric Guardian","floor":18,"turns":3},{"damage":0,"enemies":"Chosen","floor":22,"turns":2},{"damage":13,"enemies":"Centurion and Healer","floor":23,"turns":3},{"damage":6,"enemies":"Cultist and Chosen","floor":24,"turns":3},{"damage":14,"enemies":"Slavers","floor":25,"turns":4},{"damage":0,"enemies":"Gremlin Leader","floor":27,"turns":2},{"damage":7,"enemies":"Book of Stabbing","floor":30,"turns":2},{"damage":0,"enemies":"Snake Plant","floor":31,"turns":1},{"damage":46,"enemies":"Champ","floor":33,"turns":6},{"damage":7,"enemies":"3 Shapes","floor":35,"turns":2},{"damage":14,"enemies":"3 Darklings","floor":36,"turns":3},{"damage":7,"enemies":"Sphere and 2 Shapes","floor":38,"turns":3},{"damage":0,"enemies":"Maw","floor":40,"turns":2},{"damage":3,"enemies":"4 Shapes","floor":41,"turns":2},{"damage":3,"enemies":"2 Orb Walkers","floor":42,"turns":2},{"damage":7,"enemies":"Sphere and 2 Shapes","floor":44,"turns":2},{"damage":0,"enemies":"Nemesis","floor":45,"turns":1},{"damage":4,"enemies":"3 Darklings","floor":46,"turns":2},{"damage":3,"enemies":"4 Shapes","floor":47,"turns":3},{"damage":24,"enemies":"Donu and Deca","floor":50,"turns":4}],"event_choices":[{"event_name":"Match and Keep!","player_choice":"0 cards matched","floor":2,"damage_taken":0},{"event_name":"Transmorgrifier","player_choice":"Transform","floor":3,"damage_taken":0},{"event_name":"Drug Dealer","player_choice":"Got JAXXED","floor":19,"damage_taken":0},{"event_name":"The Joust","player_choice":"Bet on Murderer","floor":29,"damage_taken":0},{"event_name":"Tomb of Lord Red Mask","player_choice":"Ignored","floor":39,"damage_taken":0}],"boss_relics":[{"not_picked":["Eternal Feather","Black Blood"],"picked":"Black Star"},{"not_picked":["Astrolabe","Velvet Choker"],"picked":"Orrery"}],"potions_floor_spawned":[1,11,12,24,25,30,35,38,44,46],"seed_played":"5806895975017709107","ascension_level":0,"is_trial":false}