{"path_per_floor":["M","M","?","M","M","M","E","R","T","M","$","M","R","M","R","B",null,"M","M","M","M","M","E","R"],"character_chosen":"DEFECT","items_purchased":["Question Card"],"gold_per_floor":[112,126,126,136,147,158,187,187,238,251,7,18,18,32,32,134,134,145,160,178,193,210,241,241,241],"floor_reached":25,"campfire_rested":0,"playtime":1125,"item_purchase_floors":[11],"current_hp_per_floor":[75,75,60,54,54,47,21,21,21,29,29,36,36,50,50,46,75,75,68,60,50,36,20,20,0],"items_purged":[],"gold":241,"score":231,"play_id":"ae311578-451c-4009-a83a-505a4d752bf0","local_time":"20180621155739","is_prod":false,"is_daily":false,"chose_seed":false,"is_ascension_mode":false,"campfire_upgraded":4,"win_rate":0,"timestamp":1529589459,"campfire_choices":[{"data":"Defragment","floor":8,"key":"SMITH"},{"data":"Dualcast","floor":13,"key":"SMITH"},{"data":"Sunder","floor":15,"key":"SMITH"},{"data":"Static Discharge","floor":24,"key":"SMITH"}],"path_taken":["M","M","?","M","M","M","E","R","T","M","$","M","R","M","R","BOSS","M","M","M","M","M","E","R","M"],"build_version":"2018-06-14v2","seed_source_timestamp":7893738240767,"purchased_purges":0,"victory":false,"master_deck":["Strike_B+1","Strike_B","Strike_B+1","Strike_B","Defend_B+1","Defend_B","Defend_B","Defend_B","Zap+1","Dualcast+1","Melter","White Noise","Defragment+1","Glacier+1","Double Energy","Sunder+1","Thunder Strike","Static Discharge+1","Auto Shields+1","Streamline","Loop+1","Fission","Capacitor+1"],"max_hp_per_floor":[75,75,75,75,75,75,75,75,75,75,75,75,75,75,75,75,75,75,75,75,75,75,75,75,75],"relics":["Cracked Core","Meat on the Bone","War Paint","Question Card","Nuclear Battery","Bottled Flame"],"card_choices":[{"not_picked":["Conserve Battery","Barrage"],"picked":"Melter","floor":1},{"not_picked":["Conserve Battery","Sweeping Beam","Blizzard"],"picked":"SKIP","floor":2},{"not_picked":["Conserve Battery","Leap"],"picked":"White Noise","floor":4},{"not_picked":["Steam","Hello World"],"picked":"Defragment","floor":5},{"not_picked":["Undo","Turbo","Coolheaded"],"picked":"SKIP","floor":6},{"not_picked":["Seek","Scrape"],"picked":"Glacier","floor":7},{"not_picked":["Chill","Darkness"],"picked":"Double Energy","floor":10},{"not_picked":["Gash","Conserve Battery","Cold Snap","Compile Driver"],"picked":"SKIP","floor":12},{"not_picked":["Stack","Steam","Double Energy"],"picked":"Sunder","floor":14},{"not_picked":["Biased Cognition","Rainbow","Multi-Cast"],"picked":"Thunder Strike","floor":16},{"not_picked":["Conserve Battery","Beam Cell","Recycle+1"],"picked":"Static Discharge","floor":18},{"not_picked":["Conserve Battery","Consume","Ball Lightning"],"picked":"Auto Shields+1","floor":19},{"not_picked":["Aggregate+1","Chill","Stack+1"],"picked":"Streamline","floor":20},{"not_picked":["Steam","Heatsinks","Conserve Battery"],"picked":"Loop+1","floor":21},{"not_picked":["Streamline+1","Gash","Chaos"],"picked":"Fission","floor":22},{"not_picked":["Steam Power+1","Hologram","Chill"],"picked":"Capacitor+1","floor":23}],"player_experience":369074,"potions_floor_usage":[7,10,14,14,19,21,23,23,25],"damage_taken":[{"damage":0,"enemies":"Cultist","floor":1,"turns":3},{"damage":0,"enemies":"2 Louse","floor":2,"turns":2},{"damage":6,"enemies":"Jaw Worm","floor":4,"turns":3},{"damage":7,"enemies":"Looter","floor":5,"turns":4},{"damage":7,"enemies":"Blue Slaver","floor":6,"turns":3},{"damage":26,"enemies":"Lagavulin","floor":7,"turns":5},{"damage":4,"enemies":"Gremlin Gang","floor":10,"turns":2},{"damage":5,"enemies":"Looter","floor":12,"turns":3},{"damage":0,"enemies":"Exordium Wildlife","floor":14,"turns":6},{"damage":16,"enemies":"Hexaghost","floor":16,"turns":9},{"damage":0,"enemies":"Chosen","floor":18,"turns":4},{"damage":7,"enemies":"Shell Parasite","floor":19,"turns":4},{"damage":8,"enemies":"Snake Plant","floor":20,"turns":5},{"damage":10,"enemies":"Snecko","floor":21,"turns":4},{"damage":26,"enemies":"Chosen and Byrds","floor":22,"turns":6},{"damage":28,"enemies":"Book of Stabbing","floor":23,"turns":7},{"damage":24,"enemies":"Cultist and Chosen","floor":25,"turns":4}],"relics_obtained":[{"floor":7,"key":"Meat on the Bone"},{"floor":9,"key":"War Paint"},{"floor":23,"key":"Bottled Flame"}],"event_choices":[{"event_name":"Shining Light","player_choice":"Entered Light","floor":3,"damage_taken":0}],"boss_relics":[{"not_picked":["Runic Pyramid","Ectoplasm"],"picked":"Nuclear Battery"}],"items_purged_floors":[],"is_endless":false,"potions_floor_spawned":[4,7,12,16,19,21,23],"seed_played":"-1796226721374965216","killed_by":"Cultist and Chosen","ascension_level":0,"potions_obtained":[{"floor":4,"key":"Ancient Potion"},{"floor":7,"key":"Explosive Potion"},{"floor":12,"key":"EntropicBrew"},{"floor":16,"key":"Poison Potion"},{"floor":19,"key":"Poison Potion"},{"floor":21,"key":"GamblersBrew"},{"floor":23,"key":"Explosive Potion"}],"is_trial":false}