{"gold_per_floor":[109,128,128,146,111,111,126,126,126,149,149,174,198,239,239,239],"floor_reached":16,"playtime":417,"items_purged":[],"score":192,"play_id":"91d07704-3b60-453e-8584-a60aaf20863b","local_time":"20190103174500","is_ascension_mode":true,"campfire_choices":[{"data":"Zap","floor":6,"key":"SMITH"},{"data":"Dualcast","floor":8,"key":"SMITH"},{"floor":15,"key":"REST"}],"neow_cost":"NONE","seed_source_timestamp":289957781300900,"circlet_count":0,"master_deck":["AscendersBane","Strike_B","Strike_B","Strike_B+1","Strike_B","Defend_B","Defend_B","Defend_B","Defend_B","Zap+1","Dualcast+1","Sweeping Beam","Coolheaded","Melter","Compile Driver+1","Cold Snap","BootSequence","Loop"],"relics":["Cracked Core","Potion Belt","Golden Idol","Question Card","Prayer Wheel"],"potions_floor_usage":[10,12,16],"damage_taken":[{"damage":0,"enemies":"2 Louse","floor":1,"turns":3},{"damage":7,"enemies":"Jaw Worm","floor":2,"turns":3},{"damage":7,"enemies":"Small Slimes","floor":4,"turns":3},{"damage":5,"enemies":"Looter","floor":7,"turns":4},{"damage":0,"enemies":"3 Louse","floor":10,"turns":2},{"damage":8,"enemies":"Exordium Thugs","floor":12,"turns":3},{"damage":0,"enemies":"Blue Slaver","floor":13,"turns":2},{"damage":17,"enemies":"3 Sentries","floor":14,"turns":6},{"damage":34,"enemies":"The Guardian","floor":16,"turns":2}],"seed_played":"-4653122606918399366","potions_obtained":[{"floor":1,"key":"Energy Potion"},{"floor":2,"key":"SkillPotion"},{"floor":7,"key":"FearPotion"},{"floor":10,"key":"SteroidPotion"}],"is_trial":false,"path_per_floor":["M","M","?","M","?","R","M","R","T","M","?","M","M","E","R","B"],"character_chosen":"DEFECT","items_purchased":[],"campfire_rested":1,"item_purchase_floors":[],"current_hp_per_floor":[64,57,57,50,64,64,59,59,59,59,40,32,32,15,34,0],"gold":239,"neow_bonus":"RANDOM_COMMON_RELIC","is_prod":false,"is_daily":false,"chose_seed":false,"campfire_upgraded":2,"win_rate":0,"timestamp":1546533900,"path_taken":["M","M","?","M","?","R","M","R","T","?","?","M","M","E","R","BOSS"],"build_version":"2018-12-20","purchased_purges":0,"victory":false,"max_hp_per_floor":[71,71,64,64,64,64,64,64,64,64,64,64,64,64,64,64],"card_choices":[{"not_picked":["Redo","Heatsinks"],"picked":"Sweeping Beam","floor":1},{"not_picked":["Turbo","Hello World"],"picked":"Coolheaded","floor":2},{"not_picked":["Double Energy","Redo"],"picked":"Melter","floor":4},{"not_picked":["Double Energy","Leap"],"picked":"Compile Driver","floor":7},{"not_picked":["Blizzard","Steam","Heatsinks"],"picked":"Cold Snap","floor":10},{"not_picked":["Gash","Storm","Rainbow"],"picked":"BootSequence","floor":12},{"not_picked":["Sweeping Beam","Conserve Battery","Hologram","BootSequence"],"picked":"SKIP","floor":13},{"not_picked":["Gash","Creative AI","Heatsinks"],"picked":"Loop","floor":14}],"player_experience":331523,"relics_obtained":[{"floor":9,"key":"Question Card"},{"floor":14,"key":"Prayer Wheel"}],"event_choices":[{"damage_healed":0,"gold_gain":0,"player_choice":"Lose Max HP","damage_taken":0,"relics_obtained":["Golden Idol"],"max_hp_gain":0,"max_hp_loss":7,"event_name":"Golden Idol","floor":3,"gold_loss":0},{"damage_healed":16,"gold_gain":0,"player_choice":"Healed","damage_taken":0,"max_hp_gain":0,"max_hp_loss":0,"event_name":"The Cleric","floor":5,"gold_loss":35},{"damage_healed":0,"gold_gain":0,"player_choice":"Entered Light","damage_taken":19,"max_hp_gain":0,"max_hp_loss":0,"event_name":"Shining Light","floor":11,"gold_loss":0,"cards_upgraded":["Compile Driver","Strike_B"]}],"is_beta":false,"boss_relics":[],"items_purged_floors":[],"is_endless":false,"potions_floor_spawned":[1,2,7,10],"killed_by":"The Guardian","ascension_level":17}