{"gold_per_floor":[117,117,131,56,68,68,68,86,139,39,39,54,54,74,74,74],"floor_reached":16,"playtime":471,"items_purged":["Strike_R","Injury"],"score":92,"play_id":"b548394f-9276-4c49-89c4-38e02b00beaa","local_time":"20190304172447","is_ascension_mode":false,"campfire_choices":[{"data":"Cleave","floor":11,"key":"SMITH"},{"data":"Defend_R","floor":13,"key":"SMITH"},{"data":"Defend_R","floor":15,"key":"SMITH"}],"neow_cost":"NONE","seed_source_timestamp":27701544446550,"circlet_count":0,"master_deck":["Strike_R","Strike_R","Strike_R","Defend_R","Defend_R+1","Defend_R","Defend_R+1","Cleave+1"],"relics":["Burning Blood","Golden Idol","Strawberry"],"potions_floor_usage":[12,16,16,16],"damage_taken":[{"damage":4,"enemies":"Small Slimes","floor":1,"turns":4},{"damage":6,"enemies":"Cultist","floor":3,"turns":5},{"damage":0,"enemies":"2 Louse","floor":5,"turns":2},{"damage":18,"enemies":"Exordium Wildlife","floor":8,"turns":7},{"damage":0,"enemies":"3 Louse","floor":12,"turns":2},{"damage":8,"enemies":"2 Fungi Beasts","floor":14,"turns":4},{"damage":82,"enemies":"Slime Boss","floor":16,"turns":16}],"seed_played":"1911459082125556742","potions_obtained":[{"floor":1,"key":"Weak Potion"},{"floor":5,"key":"SteroidPotion"},{"floor":8,"key":"PowerPotion"},{"floor":14,"key":"Energy Potion"}],"is_trial":false,"path_per_floor":["M","?","M","$","M","?","$","M","T","$","R","M","R","M","R","B"],"character_chosen":"IRONCLAD","items_purchased":[],"campfire_rested":0,"item_purchase_floors":[],"current_hp_per_floor":[80,80,80,80,80,80,80,68,75,75,75,81,81,79,79,0],"gold":74,"neow_bonus":"REMOVE_CARD","is_prod":false,"is_daily":false,"chose_seed":false,"campfire_upgraded":3,"win_rate":0,"timestamp":1551741887,"path_taken":["M","?","?","?","M","?","?","M","T","$","R","M","R","?","R","BOSS"],"build_version":"2019-01-23","purchased_purges":2,"victory":false,"max_hp_per_floor":[80,80,80,80,80,80,80,80,87,87,87,87,87,87,87,87],"card_choices":[{"not_picked":["Rupture","Thunderclap","Heavy Blade"],"picked":"SKIP","floor":1},{"not_picked":["Warcry","Second Wind"],"picked":"Cleave","floor":3},{"not_picked":["Body Slam","Headbutt","Bloodletting"],"picked":"SKIP","floor":5},{"not_picked":["Seeing Red","Thunderclap","Power Through"],"picked":"SKIP","floor":8},{"not_picked":["Thunderclap","Searing Blow","Reckless Charge"],"picked":"SKIP","floor":12},{"not_picked":["Body Slam","Rage","Pommel Strike"],"picked":"SKIP","floor":14}],"player_experience":522482,"relics_obtained":[{"floor":9,"key":"Strawberry"}],"event_choices":[{"cards_removed":["Strike_R"],"damage_healed":0,"gold_gain":0,"player_choice":"Purged","damage_taken":0,"max_hp_gain":0,"max_hp_loss":0,"event_name":"Purifier","floor":2,"gold_loss":0},{"damage_healed":0,"gold_gain":0,"player_choice":"Take Wound","damage_taken":0,"relics_obtained":["Golden Idol"],"max_hp_gain":0,"max_hp_loss":0,"event_name":"Golden Idol","floor":6,"gold_loss":0,"cards_obtained":["Injury"]}],"is_beta":false,"boss_relics":[],"items_purged_floors":[4,10],"is_endless":false,"potions_floor_spawned":[1,5,8,14],"killed_by":"Slime Boss","ascension_level":0}