{"gold_per_floor":[365,34,64,101,81,81,112,125,125,155,189,189,103,122,122,243,243,275,275,275,311,311,364,364,384],"floor_reached":25,"playtime":1069,"items_purged":[],"score":233,"play_id":"442a0e16-ce95-4487-897d-9b103295d3f5","local_time":"20190305150652","is_ascension_mode":false,"campfire_choices":[{"floor":6,"key":"RECALL"},{"floor":12,"key":"REST"},{"floor":15,"key":"REST"},{"floor":24,"key":"REST"}],"neow_cost":"TEN_PERCENT_HP_LOSS","seed_source_timestamp":19779955412248,"circlet_count":0,"master_deck":["Strike_R","Strike_R","Strike_R","Strike_R","Strike_R","Defend_R","Defend_R","Defend_R","Defend_R","Bash","Heavy Blade","HandOfGreed","Wild Strike","Sword Boomerang","Uppercut","Barricade","Twin Strike","Entrench","Body Slam","Exhume","Seeing Red","Wild Strike"],"relics":["Burning Blood","Bronze Scales","Potion Belt","PreservedInsect","Bottled Flame","Runic Pyramid","MutagenicStrength","Happy Flower"],"potions_floor_usage":[7,7,8,14,22,23],"damage_taken":[{"damage":10,"enemies":"Jaw Worm","floor":1,"turns":5},{"damage":4,"enemies":"Cultist","floor":3,"turns":4},{"damage":5,"enemies":"2 Louse","floor":4,"turns":3},{"damage":29,"enemies":"3 Sentries","floor":7,"turns":8},{"damage":4,"enemies":"Blue Slaver","floor":8,"turns":3},{"damage":31,"enemies":"Lagavulin","floor":10,"turns":4},{"damage":0,"enemies":"Large Slime","floor":11,"turns":4},{"damage":10,"enemies":"Exordium Wildlife","floor":14,"turns":2},{"damage":56,"enemies":"Slime Boss","floor":16,"turns":9},{"damage":11,"enemies":"Chosen","floor":18,"turns":4},{"damage":30,"enemies":"Spheric Guardian","floor":21,"turns":5},{"damage":0,"enemies":"Centurion and Healer","floor":22,"turns":1},{"damage":47,"enemies":"Slavers","floor":23,"turns":6},{"damage":43,"enemies":"3 Cultists","floor":25,"turns":5}],"seed_played":"-4698624941721132775","potions_obtained":[{"floor":3,"key":"FearPotion"},{"floor":4,"key":"SmokeBomb"},{"floor":5,"key":"Poison Potion"},{"floor":7,"key":"Weak Potion"},{"floor":21,"key":"Fire Potion"}],"is_trial":false,"path_per_floor":["M","$","M","M","?","R","E","M","T","E","M","R","$","M","R","B",null,"M","?","?","M","M","E","R","M"],"character_chosen":"IRONCLAD","items_purchased":["HandOfGreed","Bronze Scales","Entrench","Fire Potion"],"campfire_rested":3,"item_purchase_floors":[2,2,13,13],"current_hp_per_floor":[68,68,70,71,71,71,48,50,50,25,31,52,52,48,69,19,72,67,67,67,43,49,8,29,0],"gold":384,"neow_bonus":"TWO_FIFTY_GOLD","is_prod":false,"is_daily":false,"chose_seed":false,"campfire_upgraded":0,"win_rate":0,"timestamp":1551820012,"path_taken":["M","$","M","M","?","R","E","M","T","E","M","R","$","M","R","BOSS","M","?","?","M","M","E","R","M"],"build_version":"2019-01-23","purchased_purges":0,"victory":false,"max_hp_per_floor":[72,72,72,72,72,72,72,72,72,72,72,72,72,72,72,72,72,72,72,72,72,72,72,72,72],"card_choices":[{"not_picked":["True Grit","Flex"],"picked":"Heavy Blade","floor":1},{"not_picked":["Havoc","Clash","Warcry"],"picked":"SKIP","floor":3},{"not_picked":["Clash","Pommel Strike"],"picked":"Wild Strike","floor":4},{"not_picked":["Perfected Strike","Dual Wield"],"picked":"Sword Boomerang","floor":7},{"not_picked":["Brutality","Havoc"],"picked":"Uppercut","floor":8},{"not_picked":["Iron Wave","Heavy Blade"],"picked":"Barricade","floor":10},{"not_picked":["Warcry","Flex"],"picked":"Twin Strike","floor":11},{"not_picked":["Intimidate","Corruption"],"picked":"Body Slam","floor":14},{"not_picked":["Limit Break","Brutality"],"picked":"Exhume","floor":16},{"not_picked":["Heavy Blade","Carnage","Thunderclap"],"picked":"SKIP","floor":18},{"not_picked":["Clash","Clothesline"],"picked":"Wild Strike","floor":21},{"not_picked":["Flex","Sword Boomerang","Shockwave"],"picked":"SKIP","floor":23}],"player_experience":555189,"relics_obtained":[{"floor":7,"key":"Potion Belt"},{"floor":9,"key":"PreservedInsect"},{"floor":10,"key":"Bottled Flame"},{"floor":23,"key":"Happy Flower"}],"event_choices":[{"damage_healed":0,"gold_gain":0,"player_choice":"Bought 1 Potion","damage_taken":0,"max_hp_gain":0,"max_hp_loss":0,"event_name":"The Woman in Blue","floor":5,"gold_loss":0},{"damage_healed":0,"gold_gain":0,"player_choice":"Read","damage_taken":0,"max_hp_gain":0,"max_hp_loss":0,"event_name":"The Library","floor":19,"gold_loss":0,"cards_obtained":["Seeing Red"]},{"damage_healed":0,"gold_gain":0,"player_choice":"Inject Mutagens","damage_taken":0,"relics_obtained":["MutagenicStrength"],"max_hp_gain":0,"max_hp_loss":0,"event_name":"Drug Dealer","floor":20,"gold_loss":0}],"is_beta":false,"boss_relics":[{"not_picked":["Mark of Pain","Astrolabe"],"picked":"Runic Pyramid"}],"items_purged_floors":[],"is_endless":false,"potions_floor_spawned":[3,4,7,21,22],"killed_by":"3 Cultists","ascension_level":0}