{"gold_per_floor":[115,131,143,162,182,214,214,230,230,263,277,294,294,324,324,429,429,442,459,479,479],"floor_reached":21,"playtime":838,"items_purged":[],"score":311,"play_id":"80025066-d857-4c7b-a20c-4a38adaf6b00","local_time":"20190124211857","is_ascension_mode":true,"campfire_choices":[{"floor":7,"key":"REST"},{"floor":15,"key":"REST"}],"neow_cost":"NONE","seed_source_timestamp":441728160401515,"circlet_count":0,"master_deck":["AscendersBane","Strike_B","Strike_B","Strike_B","Strike_B","Defend_B","Defend_B","Defend_B","Defend_B","Zap","Dualcast","White Noise","Cold Snap","Chill","Electrodynamics","Steam","Barrage","Glacier","Steam","Conserve Battery","Echo Form","Blizzard+1","Rebound+1","Coolheaded+1"],"relics":["Cracked Core","Pen Nib","Bottled Tornado","Regal Pillow","Darkstone Periapt","Philosopher\u0027s Stone"],"potions_floor_usage":[6,10,19],"damage_taken":[{"damage":6,"enemies":"Cultist","floor":1,"turns":4},{"damage":2,"enemies":"Jaw Worm","floor":2,"turns":3},{"damage":15,"enemies":"2 Louse","floor":3,"turns":2},{"damage":7,"enemies":"Looter","floor":4,"turns":3},{"damage":12,"enemies":"Blue Slaver","floor":5,"turns":3},{"damage":6,"enemies":"3 Sentries","floor":6,"turns":8},{"damage":6,"enemies":"Large Slime","floor":8,"turns":4},{"damage":28,"enemies":"Gremlin Nob","floor":10,"turns":4},{"damage":10,"enemies":"Gremlin Gang","floor":11,"turns":2},{"damage":0,"enemies":"3 Louse","floor":12,"turns":1},{"damage":4,"enemies":"3 Sentries","floor":14,"turns":5},{"damage":30,"enemies":"Hexaghost","floor":16,"turns":12},{"damage":28,"enemies":"Spheric Guardian","floor":18,"turns":5},{"damage":20,"enemies":"3 Byrds","floor":19,"turns":3},{"damage":0,"enemies":"3 Cultists","floor":20,"turns":3},{"damage":20,"enemies":"Shelled Parasite and Fungi","floor":21,"turns":2}],"seed_played":"8395906514896145813","potions_obtained":[{"floor":3,"key":"GamblersBrew"},{"floor":4,"key":"Fire Potion"},{"floor":6,"key":"SteroidPotion"},{"floor":8,"key":"FearPotion"},{"floor":14,"key":"Block Potion"},{"floor":18,"key":"Fire Potion"}],"is_trial":false,"path_per_floor":["M","M","M","M","M","E","R","M","T","E","M","M","?","E","R","B",null,"M","M","M","M"],"character_chosen":"DEFECT","items_purchased":[],"campfire_rested":2,"item_purchase_floors":[],"current_hp_per_floor":[69,67,52,45,33,27,51,45,45,17,7,7,7,3,42,12,65,37,17,17,0],"gold":479,"neow_bonus":"TEN_PERCENT_HP_BONUS","is_prod":false,"is_daily":false,"chose_seed":false,"campfire_upgraded":0,"win_rate":0,"timestamp":1548361137,"path_taken":["M","M","M","M","M","E","R","M","T","E","?","M","?","E","R","BOSS","M","M","M","M"],"build_version":"2019-01-23","purchased_purges":0,"victory":false,"max_hp_per_floor":[82,82,82,82,82,82,82,82,82,82,82,82,82,82,82,82,82,82,82,82,82],"card_choices":[{"not_picked":["Turbo","Double Energy","Consume"],"picked":"SKIP","floor":1},{"not_picked":["Ball Lightning","Gash","Leap"],"picked":"SKIP","floor":2},{"not_picked":["Loop","Sweeping Beam"],"picked":"White Noise","floor":3},{"not_picked":["Double Energy","Consume"],"picked":"Cold Snap","floor":4},{"not_picked":["Leap","Auto Shields"],"picked":"Chill","floor":5},{"not_picked":["Reinforced Body","Conserve Battery"],"picked":"Electrodynamics","floor":6},{"not_picked":["Undo","Steam Power"],"picked":"Steam","floor":8},{"not_picked":["Skim","Compile Driver"],"picked":"Barrage","floor":10},{"not_picked":["Sweeping Beam","Static Discharge","Gash"],"picked":"SKIP","floor":11},{"not_picked":["Rebound","Fusion"],"picked":"Glacier","floor":12},{"not_picked":["Rainbow","Compile Driver"],"picked":"Conserve Battery","floor":14},{"not_picked":["Electrodynamics","Thunder Strike"],"picked":"Echo Form","floor":16},{"not_picked":["Go for the Eyes","Streamline+1"],"picked":"Blizzard+1","floor":18},{"not_picked":["Undo","Gash"],"picked":"Rebound+1","floor":19},{"not_picked":["Stack","Creative AI"],"picked":"Coolheaded+1","floor":20}],"player_experience":696798,"relics_obtained":[{"floor":6,"key":"Pen Nib"},{"floor":9,"key":"Bottled Tornado"},{"floor":10,"key":"Regal Pillow"},{"floor":14,"key":"Darkstone Periapt"}],"event_choices":[{"damage_healed":0,"gold_gain":0,"player_choice":"1 cards matched","damage_taken":0,"max_hp_gain":0,"max_hp_loss":0,"event_name":"Match and Keep!","floor":13,"gold_loss":0,"cards_obtained":["Steam"]},{"damage_healed":0,"gold_gain":0,"player_choice":"1 cards matched","damage_taken":0,"max_hp_gain":0,"max_hp_loss":0,"event_name":"Match and Keep!","floor":13,"gold_loss":0,"cards_obtained":["Steam"]}],"is_beta":false,"boss_relics":[{"not_picked":["Orrery","Sozu"],"picked":"Philosopher\u0027s Stone"}],"items_purged_floors":[],"is_endless":false,"potions_floor_spawned":[3,4,6,8,14,18],"killed_by":"Shelled Parasite and Fungi","ascension_level":10}