{"gold_per_floor":[109,109,128,143,156,185,185,218,230,242,254,266,51,78,78,181,181,181,181,121,49,49,49,49,49,49,49,49,49,49,49,49,49,49,49,49,49,49,49,49,49,49,49,49,49,49],"floor_reached":46,"playtime":1952,"items_purged":["Strike_G"],"score":756,"play_id":"48036371-d69f-444e-96d8-0088bdab4a0a","local_time":"20190126215825","is_ascension_mode":true,"campfire_choices":[{"floor":7.0,"key":"REST"},{"data":"All Out Attack","floor":10.0,"key":"SMITH"},{"floor":12.0,"key":"REST"},{"floor":15.0,"key":"REST"},{"floor":23.0,"key":"REST"},{"floor":25.0,"key":"REST"},{"data":"Malaise","floor":28.0,"key":"SMITH"},{"floor":32.0,"key":"REST"},{"floor":40.0,"key":"REST"},{"floor":44,"key":"REST"}],"neow_cost":"NONE","seed_source_timestamp":85034170261200,"circlet_count":0,"master_deck":["AscendersBane","Defend_G","Defend_G+1","Defend_G","Defend_G+1","Strike_G+1","Strike_G","Strike_G+1","Strike_G","Survivor","Neutralize+1","All Out Attack+1","Dagger Throw","Backstab","Dodge and Roll","Deadly Poison","Die Die Die","Bane","Night Terror","Dash+1","Caltrops","Malaise+1","Poisoned Stab+1","Burst","Dodge and Roll+1","Crippling Poison+1"],"special_seed":0,"relics":["Ring of the Snake","War Paint","Bottled Flame","MawBank","Blue Candle","Snake Skull","StoneCalendar","Ectoplasm","Enchiridion","Singing Bowl","Mummified Hand","Fusion Hammer","Tingsha","Juzu Bracelet"],"potions_floor_usage":[42],"damage_taken":[{"damage":0.0,"enemies":"2 Louse","floor":1.0,"turns":3.0},{"damage":0.0,"enemies":"Cultist","floor":3.0,"turns":4.0},{"damage":0.0,"enemies":"Small Slimes","floor":4.0,"turns":3.0},{"damage":0.0,"enemies":"2 Fungi Beasts","floor":5.0,"turns":3.0},{"damage":32.0,"enemies":"Lagavulin","floor":6.0,"turns":6.0},{"damage":20.0,"enemies":"Gremlin Nob","floor":8.0,"turns":4.0},{"damage":14.0,"enemies":"3 Sentries","floor":14.0,"turns":5.0},{"damage":9.0,"enemies":"Slime Boss","floor":16.0,"turns":7.0},{"damage":0.0,"enemies":"Chosen","floor":18.0,"turns":4.0},{"damage":15.0,"enemies":"2 Thieves","floor":20.0,"turns":4.0},{"damage":16.0,"enemies":"Slavers","floor":24.0,"turns":4.0},{"damage":3.0,"enemies":"Snecko","floor":27.0,"turns":5.0},{"damage":0.0,"enemies":"Chosen and Byrds","floor":29.0,"turns":3.0},{"damage":23.0,"enemies":"Shelled Parasite and Fungi","floor":31.0,"turns":3.0},{"damage":28.0,"enemies":"Collector","floor":33.0,"turns":11.0},{"damage":5.0,"enemies":"Orb Walker","floor":35.0,"turns":4.0},{"damage":34.0,"enemies":"3 Darklings","floor":38.0,"turns":5.0},{"damage":0.0,"enemies":"Writhing Mass","floor":39.0,"turns":7.0},{"damage":0.0,"enemies":"Transient","floor":41.0,"turns":5.0},{"damage":22,"enemies":"Reptomancer","floor":42,"turns":8},{"damage":24,"enemies":"Sphere and 2 Shapes","floor":45,"turns":6},{"damage":38,"enemies":"Spire Growth","floor":46,"turns":3}],"seed_played":"-3019704301069842042","potions_obtained":[{"floor":1.0,"key":"Energy Potion"},{"floor":4.0,"key":"Poison Potion"},{"floor":14.0,"key":"AttackPotion"},{"floor":16.0,"key":"Swift Potion"},{"floor":24.0,"key":"Regen Potion"},{"floor":35.0,"key":"Poison Potion"},{"floor":39.0,"key":"Poison Potion"},{"floor":41.0,"key":"Energy Potion"},{"floor":42,"key":"EssenceOfSteel"}],"is_trial":false,"path_per_floor":["M","?","M","M","M","E","R","E","T","R","?","R","$","E","R","B",null,"M","?","M","$","?","R","E","R","T","M","R","M","?","M","R","B",null,"M","$","?","M","M","R","M","E","T","R","M","M"],"character_chosen":"THE_SILENT","items_purchased":["Snake Skull","Caltrops"],"campfire_rested":8,"item_purchase_floors":[13,21],"current_hp_per_floor":[63,56,56,56,56,24,45,25,25,25,11,32,32,18,39,30,60,60,60,45,45,29,50,34,55,55,54,54,54,54,33,55,42,66,61,61,61,27,29,51,53,33,33,57,35,0],"gold":49,"neow_bonus":"RANDOM_COMMON_RELIC","is_prod":false,"is_daily":false,"chose_seed":false,"campfire_upgraded":2,"win_rate":0,"timestamp":1548557905,"path_taken":["M","?","M","M","M","E","R","E","T","R","?","R","$","E","R","BOSS","M","?","?","$","?","R","E","R","T","M","R","M","?","M","R","BOSS","M","$","?","M","M","R","M","E","T","R","M","M"],"build_version":"2019-01-23","purchased_purges":1,"victory":false,"max_hp_per_floor":[70,70,70,70,70,70,70,70,70,70,70,70,70,70,70,70,70,70,70,70,70,70,70,70,70,70,72,72,72,72,74,74,74,74,74,74,74,74,76,76,78,80,80,80,82,82],"card_choices":[{"not_picked":["Outmaneuver","Distraction"],"picked":"All Out Attack","floor":1.0},{"not_picked":["Cloak And Dagger","Outmaneuver"],"picked":"Dagger Throw","floor":3.0},{"not_picked":["Predator","Bane"],"picked":"Backstab","floor":4.0},{"not_picked":["Poisoned Stab","PiercingWail"],"picked":"Dodge and Roll","floor":5.0},{"not_picked":["Eviscerate","Acrobatics","Deadly Poison"],"picked":"SKIP","floor":6.0},{"not_picked":["Eviscerate","Acrobatics"],"picked":"Deadly Poison","floor":6.0},{"not_picked":["Catalyst","Acrobatics"],"picked":"Die Die Die","floor":8.0},{"not_picked":["Setup","PiercingWail"],"picked":"Bane","floor":14.0},{"not_picked":["Unload","Doppelganger"],"picked":"Night Terror","floor":16.0},{"not_picked":["Cloak And Dagger","Prepared","Quick Slash"],"picked":"SKIP","floor":18.0},{"not_picked":["Flying Knee+1","Deadly Poison"],"picked":"Dash+1","floor":20.0},{"not_picked":["Blur","Calculated Gamble"],"picked":"Malaise","floor":24.0},{"not_picked":["Deflect","Dagger Throw+1","Prepared+1"],"picked":"Singing Bowl","floor":27.0},{"not_picked":["PiercingWail+1","Blade Dance"],"picked":"Poisoned Stab+1","floor":29.0},{"not_picked":["Dash","Flying Knee","Prepared+1"],"picked":"Singing Bowl","floor":31.0},{"not_picked":["Wraith Form v2","Grand Finale"],"picked":"Burst","floor":33.0},{"not_picked":["Backflip","Outmaneuver+1"],"picked":"Dodge and Roll+1","floor":35.0},{"not_picked":["Cloak And Dagger+1","Dash+1"],"picked":"Crippling Poison+1","floor":38.0},{"not_picked":["Underhanded Strike+1","Dagger Spray+1","Outmaneuver+1"],"picked":"Singing Bowl","floor":39.0},{"not_picked":["Slice","Prepared","Masterful Stab"],"picked":"Singing Bowl","floor":41.0},{"not_picked":["Riddle With Holes","Bane","Outmaneuver+1"],"picked":"Singing Bowl","floor":42},{"not_picked":["Flying Knee+1","Skewer","Cloak And Dagger+1"],"picked":"Singing Bowl","floor":45}],"player_experience":536402,"relics_obtained":[{"floor":6.0,"key":"Bottled Flame"},{"floor":8.0,"key":"MawBank"},{"floor":9.0,"key":"Blue Candle"},{"floor":14.0,"key":"StoneCalendar"},{"floor":22.0,"key":"Enchiridion"},{"floor":24.0,"key":"Singing Bowl"},{"floor":26.0,"key":"Mummified Hand"},{"floor":42,"key":"Tingsha"},{"floor":43,"key":"Juzu Bracelet"}],"event_choices":[{"cards_removed":["Defend_G"],"damage_healed":0.0,"max_hp_gain":0.0,"max_hp_loss":0.0,"gold_gain":0.0,"event_name":"Golden Wing","player_choice":"Card Removal","floor":2.0,"gold_loss":0.0,"damage_taken":7.0},{"damage_healed":0.0,"max_hp_gain":0.0,"max_hp_loss":0.0,"gold_gain":0.0,"event_name":"Shining Light","player_choice":"Entered Light","floor":11.0,"gold_loss":0.0,"damage_taken":14.0,"cards_upgraded":["Strike_G","Strike_G"]},{"damage_healed":0.0,"max_hp_gain":0.0,"max_hp_loss":0.0,"gold_gain":0.0,"event_name":"Accursed Blacksmith","player_choice":"Forge","floor":19.0,"gold_loss":0.0,"damage_taken":0.0,"cards_upgraded":["Neutralize"]},{"damage_healed":0.0,"max_hp_gain":0.0,"max_hp_loss":0.0,"gold_gain":0.0,"event_name":"Cursed Tome","player_choice":"Obtained Book","floor":22.0,"gold_loss":0.0,"damage_taken":16.0},{"damage_healed":0.0,"max_hp_gain":0.0,"max_hp_loss":0.0,"gold_gain":99.0,"event_name":"Nest","player_choice":"Stole From Cult","floor":30.0,"gold_loss":0.0,"damage_taken":0.0},{"damage_healed":0.0,"max_hp_gain":0.0,"max_hp_loss":0.0,"gold_gain":0.0,"event_name":"Mysterious Sphere","player_choice":"Ignored","floor":37.0,"gold_loss":0.0,"damage_taken":0.0}],"is_beta":true,"boss_relics":[{"not_picked":["Runic Pyramid","Astrolabe"],"picked":"Ectoplasm"},{"not_picked":["Eternal Feather","Ring of the Serpent"],"picked":"Fusion Hammer"}],"items_purged_floors":[13],"is_endless":false,"potions_floor_spawned":[1,4,14,16,20,24,31,35,39,41,42],"killed_by":"Spire Growth","ascension_level":11}