{"gold_per_floor":[114,114,114,133,154,154,154,154,177,197,197,216,141,156,156,285,285,301,315,315,335,84,84],"floor_reached":23,"playtime":918,"items_purged":["Strike_R","Strike_R"],"score":201,"play_id":"3163b41e-ce23-41e7-afd1-62f39dc5e732","local_time":"20190218005022","is_ascension_mode":true,"campfire_choices":[{"floor":6,"key":"REST"},{"data":"Rampage","floor":8,"key":"SMITH"},{"data":"Fiend Fire","floor":11,"key":"SMITH"},{"floor":15,"key":"REST"}],"neow_cost":"CURSE","seed_source_timestamp":48915030015807,"circlet_count":0,"master_deck":["Strike_R","Strike_R","Strike_R+1","Defend_R","Defend_R","Defend_R","Defend_R","Bash","Writhe","Iron Wave+1","Cleave","Evolve","Metallicize","Armaments","Fiend Fire+1","Rampage+1","Bash","Metallicize","Juggernaut","Battle Trance","Entrench+1","Metallicize","Sword Boomerang+1"],"relics":["Black Blood","Prayer Wheel","Golden Idol","Juzu Bracelet","Regal Pillow"],"potions_floor_usage":[16,21,23],"damage_taken":[{"damage":12,"enemies":"Jaw Worm","floor":1,"turns":3},{"damage":8,"enemies":"2 Louse","floor":4,"turns":2},{"damage":6,"enemies":"Cultist","floor":5,"turns":3},{"damage":16,"enemies":"Exordium Thugs","floor":10,"turns":7},{"damage":0,"enemies":"Lots of Slimes","floor":12,"turns":3},{"damage":9,"enemies":"Large Slime","floor":14,"turns":5},{"damage":36,"enemies":"Slime Boss","floor":16,"turns":10},{"damage":5,"enemies":"Spheric Guardian","floor":18,"turns":4},{"damage":25,"enemies":"Chosen","floor":19,"turns":6},{"damage":48,"enemies":"Snake Plant","floor":21,"turns":6},{"damage":43,"enemies":"Slavers","floor":23,"turns":2}],"seed_played":"-4116892182543138901","potions_obtained":[{"floor":1,"key":"Dexterity Potion"},{"floor":4,"key":"FearPotion"},{"floor":12,"key":"LiquidBronze"},{"floor":16,"key":"Regen Potion"}],"is_trial":false,"path_per_floor":["M","?","?","M","M","R","?","R","T","M","R","M","$","M","R","B",null,"M","M","?","M","$","E"],"character_chosen":"IRONCLAD","items_purchased":["Regal Pillow"],"campfire_rested":2,"item_purchase_floors":[22],"current_hp_per_floor":[74,58,38,36,36,60,60,60,60,50,50,56,56,53,77,47,80,80,65,65,42,42,0],"gold":84,"neow_bonus":"ONE_RARE_RELIC","is_prod":false,"is_daily":false,"chose_seed":false,"campfire_upgraded":2,"win_rate":0,"timestamp":1550472622,"path_taken":["M","?","?","M","M","R","?","R","T","M","R","M","$","M","R","BOSS","M","M","?","M","?","E"],"build_version":"2019-01-23","purchased_purges":2,"victory":false,"max_hp_per_floor":[80,80,80,80,80,80,80,80,80,80,80,80,80,80,80,80,80,80,80,80,80,80,80],"card_choices":[{"not_picked":["Warcry","Power Through"],"picked":"Iron Wave","floor":1},{"not_picked":["Ghostly Armor","Havoc"],"picked":"Cleave","floor":1},{"not_picked":["Spot Weakness","Pummel"],"picked":"Evolve","floor":4},{"not_picked":["Hemokinesis","Heavy Blade","Wild Strike"],"picked":"SKIP","floor":4},{"not_picked":["Sword Boomerang","Blood for Blood"],"picked":"Metallicize","floor":5},{"not_picked":["Dual Wield","Perfected Strike"],"picked":"Armaments","floor":5},{"not_picked":["Wild Strike","Havoc","Armaments"],"picked":"SKIP","floor":10},{"not_picked":["Wild Strike","Armaments","True Grit"],"picked":"SKIP","floor":10},{"not_picked":["Second Wind","Brutality","Clash"],"picked":"SKIP","floor":12},{"not_picked":["Uppercut","Rupture","Anger"],"picked":"SKIP","floor":12},{"not_picked":["Ghostly Armor","Rage"],"picked":"Metallicize","floor":14},{"not_picked":["Iron Wave","True Grit","Heavy Blade"],"picked":"SKIP","floor":14},{"not_picked":["Brutality","Berserk"],"picked":"Juggernaut","floor":16},{"not_picked":["Headbutt","Iron Wave","Ghostly Armor"],"picked":"SKIP","floor":18},{"not_picked":["Armaments","Clothesline","Anger"],"picked":"SKIP","floor":18},{"not_picked":["Rupture+1","Corruption"],"picked":"Battle Trance","floor":19},{"not_picked":["Sever Soul+1","Ghostly Armor"],"picked":"Entrench+1","floor":19},{"not_picked":["Sentinel","Dual Wield"],"picked":"Sword Boomerang+1","floor":21},{"not_picked":["True Grit","Armaments","Clash"],"picked":"SKIP","floor":21}],"player_experience":200841,"relics_obtained":[{"floor":9,"key":"Juzu Bracelet"}],"event_choices":[{"damage_healed":0,"gold_gain":0,"player_choice":"Entered Light","damage_taken":16,"max_hp_gain":0,"max_hp_loss":0,"event_name":"Shining Light","floor":2,"gold_loss":0,"cards_upgraded":["Strike_R","Iron Wave"]},{"damage_healed":0,"gold_gain":0,"player_choice":"Take Damage","damage_taken":20,"relics_obtained":["Golden Idol"],"max_hp_gain":0,"max_hp_loss":0,"event_name":"Golden Idol","floor":3,"gold_loss":0},{"damage_healed":0,"gold_gain":0,"player_choice":"3 cards matched","damage_taken":0,"max_hp_gain":0,"max_hp_loss":0,"event_name":"Match and Keep!","floor":7,"gold_loss":0,"cards_obtained":["Fiend Fire","Rampage","Bash"]},{"damage_healed":0,"gold_gain":0,"player_choice":"3 cards matched","damage_taken":0,"max_hp_gain":0,"max_hp_loss":0,"event_name":"Match and Keep!","floor":7,"gold_loss":0,"cards_obtained":["Fiend Fire","Rampage","Bash"]},{"damage_healed":0,"gold_gain":0,"player_choice":"Copied","damage_taken":0,"max_hp_gain":0,"max_hp_loss":0,"event_name":"Duplicator","floor":20,"gold_loss":0,"cards_obtained":["Metallicize"]}],"is_beta":false,"boss_relics":[{"not_picked":["Ectoplasm","Tiny House"],"picked":"Black Blood"}],"items_purged_floors":[13,22],"is_endless":false,"potions_floor_spawned":[1,4,12,16],"killed_by":"Slavers","ascension_level":2}