{"gold_per_floor":[116,116,133,153,103,103,129,129,129,160,160,179,179,198,198,301,301,318,418,428,447,447,447,463,463,463,463,482,482,160,187,187,289,289,306,306,63,63,113,143,153,186,239,259,271,291,306,326,326,326],"floor_reached":51,"playtime":2768,"items_purged":["Defend_R","Defend_R"],"score":953,"play_id":"1a13b17f-ec8e-4da4-bd2c-551b7e8a8201","local_time":"20180806232336","is_ascension_mode":true,"campfire_choices":[{"data":"Battle Trance","floor":6,"key":"SMITH"},{"data":"Iron Wave","floor":8,"key":"SMITH"},{"data":"Headbutt","floor":11,"key":"SMITH"},{"data":"Bash","floor":13,"key":"SMITH"},{"floor":15,"key":"REST"},{"data":"Heavy Blade","floor":23,"key":"SMITH"},{"data":"Cleave","floor":25,"key":"SMITH"},{"data":"Reaper","floor":27,"key":"SMITH"},{"data":"Ghostly Armor","floor":29,"key":"SMITH"},{"floor":32,"key":"REST"},{"data":"Searing Blow+1","floor":49,"key":"SMITH"}],"neow_cost":"NONE","seed_source_timestamp":440887830912352,"circlet_count":0,"master_deck":["Strike_R+1","Defend_R","Bash+1","Second Wind+1","Battle Trance+1","Iron Wave+1","Headbutt+1","Reaper+1","Limit Break+1","Entrench+1","Searing Blow+2","Heavy Blade+1","Inflame+1","Cleave+1","Ghostly Armor+1","Madness","Madness","Heavy Blade+1"],"relics":["Burning Blood","Kunai","Centennial Puzzle","Bronze Scales","Astrolabe","Regal Pillow","Ornamental Fan","Bottled Tornado","Orichalcum","Velvet Choker","Oddly Smooth Stone","Ginger","Frozen Egg 2","Letter Opener","Tiny Chest"],"potions_floor_usage":[10,12,31,31,35],"damage_taken":[{"damage":7,"enemies":"Small Slimes","floor":1,"turns":5},{"damage":0,"enemies":"Jaw Worm","floor":3,"turns":3},{"damage":5,"enemies":"2 Louse","floor":4,"turns":2},{"damage":8,"enemies":"3 Sentries","floor":7,"turns":8},{"damage":16,"enemies":"Gremlin Nob","floor":10,"turns":4},{"damage":6,"enemies":"Large Slime","floor":12,"turns":6},{"damage":6,"enemies":"Red Slaver","floor":14,"turns":3},{"damage":9,"enemies":"Slime Boss","floor":16,"turns":10},{"damage":12,"enemies":"Chosen","floor":18,"turns":4},{"damage":6,"enemies":"Spheric Guardian","floor":20,"turns":4},{"damage":18,"enemies":"Snecko","floor":21,"turns":3},{"damage":24,"enemies":"Snake Plant","floor":24,"turns":3},{"damage":32,"enemies":"Centurion and Healer","floor":28,"turns":5},{"damage":34,"enemies":"Book of Stabbing","floor":31,"turns":5},{"damage":50,"enemies":"Automaton","floor":33,"turns":8},{"damage":5,"enemies":"3 Shapes","floor":35,"turns":3},{"damage":17,"floor":39,"turns":3},{"damage":25,"enemies":"Giant Head","floor":40,"turns":6},{"damage":16,"enemies":"Flame Bruiser 1 Orb","floor":41,"turns":4},{"damage":34,"enemies":"Nemesis","floor":42,"turns":5},{"damage":16,"enemies":"Transient","floor":44,"turns":5},{"damage":6,"enemies":"4 Shapes","floor":45,"turns":3},{"damage":8,"enemies":"Flame Bruiser 2 Orb","floor":46,"turns":4},{"damage":24,"enemies":"Sphere and 2 Shapes","floor":47,"turns":4},{"damage":9,"enemies":"4 Shapes","floor":48,"turns":5},{"damage":66,"enemies":"Awakened One","floor":50,"turns":7}],"seed_played":"-2110058189815848727","potions_obtained":[{"floor":3,"key":"Energy Potion"},{"floor":4,"key":"Explosive Potion"},{"floor":14,"key":"EssenceOfSteel"},{"floor":16,"key":"Block Potion"},{"floor":18,"key":"PowerPotion"},{"floor":28,"key":"Fruit Juice"},{"floor":31,"key":"GamblersBrew"},{"floor":41,"key":"Weak Potion"},{"floor":42,"key":"Ancient Potion"},{"floor":44,"key":"SteroidPotion"},{"floor":46,"key":"Strength Potion"},{"floor":48,"key":"EssenceOfSteel"}],"is_trial":false,"path_per_floor":["M","?","M","M","?","R","E","R","T","E","R","M","R","M","R","B",null,"M","?","M","M","T","R","M","R","T","R","M","R","$","E","R","B",null,"M","?","$","?","?","E","M","E","T","M","M","M","M","M","R","B"],"character_chosen":"IRONCLAD","items_purchased":["Bottled Tornado","Oddly Smooth Stone"],"campfire_rested":2,"item_purchase_floors":[30,37],"current_hp_per_floor":[71,55,61,62,62,62,60,60,60,50,50,50,50,50,74,71,78,72,72,72,80,80,80,62,62,62,62,46,46,46,48,85,47,76,85,85,85,74,85,73,73,85,85,75,75,73,55,82,82,51],"gold":326,"neow_bonus":"TRANSFORM_CARD","is_prod":false,"is_daily":false,"chose_seed":false,"campfire_upgraded":9,"win_rate":0,"timestamp":1533590616,"path_taken":["M","?","M","M","?","R","E","R","T","E","R","M","R","?","R","BOSS","M","?","M","M","?","R","M","R","T","R","M","R","$","E","R","BOSS","M","?","$","?","?","E","M","E","T","M","M","?","M","M","R","BOSS"],"build_version":"2018-08-02","purchased_purges":2,"victory":true,"max_hp_per_floor":[80,80,80,80,80,80,80,80,80,80,80,80,80,80,80,80,80,80,80,80,80,80,80,80,80,80,80,80,80,80,85,85,85,85,85,85,85,85,85,85,85,85,85,85,85,85,85,85,85,85],"card_choices":[{"not_picked":["Flex","Intimidate"],"picked":"Battle Trance","floor":1},{"not_picked":["Thunderclap","Pommel Strike"],"picked":"Iron Wave","floor":3},{"not_picked":["Warcry","True Grit"],"picked":"Headbutt","floor":4},{"not_picked":["Sever Soul","Havoc","Sword Boomerang"],"picked":"SKIP","floor":7},{"not_picked":["Seeing Red","Dark Embrace","Armaments"],"picked":"SKIP","floor":10},{"not_picked":["Entrench","Searing Blow","Bloodletting"],"picked":"SKIP","floor":12},{"not_picked":["Headbutt","Wild Strike","Burning Pact"],"picked":"SKIP","floor":14},{"not_picked":["Berserk","Impervious"],"picked":"Reaper","floor":16},{"not_picked":["Rupture","Second Wind+1"],"picked":"Heavy Blade","floor":18},{"not_picked":["Armaments","Clothesline+1"],"picked":"Inflame+1","floor":20},{"not_picked":["Dropkick","Entrench+1"],"picked":"Cleave","floor":21},{"not_picked":["Reaper","Thunderclap","Flex+1"],"picked":"SKIP","floor":24},{"not_picked":["Anger","Pommel Strike+1"],"picked":"Ghostly Armor","floor":28},{"not_picked":["Blood for Blood","True Grit","Rupture+1"],"picked":"SKIP","floor":31},{"not_picked":["Clothesline","Battle Trance","Clash+1"],"picked":"SKIP","floor":35},{"not_picked":["Anger","Sword Boomerang+1","Reaper"],"picked":"SKIP","floor":40},{"not_picked":["Perfected Strike+1","Wild Strike","Thunderclap+1"],"picked":"SKIP","floor":41},{"not_picked":["Wild Strike+1","Entrench","Blood for Blood+1"],"picked":"SKIP","floor":42},{"not_picked":["Iron Wave","Ghostly Armor+1","Sword Boomerang"],"picked":"SKIP","floor":44},{"not_picked":["Iron Wave+1","Wild Strike+1","Exhume"],"picked":"SKIP","floor":45},{"not_picked":["Rupture+1","Wild Strike+1"],"picked":"Heavy Blade+1","floor":46},{"not_picked":["Iron Wave","Armaments","Thunderclap+1"],"picked":"SKIP","floor":47},{"not_picked":["Body Slam+1","Headbutt","Shrug It Off"],"picked":"SKIP","floor":48}],"player_experience":513770,"relics_obtained":[{"floor":7,"key":"Kunai"},{"floor":9,"key":"Centennial Puzzle"},{"floor":10,"key":"Bronze Scales"},{"floor":22,"key":"Regal Pillow"},{"floor":26,"key":"Ornamental Fan"},{"floor":31,"key":"Orichalcum"},{"floor":39,"key":"Ginger"},{"floor":40,"key":"Frozen Egg 2"},{"floor":42,"key":"Letter Opener"},{"floor":43,"key":"Tiny Chest"}],"event_choices":[{"event_name":"Shining Light","player_choice":"Entered Light","floor":2,"damage_taken":0},{"event_name":"The Cleric","player_choice":"Card Removal","floor":5,"damage_taken":0},{"event_name":"Golden Shrine","player_choice":"Pray","floor":19,"damage_taken":0},{"event_name":"SecretPortal","player_choice":"Rejected Portal.","floor":36,"damage_taken":0},{"event_name":"Winding Halls","player_choice":"Embrace Madness","floor":38,"damage_taken":0},{"event_name":"Mysterious Sphere","player_choice":"Fight","floor":39,"damage_taken":0}],"is_beta":false,"boss_relics":[{"not_picked":["Empty Cage","Tiny House"],"picked":"Astrolabe"},{"not_picked":["Runic Cube","Sozu"],"picked":"Velvet Choker"}],"items_purged_floors":[30,37],"is_endless":false,"potions_floor_spawned":[3,4,14,16,18,28,31,41,42,44,46,48],"ascension_level":6}