{"gold_per_floor":[213,227,227,251,267,267,337,26,50,50,65,23,44,62,62,62],"floor_reached":16,"playtime":474,"items_purged":[],"score":130,"play_id":"9f672aa1-9676-4a67-85f2-7027986a5f0f","local_time":"20190225184848","is_ascension_mode":true,"campfire_choices":[{"data":"Sunder","floor":6,"key":"SMITH"},{"floor":10,"key":"REST"},{"floor":15,"key":"REST"}],"neow_cost":"NONE","seed_source_timestamp":31484349725693,"circlet_count":0,"master_deck":["Strike_B","Strike_B","Strike_B","Strike_B","Defend_B","Defend_B","Defend_B","Defend_B","Zap","Dualcast","Sunder+1","Conserve Battery","Gash","Gash","Turbo","All For One","Gash","Rebound","Ball Lightning"],"relics":["Cracked Core","Golden Idol","Tiny Chest","Omamori","Ancient Tea Set"],"potions_floor_usage":[7,7],"damage_taken":[{"damage":0,"enemies":"Cultist","floor":1,"turns":3},{"damage":0,"enemies":"2 Louse","floor":2,"turns":2},{"damage":3,"enemies":"Small Slimes","floor":4,"turns":3},{"damage":11,"enemies":"Looter","floor":5,"turns":3},{"damage":11,"enemies":"Gremlin Nob","floor":7,"turns":4},{"damage":8,"enemies":"Blue Slaver","floor":11,"turns":2},{"damage":1,"enemies":"Exordium Wildlife","floor":13,"turns":2},{"damage":33,"enemies":"Exordium Thugs","floor":14,"turns":4},{"damage":35,"enemies":"The Guardian","floor":16,"turns":5}],"seed_played":"83561334093238183","potions_obtained":[{"floor":1,"key":"PowerPotion"},{"floor":2,"key":"EssenceOfSteel"},{"floor":11,"key":"FearPotion"},{"floor":13,"key":"GamblersBrew"}],"is_trial":false,"path_per_floor":["M","M","?","M","M","R","E","$","T","R","M","?","M","M","R","B"],"character_chosen":"DEFECT","items_purchased":["All For One","Omamori"],"campfire_rested":2,"item_purchase_floors":[8,8],"current_hp_per_floor":[75,75,57,54,43,43,32,32,32,54,46,46,45,12,34,0],"gold":62,"neow_bonus":"HUNDRED_GOLD","is_prod":false,"is_daily":false,"chose_seed":false,"campfire_upgraded":1,"win_rate":0,"timestamp":1551142128,"path_taken":["M","?","?","M","M","R","E","$","T","R","M","?","M","M","R","BOSS"],"build_version":"2019-01-23","purchased_purges":0,"victory":false,"max_hp_per_floor":[75,75,75,75,75,75,75,75,75,75,75,75,75,75,75,75],"card_choices":[{"not_picked":["Steam Power","Barrage"],"picked":"Sunder","floor":1},{"not_picked":["Melter","Beam Cell"],"picked":"Conserve Battery","floor":2},{"not_picked":["Chaos","Capacitor"],"picked":"Gash","floor":4},{"not_picked":["Sweeping Beam","Recycle"],"picked":"Gash","floor":5},{"not_picked":["Blizzard","Sunder"],"picked":"Turbo","floor":7},{"not_picked":["Go for the Eyes","Self Repair"],"picked":"Gash","floor":11},{"not_picked":["Sunder","Streamline"],"picked":"Rebound","floor":13},{"not_picked":["Skim","Compile Driver"],"picked":"Ball Lightning","floor":14}],"player_experience":411538,"relics_obtained":[{"floor":7,"key":"Tiny Chest"},{"floor":9,"key":"Ancient Tea Set"}],"event_choices":[{"damage_healed":0,"gold_gain":0,"player_choice":"Take Damage","damage_taken":18,"relics_obtained":["Golden Idol"],"max_hp_gain":0,"max_hp_loss":0,"event_name":"Golden Idol","floor":3,"gold_loss":0},{"damage_healed":0,"gold_gain":0,"player_choice":"Left Gold","damage_taken":0,"max_hp_gain":0,"max_hp_loss":0,"event_name":"World of Goop","floor":12,"gold_loss":42}],"is_beta":false,"boss_relics":[],"items_purged_floors":[],"is_endless":false,"potions_floor_spawned":[1,2,11,13],"killed_by":"The Guardian","ascension_level":5}