{"gold_per_floor":[117,128,148,164,164,164,190,207,254,282,207,217,39,59,59,59],"floor_reached":16,"playtime":522,"items_purged":["Strike_B","Strike_B"],"score":148,"play_id":"c3d0464c-e2f9-4019-9384-74c737eb9393","local_time":"20190108014251","is_ascension_mode":true,"campfire_choices":[{"data":"Dualcast","floor":6,"key":"SMITH"},{"floor":15,"key":"REST"}],"neow_cost":"NONE","seed_source_timestamp":1578575091313651,"circlet_count":0,"master_deck":["Strike_B","Strike_B","Defend_B","Defend_B","Defend_B","Defend_B","Zap","Dualcast+1","Hologram","Cold Snap","Conserve Battery","Barrage","Steam","Self Repair","Glacier"],"relics":["Cracked Core","Juzu Bracelet","Dream Catcher","Bottled Lightning"],"potions_floor_usage":[7,12,16],"damage_taken":[{"damage":0,"enemies":"Small Slimes","floor":1,"turns":3},{"damage":12,"enemies":"Jaw Worm","floor":2,"turns":3},{"damage":4,"enemies":"2 Louse","floor":3,"turns":2},{"damage":4,"enemies":"Looter","floor":4,"turns":3},{"damage":12,"enemies":"Gremlin Nob","floor":7,"turns":4},{"damage":0,"enemies":"Red Slaver","floor":8,"turns":4},{"damage":31,"enemies":"Lagavulin","floor":10,"turns":7},{"damage":9,"enemies":"3 Louse","floor":12,"turns":4},{"damage":2,"enemies":"Blue Slaver","floor":14,"turns":4},{"damage":37,"enemies":"The Guardian","floor":16,"turns":8}],"seed_played":"-2932020811437944041","potions_obtained":[{"floor":2,"key":"SpeedPotion"},{"floor":3,"key":"PowerPotion"},{"floor":14,"key":"PowerPotion"}],"is_trial":false,"path_per_floor":["M","M","M","M","?","R","E","M","T","E","$","M","$","M","R","B"],"character_chosen":"DEFECT","items_purchased":["Self Repair"],"campfire_rested":1,"item_purchase_floors":[13],"current_hp_per_floor":[75,63,59,55,55,55,43,43,43,12,12,3,3,8,32,0],"gold":59,"neow_bonus":"TEN_PERCENT_HP_BONUS","is_prod":false,"is_daily":false,"chose_seed":false,"campfire_upgraded":1,"win_rate":0,"timestamp":1546908171,"path_taken":["M","M","M","M","?","R","E","M","T","E","$","M","?","M","R","BOSS"],"build_version":"2019-01-03v4","purchased_purges":2,"victory":false,"max_hp_per_floor":[82,82,82,82,82,82,82,82,82,82,82,82,82,82,82,82],"card_choices":[{"not_picked":["Rebound","Melter"],"picked":"Hologram","floor":1},{"not_picked":["Redo","Coolheaded"],"picked":"Cold Snap","floor":2},{"not_picked":["Scrape","Beam Cell"],"picked":"Conserve Battery","floor":3},{"not_picked":["Fusion","Gash","Go for the Eyes"],"picked":"SKIP","floor":4},{"not_picked":["Darkness","Turbo"],"picked":"Barrage","floor":7},{"not_picked":["Gash","Hello World","Rebound"],"picked":"SKIP","floor":8},{"not_picked":["Rebound","Undo","Go for the Eyes"],"picked":"SKIP","floor":10},{"not_picked":["Streamline","Compile Driver"],"picked":"Steam","floor":12},{"not_picked":["Doom and Gloom","Compile Driver","Steam"],"picked":"SKIP","floor":14},{"not_picked":["Multi-Cast","Stack"],"picked":"Glacier","floor":15}],"player_experience":648407,"relics_obtained":[{"floor":7,"key":"Juzu Bracelet"},{"floor":9,"key":"Dream Catcher"},{"floor":10,"key":"Bottled Lightning"}],"event_choices":[{"damage_healed":0,"gold_gain":0,"player_choice":"Ignored","damage_taken":0,"max_hp_gain":0,"max_hp_loss":0,"event_name":"Liars Game","floor":5,"gold_loss":0}],"is_beta":false,"boss_relics":[],"items_purged_floors":[11,13],"is_endless":false,"potions_floor_spawned":[2,3,14],"killed_by":"The Guardian","ascension_level":6}