{"gold_per_floor":[119,132,142,162,174,174,209,209,209,225,225,237,265,279,279,379,379,348,348,368,384,384,384,384,396,420,420,435,448,45,78,78,78],"floor_reached":33,"playtime":1764,"items_purged":["Strike_R"],"score":382,"play_id":"87b4d187-d241-46ff-87d6-3734b11946b0","local_time":"20181109163416","is_ascension_mode":true,"campfire_choices":[{"data":"True Grit","floor":6,"key":"SMITH"},{"data":"Cleave","floor":8,"key":"SMITH"},{"data":"Ghostly Armor","floor":11,"key":"SMITH"},{"floor":15,"key":"REST"},{"floor":23,"key":"REST"},{"floor":27,"key":"REST"},{"floor":32,"key":"REST"}],"neow_cost":"NONE","seed_source_timestamp":2649596611251159,"circlet_count":0,"master_deck":["Strike_R","Strike_R","Strike_R","Defend_R","Defend_R","Defend_R","Defend_R","Bash","Twin Strike","True Grit+1","Cleave+1","Ghostly Armor+1","Pommel Strike","Uppercut","Spot Weakness","Necronomicurse","Whirlwind","Bandage Up","Evolve+1"],"relics":["Burning Blood","Mummified Hand","Blue Candle","Art of War","Black Star","Necronomicon","Bronze Scales","Bottled Lightning","Toxic Egg 2","Sundial"],"potions_floor_usage":[7,16,21,21,25,31,31,31],"damage_taken":[{"damage":12,"enemies":"Cultist","floor":1,"turns":6},{"damage":3,"enemies":"2 Louse","floor":2,"turns":4},{"damage":0,"enemies":"Jaw Worm","floor":3,"turns":5},{"damage":11,"enemies":"Blue Slaver","floor":4,"turns":6},{"damage":12,"enemies":"Looter","floor":5,"turns":3},{"damage":16,"enemies":"Gremlin Nob","floor":7,"turns":3},{"damage":4,"enemies":"3 Louse","floor":10,"turns":4},{"damage":15,"enemies":"Large Slime","floor":12,"turns":7},{"damage":19,"enemies":"3 Sentries","floor":13,"turns":8},{"damage":18,"enemies":"Lots of Slimes","floor":14,"turns":4},{"damage":12,"enemies":"Slime Boss","floor":16,"turns":11},{"damage":32,"enemies":"2 Thieves","floor":18,"turns":5},{"damage":34,"enemies":"3 Byrds","floor":20,"turns":7},{"damage":25,"enemies":"Cultist and Chosen","floor":21,"turns":8},{"damage":11,"enemies":"Centurion and Healer","floor":25,"turns":6},{"damage":14,"enemies":"Snecko","floor":28,"turns":3},{"damage":11,"enemies":"3 Cultists","floor":29,"turns":5},{"damage":42,"enemies":"Gremlin Leader","floor":31,"turns":5},{"damage":43,"enemies":"Champ","floor":33,"turns":5}],"seed_played":"-5827505449196791275","potions_obtained":[{"floor":2,"key":"Energy Potion"},{"floor":5,"key":"Ancient Potion"},{"floor":10,"key":"EssenceOfSteel"},{"floor":12,"key":"SpeedPotion"},{"floor":20,"key":"EssenceOfSteel"},{"floor":21,"key":"PowerPotion"},{"floor":28,"key":"Strength Potion"},{"floor":29,"key":"Fruit Juice"}],"is_trial":false,"path_per_floor":["M","M","M","M","M","R","E","R","T","M","R","M","E","M","R","B",null,"M","?","M","M","?","R","?","M","T","R","M","M","$","E","R","B"],"character_chosen":"IRONCLAD","items_purchased":["Bandage Up","Bottled Lightning"],"campfire_rested":4,"item_purchase_floors":[30,30],"current_hp_per_floor":[66,69,75,70,64,64,54,54,54,56,56,47,34,22,46,40,70,44,70,42,23,7,31,31,26,26,50,42,37,37,10,35,0],"gold":78,"neow_bonus":"REMOVE_CARD","is_prod":false,"is_daily":false,"chose_seed":false,"campfire_upgraded":3,"win_rate":0,"timestamp":1541777656,"path_taken":["M","M","?","?","M","R","E","R","T","M","R","M","E","M","R","BOSS","M","?","M","M","?","R","?","M","T","R","M","M","?","E","R","BOSS"],"build_version":"2018-11-08","purchased_purges":1,"victory":false,"max_hp_per_floor":[80,80,80,80,80,80,80,80,80,80,80,80,80,80,80,80,80,80,80,80,80,80,80,80,80,80,80,80,80,80,85,85,85],"card_choices":[{"not_picked":["Clash","Wild Strike"],"picked":"Twin Strike","floor":1},{"not_picked":["Shrug It Off","Headbutt"],"picked":"True Grit","floor":2},{"not_picked":["Rupture","Wild Strike","Dark Embrace"],"picked":"SKIP","floor":3},{"not_picked":["Shrug It Off","Seeing Red"],"picked":"Cleave","floor":4},{"not_picked":["Twin Strike","Havoc","Clothesline"],"picked":"SKIP","floor":5},{"not_picked":["Wild Strike","Berserk"],"picked":"Ghostly Armor","floor":7},{"not_picked":["Armaments","Power Through","Thunderclap"],"picked":"SKIP","floor":10},{"not_picked":["Shrug It Off","Sword Boomerang"],"picked":"Pommel Strike","floor":12},{"not_picked":["Wild Strike","Headbutt","Flex"],"picked":"SKIP","floor":13},{"not_picked":["Reckless Charge","Clothesline"],"picked":"Uppercut","floor":14},{"not_picked":["Body Slam","Rupture"],"picked":"Spot Weakness","floor":18},{"not_picked":["Wild Strike","True Grit","Thunderclap"],"picked":"SKIP","floor":20},{"not_picked":["Twin Strike","Sword Boomerang","Sever Soul+1"],"picked":"SKIP","floor":21},{"not_picked":["Wild Strike","Rupture"],"picked":"Whirlwind","floor":25},{"not_picked":["Sword Boomerang","Cleave","Armaments"],"picked":"SKIP","floor":28},{"not_picked":["Inflame","Twin Strike","Clash"],"picked":"SKIP","floor":29},{"not_picked":["Wild Strike","Sword Boomerang"],"picked":"Evolve+1","floor":31}],"player_experience":531696,"relics_obtained":[{"floor":7,"key":"Mummified Hand"},{"floor":9,"key":"Blue Candle"},{"floor":13,"key":"Art of War"},{"floor":22,"key":"Necronomicon"},{"floor":26,"key":"Bronze Scales"},{"floor":31,"key":"Toxic Egg 2"},{"floor":31,"key":"Sundial"}],"event_choices":[{"damage_healed":26,"gold_gain":0,"player_choice":"Heal","damage_taken":0,"max_hp_gain":0,"max_hp_loss":0,"event_name":"The Library","floor":19,"gold_loss":0},{"damage_healed":0,"gold_gain":0,"player_choice":"Obtained Book","damage_taken":16,"max_hp_gain":0,"max_hp_loss":0,"event_name":"Cursed Tome","floor":22,"gold_loss":0},{"damage_healed":0,"gold_gain":0,"player_choice":"Ignored","damage_taken":0,"max_hp_gain":0,"max_hp_loss":0,"event_name":"Vampires","floor":24,"gold_loss":0}],"is_beta":false,"boss_relics":[{"not_picked":["Philosopher\u0027s Stone","Cursed Key"],"picked":"Black Star"}],"items_purged_floors":[30],"is_endless":false,"potions_floor_spawned":[2,5,10,12,20,21,28,29],"killed_by":"Champ","ascension_level":7}