{"gold_per_floor":[114,129,141,155,174,186,186,205,205,178,178,178,178,205,205,307,307,320,177,177,6,24,24,38,38,38,38,0,12,12,32,32,134,134,144,161,36,36,54,54,8,8,33,45,45,45,45,63,63,63],"floor_reached":50,"playtime":2066,"items_purged":["Pain","Writhe","Writhe"],"score":446,"play_id":"4a7c2c82-654a-4b11-a346-d9b678c10d12","local_time":"20190223201907","is_ascension_mode":false,"campfire_choices":[{"data":"Neutralize","floor":7,"key":"SMITH"},{"data":"Dagger Spray","floor":11,"key":"SMITH"},{"floor":15,"key":"REST"},{"floor":23,"key":"REST"},{"data":"Skewer","floor":27,"key":"SMITH"},{"data":"Storm of Steel","floor":32,"key":"SMITH"},{"data":"Corpse Explosion","floor":40,"key":"SMITH"},{"floor":42,"key":"REST"},{"data":"Poisoned Stab","floor":45,"key":"SMITH"},{"data":"Crippling Poison","floor":47,"key":"SMITH"},{"data":"Sucker Punch","floor":49,"key":"SMITH"}],"neow_cost":"NONE","seed_source_timestamp":5947754842985,"circlet_count":0,"master_deck":["Defend_G+1","Defend_G+1","Defend_G+1","Defend_G+1","Defend_G+1","Strike_G+1","Strike_G+1","Strike_G+1","Strike_G+1","Strike_G+1","Survivor+1","Neutralize+1","Outmaneuver+1","Sucker Punch+1","Dagger Spray+1","Infinite Blades","Backflip","Escape Plan","Storm of Steel+1","Escape Plan+1","Crippling Poison+1","Backstab","Concentrate+1","Skewer+1","Dodge and Roll","Calculated Gamble","Corpse Explosion+1","Blade Dance+1","Cloak And Dagger","Poisoned Stab+1","Flying Knee+1"],"relics":["Busted Crown","Bottled Flame","War Paint","Calling Bell","Pen Nib","Pear","Thread and Needle","Unceasing Top","Philosopher\u0027s Stone","Potion Belt"],"potions_floor_usage":[14,14,14,14,24,33,33,36,46,50,50],"damage_taken":[{"damage":0,"enemies":"Cultist","floor":1,"turns":5},{"damage":2,"enemies":"2 Louse","floor":2,"turns":3},{"damage":0,"enemies":"Small Slimes","floor":3,"turns":4},{"damage":8,"enemies":"2 Fungi Beasts","floor":4,"turns":4},{"damage":2,"enemies":"Blue Slaver","floor":5,"turns":4},{"damage":2,"enemies":"3 Louse","floor":6,"turns":3},{"damage":0,"enemies":"Exordium Wildlife","floor":8,"turns":3},{"damage":10,"enemies":"Gremlin Nob","floor":14,"turns":3},{"damage":34,"enemies":"The Guardian","floor":16,"turns":12},{"damage":16,"enemies":"Chosen","floor":18,"turns":7},{"damage":7,"enemies":"2 Thieves","floor":22,"turns":5},{"damage":0,"enemies":"Snake Plant","floor":24,"turns":4},{"damage":6,"enemies":"Sentry and Sphere","floor":29,"turns":4},{"damage":7,"enemies":"Cultist and Chosen","floor":31,"turns":6},{"damage":54,"enemies":"Champ","floor":33,"turns":14},{"damage":6,"enemies":"3 Shapes","floor":35,"turns":3},{"damage":0,"enemies":"3 Darklings","floor":36,"turns":2},{"damage":11,"enemies":"Maw","floor":39,"turns":8},{"damage":0,"enemies":"Jaw Worm Horde","floor":44,"turns":1},{"damage":0,"enemies":"Writhing Mass","floor":46,"turns":1},{"damage":0,"enemies":"3 Darklings","floor":48,"turns":4},{"damage":83,"enemies":"Time Eater","floor":50,"turns":10}],"seed_played":"2321239442085463889","potions_obtained":[{"floor":2,"key":"EntropicBrew"},{"floor":3,"key":"SteroidPotion"},{"floor":5,"key":"SmokeBomb"},{"floor":16,"key":"Weak Potion"},{"floor":22,"key":"Poison Potion"},{"floor":29,"key":"Ancient Potion"},{"floor":35,"key":"AttackPotion"},{"floor":39,"key":"Poison Potion"},{"floor":44,"key":"SpeedPotion"}],"is_trial":false,"path_per_floor":["M","M","M","M","M","M","R","M","T","$","R","?","?","E","R","B",null,"M","$","?","$","M","R","M","?","T","R","?","M","?","M","R","B",null,"M","M","$","?","M","R","$","R","T","M","R","M","R","M","R","B"],"character_chosen":"THE_SILENT","items_purchased":["Backflip","Crippling Poison","Backstab","Poisoned Stab"],"campfire_rested":3,"item_purchase_floors":[10,19,21,41],"current_hp_per_floor":[70,68,68,60,58,56,56,56,56,56,56,56,42,32,53,19,80,64,64,64,64,57,80,80,80,80,80,80,74,74,67,67,13,80,74,74,74,74,63,63,63,80,80,80,80,80,80,80,80,0],"gold":63,"neow_bonus":"BOSS_RELIC","is_prod":false,"is_daily":false,"chose_seed":false,"campfire_upgraded":8,"win_rate":0,"timestamp":1550974747,"path_taken":["M","M","M","?","M","M","R","M","T","$","R","?","?","E","R","BOSS","M","$","?","$","M","R","M","?","T","R","?","M","?","M","R","BOSS","M","M","$","?","M","R","$","R","T","M","R","M","R","M","R","BOSS"],"build_version":"2019-01-23","purchased_purges":3,"victory":false,"max_hp_per_floor":[70,70,70,70,70,70,70,70,70,70,70,70,70,70,70,70,80,80,80,80,80,80,80,80,80,80,80,80,80,80,80,80,80,80,80,80,80,80,80,80,80,80,80,80,80,80,80,80,80,80],"card_choices":[{"not_picked":["Prepared"],"picked":"SKIP","floor":1},{"not_picked":[],"picked":"Outmaneuver","floor":2},{"not_picked":[],"picked":"Noxious Fumes","floor":3},{"not_picked":[],"picked":"Sucker Punch","floor":4},{"not_picked":[],"picked":"Dagger Spray","floor":5},{"not_picked":["Prepared"],"picked":"SKIP","floor":6},{"not_picked":[],"picked":"Infinite Blades","floor":8},{"not_picked":["Escape Plan"],"picked":"SKIP","floor":14},{"not_picked":[],"picked":"Escape Plan","floor":14},{"not_picked":[],"picked":"Storm of Steel","floor":16},{"not_picked":[],"picked":"Escape Plan+1","floor":18},{"not_picked":["Outmaneuver"],"picked":"SKIP","floor":22},{"not_picked":[],"picked":"Concentrate+1","floor":24},{"not_picked":[],"picked":"Dodge and Roll","floor":29},{"not_picked":[],"picked":"Calculated Gamble","floor":31},{"not_picked":[],"picked":"Corpse Explosion","floor":33},{"not_picked":[],"picked":"Blade Dance+1","floor":35},{"not_picked":["Dodge and Roll"],"picked":"SKIP","floor":36},{"not_picked":[],"picked":"Cloak And Dagger","floor":39},{"not_picked":[],"picked":"Flying Knee+1","floor":44},{"not_picked":["Eviscerate"],"picked":"SKIP","floor":48}],"player_experience":315102,"relics_obtained":[{"floor":9,"key":"Bottled Flame"},{"floor":14,"key":"War Paint"},{"floor":17,"key":"Pen Nib"},{"floor":17,"key":"Pear"},{"floor":17,"key":"Thread and Needle"},{"floor":26,"key":"Unceasing Top"},{"floor":43,"key":"Potion Belt"}],"event_choices":[{"damage_healed":0,"gold_gain":0,"player_choice":"Ignored","damage_taken":0,"max_hp_gain":0,"max_hp_loss":0,"event_name":"Golden Wing","floor":12,"gold_loss":0},{"damage_healed":0,"gold_gain":0,"player_choice":"Entered Light","damage_taken":14,"max_hp_gain":0,"max_hp_loss":0,"event_name":"Shining Light","floor":13,"gold_loss":0,"cards_upgraded":["Survivor","Defend_G"]},{"damage_healed":0,"gold_gain":0,"player_choice":"Simplicity","damage_taken":0,"max_hp_gain":0,"max_hp_loss":0,"event_name":"Back to Basics","floor":20,"gold_loss":0,"cards_upgraded":["Defend_G","Defend_G","Defend_G","Strike_G","Strike_G","Strike_G","Strike_G","Strike_G"]},{"damage_healed":0,"gold_gain":0,"player_choice":"Read","damage_taken":0,"max_hp_gain":0,"max_hp_loss":0,"event_name":"The Library","floor":25,"gold_loss":0,"cards_obtained":["Skewer"]},{"damage_healed":0,"gold_gain":0,"player_choice":"Paid Fearfully","damage_taken":0,"max_hp_gain":0,"max_hp_loss":0,"event_name":"Masked Bandits","floor":28,"gold_loss":38},{"damage_healed":0,"gold_gain":0,"player_choice":"Ignored","damage_taken":0,"max_hp_gain":0,"max_hp_loss":0,"event_name":"The Mausoleum","floor":30,"gold_loss":0},{"cards_removed":["Noxious Fumes"],"damage_healed":0,"gold_gain":0,"player_choice":"Removed Power","damage_taken":0,"max_hp_gain":0,"max_hp_loss":0,"event_name":"Falling","floor":38,"gold_loss":0}],"is_beta":false,"boss_relics":[{"not_picked":["Ectoplasm","Coffee Dripper"],"picked":"Calling Bell"},{"not_picked":["Black Star","Lizard Tail"],"picked":"Philosopher\u0027s Stone"}],"items_purged_floors":[19,21,37],"is_endless":false,"potions_floor_spawned":[2,3,5,16,22,29,35,39,44],"killed_by":"Time Eater","ascension_level":0}