{"gold_per_floor":[211,3,20,32,49,49,84,84,84,119,119,154,219,170,170,244,244,256,52,52,52,66,66,81,96,96,96,112,112],"floor_reached":29,"playtime":1382,"items_purged":["Pain"],"score":426,"play_id":"8ac68ca9-d5ce-4b1a-83d5-da93fc8d7d59","local_time":"20190214155929","is_ascension_mode":true,"campfire_choices":[{"data":"Footwork","floor":6,"key":"SMITH"},{"floor":8,"key":"REST"},{"floor":11,"key":"REST"},{"floor":15,"key":"REST"},{"data":"Envenom","floor":23,"key":"SMITH"},{"data":"Cloak And Dagger","floor":27,"key":"SMITH"}],"neow_cost":"NONE","seed_source_timestamp":24846234188700,"circlet_count":0,"master_deck":["AscendersBane","Defend_G","Defend_G","Defend_G+1","Defend_G","Defend_G","Survivor","Neutralize","Footwork+1","Dagger Spray","Bullet Time","Skewer","Quick Slash","Dagger Spray","After Image","Cloak And Dagger+1","Caltrops","Cloak And Dagger+1","Envenom+1","Decay","Clumsy","Bane+1","Dash+1","Bane+1","Bite+1","Bite+1","Bite+1","Bite+1","Bite+1","Dagger Spray+1","Backflip","Well Laid Plans"],"relics":["Ring of the Snake","Pear","Pantograph","Oddly Smooth Stone","Mango","Molten Egg 2","Calling Bell","War Paint","Letter Opener","Ginger","Blue Candle"],"potions_floor_usage":[10,12,22,29],"damage_taken":[{"damage":11,"enemies":"Jaw Worm","floor":1,"turns":7},{"damage":0,"enemies":"2 Louse","floor":3,"turns":2},{"damage":12,"enemies":"Small Slimes","floor":4,"turns":4},{"damage":7,"enemies":"Red Slaver","floor":5,"turns":5},{"damage":28,"enemies":"3 Sentries","floor":7,"turns":8},{"damage":38,"enemies":"Gremlin Nob","floor":10,"turns":5},{"damage":1,"enemies":"3 Sentries","floor":12,"turns":6},{"damage":48,"enemies":"Lagavulin Event","floor":13,"turns":12},{"damage":33,"enemies":"Hexaghost","floor":16,"turns":15},{"damage":16,"enemies":"Spheric Guardian","floor":18,"turns":10},{"damage":0,"enemies":"3 Byrds","floor":22,"turns":4},{"damage":43,"enemies":"Snake Plant","floor":24,"turns":7},{"damage":17,"enemies":"Centurion and Healer","floor":25,"turns":19},{"damage":61,"enemies":"Cultist and Chosen","floor":28,"turns":8},{"damage":7,"enemies":"Snake Plant","floor":29,"turns":2}],"seed_played":"-5870807521165734149","potions_obtained":[{"floor":1,"key":"FairyPotion"},{"floor":3,"key":"SkillPotion"},{"floor":10,"key":"Explosive Potion"},{"floor":16,"key":"EssenceOfSteel"},{"floor":18,"key":"Strength Potion"},{"floor":22,"key":"LiquidBronze"}],"is_trial":false,"path_per_floor":["M","$","M","M","M","R","E","R","T","E","R","E","?","?","R","B",null,"M","$","?","?","M","R","M","M","T","R","M","M"],"character_chosen":"THE_SILENT","items_purchased":["Dagger Spray","Bullet Time","Dash+1","Bane+1"],"campfire_rested":3,"item_purchase_floors":[2,2,19,19],"current_hp_per_floor":[52,52,52,40,33,33,15,39,39,1,25,38,9,9,37,29,78,62,62,62,65,65,65,31,65,65,65,7,0],"gold":112,"neow_bonus":"HUNDRED_GOLD","is_prod":false,"is_daily":false,"chose_seed":false,"campfire_upgraded":3,"win_rate":0,"timestamp":1550156369,"path_taken":["M","$","M","M","M","R","E","R","T","E","R","E","?","?","R","BOSS","M","$","?","?","M","R","M","?","T","R","M","M"],"build_version":"2019-01-23","purchased_purges":1,"victory":false,"max_hp_per_floor":[70,70,70,70,70,70,80,80,80,80,80,94,94,94,94,94,94,94,94,65,65,65,65,65,65,65,65,65,65],"card_choices":[{"not_picked":["Riddle With Holes","Acrobatics"],"picked":"Footwork","floor":1},{"not_picked":["Deadly Poison","Backstab"],"picked":"Skewer","floor":3},{"not_picked":["Outmaneuver","PiercingWail"],"picked":"Quick Slash","floor":4},{"not_picked":["Blade Dance","PiercingWail"],"picked":"Dagger Spray","floor":5},{"not_picked":["Prepared","Quick Slash"],"picked":"After Image","floor":7},{"not_picked":["Deadly Poison","Finisher"],"picked":"Cloak And Dagger","floor":10},{"not_picked":["Sucker Punch","Riddle With Holes"],"picked":"Caltrops","floor":12},{"not_picked":["Escape Plan","Flying Knee+1"],"picked":"Cloak And Dagger","floor":13},{"not_picked":["Unload+1","Wraith Form v2"],"picked":"Envenom","floor":16},{"not_picked":["Concentrate","Predator+1"],"picked":"Bane+1","floor":18},{"not_picked":["Deadly Poison","Quick Slash+1"],"picked":"Dagger Spray+1","floor":22},{"not_picked":["Quick Slash+1","Prepared","Poisoned Stab+1"],"picked":"SKIP","floor":24},{"not_picked":["Prepared","Quick Slash+1"],"picked":"Backflip","floor":25},{"not_picked":["Endless Agony+1","Crippling Poison"],"picked":"Well Laid Plans","floor":28}],"player_experience":488038,"relics_obtained":[{"floor":7,"key":"Pear"},{"floor":9,"key":"Pantograph"},{"floor":10,"key":"Oddly Smooth Stone"},{"floor":12,"key":"Mango"},{"floor":17,"key":"War Paint"},{"floor":17,"key":"Letter Opener"},{"floor":17,"key":"Ginger"},{"floor":26,"key":"Blue Candle"}],"event_choices":[{"damage_healed":0,"gold_gain":30,"player_choice":"Searched \u00273\u0027 times","damage_taken":0,"relics_obtained":["Molten Egg 2"],"max_hp_gain":0,"max_hp_loss":0,"event_name":"Dead Adventurer","floor":13,"gold_loss":0},{"damage_healed":0,"gold_gain":0,"player_choice":"Left Gold","damage_taken":0,"max_hp_gain":0,"max_hp_loss":0,"event_name":"World of Goop","floor":14,"gold_loss":49},{"damage_healed":0,"gold_gain":0,"player_choice":"Became a vampire","damage_taken":0,"max_hp_gain":0,"max_hp_loss":29,"event_name":"Vampires","floor":20,"gold_loss":0,"cards_obtained":["Bite","Bite","Bite","Bite","Bite"]},{"damage_healed":3,"gold_gain":0,"player_choice":"Full Heal","damage_taken":0,"max_hp_gain":0,"max_hp_loss":0,"event_name":"Wheel of Change","floor":21,"gold_loss":0}],"is_beta":false,"boss_relics":[{"not_picked":["Pandora\u0027s Box","Ectoplasm"],"picked":"Calling Bell"}],"items_purged_floors":[19],"is_endless":false,"potions_floor_spawned":[1,3,10,16,18,22],"killed_by":"Snake Plant","ascension_level":13}