{"gold_per_floor":[114,134,134,150,150,150,166,166,190,210,57,57,72,61,61,61],"floor_reached":16,"playtime":807,"items_purged":[],"score":94,"play_id":"ce215ecc-2044-4f91-ba0d-7ad8df53d36f","local_time":"20190211143559","is_ascension_mode":false,"campfire_choices":[{"floor":6,"key":"REST"},{"data":"Carnage","floor":8,"key":"SMITH"},{"floor":12,"key":"REST"},{"data":"Heavy Blade","floor":15,"key":"SMITH"}],"neow_cost":"NONE","seed_source_timestamp":18175999098124,"circlet_count":0,"master_deck":["Strike_R","Strike_R","Strike_R","Strike_R","Strike_R","Defend_R","Defend_R","Defend_R","Defend_R","Bash+1","Entrench+1","Uppercut","Carnage+1","Perfected Strike","Blood for Blood","Heavy Blade+1","Perfected Strike"],"relics":["Burning Blood","Blood Vial","Anchor"],"potions_floor_usage":[16],"damage_taken":[{"damage":0,"enemies":"Small Slimes","floor":1,"turns":4},{"damage":19,"enemies":"Cultist","floor":2,"turns":7},{"damage":9,"enemies":"Jaw Worm","floor":4,"turns":5},{"damage":3,"enemies":"Red Slaver","floor":7,"turns":5},{"damage":42,"enemies":"Gremlin Gang","floor":10,"turns":8},{"damage":0,"enemies":"3 Louse","floor":13,"turns":3},{"damage":10,"enemies":"Exordium Thugs","floor":14,"turns":4},{"damage":77,"enemies":"Hexaghost","floor":16,"turns":11}],"seed_played":"-2926005545704488866","potions_obtained":[{"floor":2,"key":"Swift Potion"},{"floor":10,"key":"Regen Potion"},{"floor":14,"key":"Strength Potion"}],"is_trial":false,"path_per_floor":["M","M","?","M","$","R","M","R","T","M","$","R","M","M","R","B"],"character_chosen":"IRONCLAD","items_purchased":["Anchor"],"campfire_rested":2,"item_purchase_floors":[11],"current_hp_per_floor":[80,67,67,64,64,80,80,80,80,44,44,68,76,74,74,0],"gold":61,"neow_bonus":"UPGRADE_CARD","is_prod":false,"is_daily":false,"chose_seed":false,"campfire_upgraded":2,"win_rate":0,"timestamp":1549917359,"path_taken":["M","M","?","M","$","R","M","R","T","M","?","R","?","M","R","BOSS"],"build_version":"2019-01-23","purchased_purges":0,"victory":false,"max_hp_per_floor":[80,80,80,80,80,80,80,80,80,80,80,80,80,80,80,80],"card_choices":[{"not_picked":["Armaments","Pommel Strike"],"picked":"Entrench","floor":1},{"not_picked":["Ghostly Armor","Flame Barrier"],"picked":"Uppercut","floor":2},{"not_picked":["Pommel Strike","Sword Boomerang"],"picked":"Carnage","floor":4},{"not_picked":["Anger","Flex"],"picked":"Perfected Strike","floor":7},{"not_picked":["Clash","Cleave"],"picked":"Blood for Blood","floor":10},{"not_picked":["Anger","Clash"],"picked":"Heavy Blade","floor":13},{"not_picked":["Offering","True Grit"],"picked":"Perfected Strike","floor":14}],"player_experience":59125,"relics_obtained":[{"floor":9,"key":"Blood Vial"}],"event_choices":[{"damage_healed":0,"gold_gain":0,"player_choice":"Forge","damage_taken":0,"max_hp_gain":0,"max_hp_loss":0,"event_name":"Accursed Blacksmith","floor":3,"gold_loss":0,"cards_upgraded":["Entrench"]}],"is_beta":false,"boss_relics":[],"items_purged_floors":[],"is_endless":false,"potions_floor_spawned":[2,10,14],"killed_by":"Hexaghost","ascension_level":0}