{"gold_per_floor":[112,126,152,168,179,207,225,237,237,193,205,223,223,239,239,343,343,362,375,392,392,392,392,408,71,71,71,171,186,186,205,205,310,310,326,338,338,392,392],"floor_reached":39,"playtime":3184,"items_purged":["Strike_B"],"score":389,"play_id":"3685604e-227d-45f9-bd2c-affbbdd885cf","local_time":"20190210120049","is_ascension_mode":false,"campfire_choices":[{"floor":13,"key":"REST"},{"floor":15,"key":"REST"},{"floor":23,"key":"REST"},{"floor":27,"key":"REST"},{"floor":30,"key":"REST"},{"data":"Capacitor","floor":32,"key":"SMITH"}],"neow_cost":"TEN_PERCENT_HP_LOSS","seed_source_timestamp":5222406123093,"circlet_count":0,"master_deck":["Strike_B","Strike_B","Strike_B","Defend_B","Defend_B","Defend_B","Defend_B","Zap","Dualcast","Machine Learning","Rebound","Genetic Algorithm","Stack","Ball Lightning","Sweeping Beam","Rebound","Ball Lightning","Capacitor+1","Lockon","Tempest","Electrodynamics","Streamline","Tempest","Self Repair","Necronomicurse","Self Repair+1","Melter","Ball Lightning","Thunder Strike","Rebound","Leap+1","Undo"],"relics":["Cracked Core","Lantern","Nunchaku","Orichalcum","Velvet Choker","Necronomicon","MutagenicStrength","Chemical X","Matryoshka","Girya","Bottled Flame","Busted Crown","Bird Faced Urn"],"potions_floor_usage":[11,16,28,31,31,33,39,39],"damage_taken":[{"damage":1,"enemies":"Cultist","floor":1,"turns":4},{"damage":0,"enemies":"2 Louse","floor":2,"turns":3},{"damage":9,"enemies":"Small Slimes","floor":4,"turns":3},{"damage":1,"enemies":"2 Fungi Beasts","floor":5,"turns":4},{"damage":34,"enemies":"3 Sentries","floor":6,"turns":8},{"damage":8,"enemies":"Exordium Wildlife","floor":7,"turns":5},{"damage":2,"enemies":"Blue Slaver","floor":8,"turns":3},{"damage":0,"enemies":"3 Louse","floor":11,"turns":1},{"damage":4,"enemies":"Looter","floor":12,"turns":2},{"damage":0,"enemies":"Gremlin Gang","floor":14,"turns":2},{"damage":30,"enemies":"Hexaghost","floor":16,"turns":7},{"damage":4,"enemies":"Chosen","floor":18,"turns":3},{"damage":4,"enemies":"2 Thieves","floor":19,"turns":3},{"damage":23,"enemies":"Centurion and Healer","floor":20,"turns":5},{"damage":0,"enemies":"Snake Plant","floor":24,"turns":2},{"damage":19,"enemies":"Colosseum Slavers","floor":28,"turns":2},{"damage":22,"enemies":"Colosseum Nobs","floor":28,"turns":3},{"damage":0,"enemies":"Snecko","floor":29,"turns":2},{"damage":12,"enemies":"Centurion and Healer","floor":31,"turns":5},{"damage":52,"enemies":"Collector","floor":33,"turns":7},{"damage":9,"enemies":"Orb Walker","floor":35,"turns":2},{"damage":17,"enemies":"3 Shapes","floor":36,"turns":3},{"damage":58,"enemies":"2 Orb Walkers","floor":38,"turns":4},{"damage":22,"enemies":"Maw","floor":39,"turns":2}],"seed_played":"-2965436535399180372","potions_obtained":[{"floor":1,"key":"FearPotion"},{"floor":6,"key":"FocusPotion"},{"floor":7,"key":"FearPotion"},{"floor":8,"key":"Explosive Potion"},{"floor":16,"key":"SneckoOil"},{"floor":19,"key":"Swift Potion"},{"floor":28,"key":"Energy Potion"},{"floor":31,"key":"SteroidPotion"},{"floor":33,"key":"SteroidPotion"},{"floor":36,"key":"Explosive Potion"}],"is_trial":false,"path_per_floor":["M","M","T","M","M","E","M","M","T","?","M","M","R","M","R","B",null,"M","M","M","?","?","R","M","$","T","R","?","M","R","M","R","B",null,"M","M","?","?","M"],"character_chosen":"DEFECT","items_purchased":["Chemical X","Melter"],"campfire_rested":5,"item_purchase_floors":[25,25],"current_hp_per_floor":[67,67,67,58,57,23,15,13,13,13,13,9,29,29,49,19,68,64,60,37,21,21,41,41,41,41,61,47,47,67,62,62,27,68,59,59,59,8,0],"gold":392,"neow_bonus":"THREE_RARE_CARDS","is_prod":false,"is_daily":false,"chose_seed":false,"campfire_upgraded":1,"win_rate":0.0,"timestamp":1549821649,"path_taken":["M","M","?","M","M","E","?","M","T","?","M","M","R","M","R","BOSS","M","M","M","?","?","R","M","$","T","R","?","M","R","M","R","BOSS","M","M","?","?","M"],"build_version":"2019-01-23","purchased_purges":1,"victory":false,"max_hp_per_floor":[68,68,68,68,68,68,68,68,68,68,68,68,68,68,68,68,68,68,68,68,68,68,68,68,68,68,68,68,68,68,68,68,68,68,68,68,68,68,68],"card_choices":[{"not_picked":["Seek","Amplify"],"picked":"Machine Learning","floor":0},{"not_picked":["Aggregate","Defragment"],"picked":"Rebound","floor":1},{"not_picked":["Darkness","Stack"],"picked":"Genetic Algorithm","floor":2},{"not_picked":["Compile Driver","Coolheaded"],"picked":"Stack","floor":4},{"not_picked":["Skim","Hello World"],"picked":"Ball Lightning","floor":5},{"not_picked":["Coolheaded","Doom and Gloom"],"picked":"Sweeping Beam","floor":6},{"not_picked":["Chill","Go for the Eyes"],"picked":"Rebound","floor":7},{"not_picked":["Gash","BootSequence"],"picked":"Ball Lightning","floor":8},{"not_picked":["Beam Cell","Rebound"],"picked":"Capacitor","floor":11},{"not_picked":["Ball Lightning","Gash"],"picked":"Lockon","floor":12},{"not_picked":["Capacitor","Biased Cognition"],"picked":"Tempest","floor":14},{"not_picked":["Buffer","Amplify"],"picked":"Electrodynamics","floor":16},{"not_picked":["Cold Snap","Gash"],"picked":"Streamline","floor":18},{"not_picked":["Cold Snap","Rebound"],"picked":"Tempest","floor":19},{"not_picked":["Capacitor+1","Redo+1"],"picked":"Self Repair","floor":20},{"not_picked":["Coolheaded","Aggregate"],"picked":"Self Repair+1","floor":24},{"not_picked":["Compile Driver","Hologram","Beam Cell"],"picked":"SKIP","floor":29},{"not_picked":["Sweeping Beam","Skim"],"picked":"Ball Lightning","floor":31},{"not_picked":["Fission","Machine Learning"],"picked":"Thunder Strike","floor":33},{"not_picked":[],"picked":"Rebound","floor":35},{"not_picked":[],"picked":"Leap+1","floor":36},{"not_picked":[],"picked":"Undo","floor":38}],"player_experience":12927,"relics_obtained":[{"floor":3,"key":"Lantern"},{"floor":6,"key":"Nunchaku"},{"floor":9,"key":"Orichalcum"},{"floor":21,"key":"Necronomicon"},{"floor":26,"key":"Matryoshka"},{"floor":28,"key":"Girya"},{"floor":28,"key":"Bottled Flame"},{"floor":38,"key":"Bird Faced Urn"}],"event_choices":[{"damage_healed":0,"gold_gain":0,"player_choice":"Left Gold","damage_taken":0,"max_hp_gain":0,"max_hp_loss":0,"event_name":"World of Goop","floor":10,"gold_loss":44},{"damage_healed":0,"gold_gain":0,"player_choice":"Obtained Book","damage_taken":16,"max_hp_gain":0,"max_hp_loss":0,"event_name":"Cursed Tome","floor":21,"gold_loss":0},{"damage_healed":0,"gold_gain":0,"player_choice":"Inject Mutagens","damage_taken":0,"relics_obtained":["MutagenicStrength"],"max_hp_gain":0,"max_hp_loss":0,"event_name":"Drug Dealer","floor":22,"gold_loss":0},{"damage_healed":0,"gold_gain":0,"player_choice":"Fight","damage_taken":0,"max_hp_gain":0,"max_hp_loss":0,"event_name":"Colosseum","floor":28,"gold_loss":0},{"damage_healed":0,"gold_gain":0,"player_choice":"Fought Nobs","damage_taken":0,"max_hp_gain":0,"max_hp_loss":0,"event_name":"Colosseum","floor":28,"gold_loss":0},{"damage_healed":0,"gold_gain":0,"player_choice":"Ignored","damage_taken":0,"max_hp_gain":0,"max_hp_loss":0,"event_name":"Tomb of Lord Red Mask","floor":37,"gold_loss":0},{"damage_healed":0,"gold_gain":0,"player_choice":"Fight","damage_taken":0,"max_hp_gain":0,"max_hp_loss":0,"event_name":"Mysterious Sphere","floor":38,"gold_loss":0}],"is_beta":false,"boss_relics":[{"not_picked":["Runic Dome","Philosopher\u0027s Stone"],"picked":"Velvet Choker"},{"not_picked":["Sozu","Orrery"],"picked":"Busted Crown"}],"items_purged_floors":[25],"is_endless":false,"potions_floor_spawned":[1,6,7,8,16,19,20,24,28,31,33,36],"killed_by":"Maw","ascension_level":0}