{"gold_per_floor":[110,110,121,46,46,46,80,56,56,66,94,113,145,155,155,251,251,261,261,261,272,290,318,318,518,518,518,258,272,287,306,306,306],"floor_reached":33,"playtime":1484,"items_purged":["Strike_R"],"score":287,"play_id":"81ec5978-8002-4584-84f6-592935ace5ef","local_time":"20180712221013","is_ascension_mode":false,"campfire_choices":[{"data":"Carnage","floor":6,"key":"SMITH"},{"data":"Uppercut","floor":15,"key":"SMITH"},{"data":"Brutality","floor":24,"key":"SMITH"},{"data":"Hemokinesis","floor":27,"key":"SMITH"},{"data":"Bash","floor":32,"key":"SMITH"}],"neow_cost":"NONE","seed_source_timestamp":10760671000155,"circlet_count":0,"master_deck":["Strike_R","Strike_R","Strike_R","Strike_R","Defend_R","Defend_R","Defend_R","Defend_R","Bash+1","Carnage+1","Hemokinesis+1","Flex","Pummel","Uppercut+1","Brutality+1","Berserk","Hemokinesis+1","Perfected Strike","Pommel Strike","Infernal Blade+1","Flex","Battle Trance"],"relics":["Burning Blood","Strawberry","Anchor","Bag of Preparation","Ornamental Fan","Red Skull","Art of War","Mark of Pain","Boot","Molten Egg 2","Membership Card"],"potions_floor_usage":[7,11,11,18,22,23,30,33,33],"damage_taken":[{"damage":6,"enemies":"Cultist","floor":1,"turns":3},{"damage":4,"enemies":"2 Louse","floor":3,"turns":2},{"damage":15,"enemies":"Gremlin Nob","floor":7,"turns":4},{"damage":3,"enemies":"Jaw Worm","floor":10,"turns":2},{"damage":9,"enemies":"3 Sentries","floor":11,"turns":7},{"damage":2,"enemies":"Blue Slaver","floor":12,"turns":2},{"damage":24,"enemies":"Gremlin Nob","floor":13,"turns":4},{"damage":0,"enemies":"Looter","floor":14,"turns":2},{"damage":51,"enemies":"Hexaghost","floor":16,"turns":9},{"damage":13,"enemies":"2 Thieves","floor":18,"turns":4},{"damage":4,"enemies":"Chosen","floor":21,"turns":2},{"damage":19,"enemies":"Centurion and Healer","floor":22,"turns":5},{"damage":31,"enemies":"Book of Stabbing","floor":23,"turns":5},{"damage":3,"enemies":"Snecko","floor":29,"turns":2},{"damage":9,"enemies":"Sentry and Sphere","floor":30,"turns":3},{"damage":8,"enemies":"Snake Plant","floor":31,"turns":2},{"damage":93,"enemies":"Champ","floor":33,"turns":8}],"seed_played":"-1034783875884687725","potions_obtained":[{"floor":1,"key":"Dexterity Potion"},{"floor":2,"key":"Regen Potion"},{"floor":2,"key":"Energy Potion"},{"floor":2,"key":"SteroidPotion"},{"floor":11,"key":"Regen Potion"},{"floor":12,"key":"GamblersBrew"},{"floor":14,"key":"BloodPotion"},{"floor":18,"key":"Poison Potion"},{"floor":23,"key":"Explosive Potion"}],"is_trial":false,"path_per_floor":["M","?","M","$","?","R","E","$","T","M","E","M","E","M","R","B",null,"M","?","?","M","M","E","R","?","T","R","$","M","M","M","R"],"character_chosen":"IRONCLAD","items_purchased":["Flex","Membership Card","Regen Potion"],"campfire_rested":0,"item_purchase_floors":[8,28,28],"current_hp_per_floor":[87,87,87,87,62,62,53,53,53,56,68,72,54,60,60,15,87,80,80,80,82,69,58,58,58,58,58,58,61,58,56,56,0],"gold":306,"neow_bonus":"RANDOM_COMMON_RELIC","is_prod":false,"is_daily":false,"chose_seed":false,"campfire_upgraded":5,"win_rate":0,"timestamp":1531447813,"path_taken":["M","?","M","$","?","R","E","?","T","M","E","M","E","M","R","BOSS","M","?","?","M","M","E","R","?","T","R","$","M","M","?","R","BOSS"],"build_version":"2018-07-12","purchased_purges":1,"victory":false,"max_hp_per_floor":[87,87,87,87,87,87,87,87,87,87,87,87,87,87,87,87,87,87,87,87,87,87,87,87,87,87,87,87,87,87,87,87,87],"card_choices":[{"not_picked":["Clothesline","Pommel Strike"],"picked":"Carnage","floor":1},{"not_picked":["Evolve","Corruption","Pommel Strike"],"picked":"SKIP","floor":3},{"not_picked":["Intimidate","Anger"],"picked":"Hemokinesis","floor":7},{"not_picked":["Shrug It Off","Havoc","Cleave"],"picked":"SKIP","floor":10},{"not_picked":["Thunderclap","Anger"],"picked":"Pummel","floor":11},{"not_picked":["Spot Weakness","Body Slam"],"picked":"Uppercut","floor":12},{"not_picked":["True Grit","Thunderclap","Wild Strike"],"picked":"SKIP","floor":13},{"not_picked":["Body Slam","Cleave"],"picked":"Brutality","floor":14},{"not_picked":["Impervious","Demon Form"],"picked":"Berserk","floor":16},{"not_picked":["Clothesline+1","Sword Boomerang"],"picked":"Hemokinesis+1","floor":18},{"not_picked":["Sword Boomerang","Bloodletting"],"picked":"Pommel Strike","floor":21},{"not_picked":["Clash+1","Bloodletting"],"picked":"Infernal Blade+1","floor":22},{"not_picked":["Heavy Blade","Berserk","Armaments+1"],"picked":"SKIP","floor":23},{"not_picked":["Headbutt+1","Disarm"],"picked":"Flex","floor":29},{"not_picked":["Clash+1","Spot Weakness"],"picked":"Battle Trance","floor":30},{"not_picked":["Havoc","Warcry","Heavy Blade+1"],"picked":"SKIP","floor":31}],"player_experience":279504,"relics_obtained":[{"floor":7,"key":"Bag of Preparation"},{"floor":9,"key":"Ornamental Fan"},{"floor":11,"key":"Red Skull"},{"floor":13,"key":"Art of War"},{"floor":23,"key":"Boot"},{"floor":26,"key":"Molten Egg 2"}],"event_choices":[{"event_name":"The Lab","player_choice":"Got Potions","floor":2,"damage_taken":0},{"event_name":"Scrap Ooze","player_choice":"success","floor":5,"damage_taken":25},{"event_name":"Ghosts","player_choice":"Ignored","floor":19,"damage_taken":0},{"event_name":"The Library","player_choice":"Read","floor":20,"damage_taken":0},{"event_name":"The Joust","player_choice":"Bet on Owner","floor":25,"damage_taken":0}],"boss_relics":[{"not_picked":["Ectoplasm","Calling Bell"],"picked":"Mark of Pain"}],"items_purged_floors":[4],"is_endless":false,"potions_floor_spawned":[1,11,12,14,18,21,23],"killed_by":"Champ","ascension_level":0}