{"gold_per_floor":[13,29,0,13,13,13,41,41,41,54,54,70,105,105,105,105],"floor_reached":16,"playtime":1046,"items_purged":[],"score":116,"play_id":"fcf91428-a9d6-440c-a37c-4a14d802c2e8","local_time":"20190214122719","is_ascension_mode":true,"campfire_choices":[{"data":"PiercingWail","floor":6,"key":"SMITH"},{"data":"Riddle With Holes","floor":8,"key":"SMITH"},{"data":"Survivor","floor":11,"key":"SMITH"},{"floor":15,"key":"REST"}],"neow_cost":"NO_GOLD","seed_source_timestamp":4497484792532,"circlet_count":0,"master_deck":["Defend_G","Defend_G","Defend_G","Defend_G","Defend_G","Strike_G","Strike_G","Strike_G","Strike_G","Strike_G","Survivor+1","Neutralize","Prepared","Dagger Spray+1","PiercingWail+1","Riddle With Holes+1","Dodge and Roll","Flying Knee","Burst"],"relics":["Ring of the Snake","Unceasing Top","Omamori","The Courier","Snake Skull"],"potions_floor_usage":[13,16],"damage_taken":[{"damage":1,"enemies":"Jaw Worm","floor":1,"turns":7},{"damage":0,"enemies":"2 Louse","floor":2,"turns":3},{"damage":0,"enemies":"Small Slimes","floor":4,"turns":3},{"damage":24,"enemies":"3 Sentries","floor":7,"turns":6},{"damage":0,"enemies":"3 Louse","floor":10,"turns":2},{"damage":0,"enemies":"Exordium Wildlife","floor":12,"turns":4},{"damage":8,"enemies":"Lagavulin","floor":13,"turns":8},{"damage":61,"enemies":"Hexaghost","floor":16,"turns":15}],"seed_played":"-4130517931806995907","potions_obtained":[{"floor":2,"key":"Ancient Potion"},{"floor":7,"key":"EssenceOfSteel"}],"is_trial":false,"path_per_floor":["M","M","?","M","?","R","E","R","T","M","R","M","E","$","R","B"],"character_chosen":"THE_SILENT","items_purchased":[],"campfire_rested":1,"item_purchase_floors":[],"current_hp_per_floor":[69,69,69,69,69,69,45,45,45,45,45,45,37,37,58,0],"gold":105,"neow_bonus":"ONE_RARE_RELIC","is_prod":false,"is_daily":false,"chose_seed":false,"campfire_upgraded":3,"win_rate":0,"timestamp":1550168839,"path_taken":["M","M","?","M","?","R","E","R","T","M","R","M","E","$","R","BOSS"],"build_version":"2019-01-23","purchased_purges":0,"victory":false,"max_hp_per_floor":[70,70,70,70,70,70,70,70,70,70,70,70,70,70,70,70],"card_choices":[{"not_picked":["Dodge and Roll","Deadly Poison"],"picked":"Prepared","floor":1},{"not_picked":["Dodge and Roll","Dagger Throw"],"picked":"Dagger Spray","floor":2},{"not_picked":["All Out Attack","Slice"],"picked":"PiercingWail","floor":4},{"not_picked":["PiercingWail","Noxious Fumes"],"picked":"Riddle With Holes","floor":7},{"not_picked":["Eviscerate","Quick Slash"],"picked":"Dodge and Roll","floor":10},{"not_picked":["Bane","Sucker Punch"],"picked":"Flying Knee","floor":12},{"not_picked":["Prepared","Dash"],"picked":"Burst","floor":13}],"player_experience":107584,"relics_obtained":[{"floor":7,"key":"Omamori"},{"floor":9,"key":"The Courier"},{"floor":13,"key":"Snake Skull"}],"event_choices":[{"damage_healed":0,"gold_gain":0,"player_choice":"Left Gold","damage_taken":0,"max_hp_gain":0,"max_hp_loss":0,"event_name":"World of Goop","floor":3,"gold_loss":29},{"damage_healed":0,"gold_gain":0,"player_choice":"Grow","damage_taken":0,"max_hp_gain":0,"max_hp_loss":0,"event_name":"Living Wall","floor":5,"gold_loss":0,"cards_upgraded":["Dagger Spray"]}],"is_beta":false,"boss_relics":[],"items_purged_floors":[],"is_endless":false,"potions_floor_spawned":[2,7],"killed_by":"Hexaghost","ascension_level":1}