{"path_per_floor":["M","?","?","M","M","E","T","R","T","$","E","M","M","?","R","B",null,"M","M","M","?","M","E","R","M","T","E","R","M","?","$","R","B",null,"M","T","?","?","M","R","E","M","T","?","E","$","R","M","R","B"],"character_chosen":"IRONCLAD","items_purchased":["Centennial Puzzle","Evolve+1","Thunderclap","Bag of Preparation","Enlightenment","PowerPotion","Reaper","Trip"],"gold_per_floor":[109,109,184,196,216,250,324,324,324,74,108,124,137,87,87,183,183,193,209,225,225,236,263,263,273,296,325,325,339,254,152,152,252,252,272,342,342,342,352,352,385,395,419,419,747,103,103,121,121,121],"floor_reached":51,"campfire_rested":1,"playtime":5784,"item_purchase_floors":[10,31,31,46,46,46,46,46],"current_hp_per_floor":[79,79,68,74,72,52,62,62,62,62,56,63,63,63,63,37,96,96,81,75,69,72,30,30,48,48,43,43,59,59,59,59,43,75,78,78,78,78,78,78,76,88,88,88,29,29,58,96,96,99],"items_purged":["Bite"],"gold":121,"score":780,"play_id":"bdbd5cf7-a324-4d38-b036-d9e614b14e64","local_time":"20180526231613","is_prod":false,"is_daily":false,"chose_seed":false,"is_ascension_mode":false,"campfire_upgraded":7,"win_rate":0,"timestamp":1527369373,"campfire_choices":[{"data":"Bash","floor":8,"key":"SMITH"},{"data":"Flame Barrier","floor":15,"key":"SMITH"},{"data":"Evolve","floor":24,"key":"SMITH"},{"data":"Barricade","floor":28,"key":"SMITH"},{"data":"Rampage","floor":32,"key":"SMITH"},{"data":"Thunderclap","floor":40,"key":"SMITH"},{"floor":47,"key":"REST"},{"data":"Bite","floor":49,"key":"SMITH"}],"path_taken":["M","?","?","M","M","E","?","R","T","?","E","?","M","?","R","BOSS","M","M","M","?","M","E","R","?","T","E","R","?","?","$","R","BOSS","M","?","?","?","M","R","E","M","T","?","E","$","R","M","R","BOSS"],"build_version":"2018-05-24","seed_source_timestamp":20580634880774,"purchased_purges":1,"victory":true,"master_deck":["Defend_R","Defend_R","Defend_R","Defend_R","Bash+1","Flex+1","Uppercut+1","Seeing Red","Feed","Evolve+1","Flame Barrier+1","Barricade+1","Iron Wave+1","Rampage+1","Bite+1","Bite","Bite","Combust","Metallicize+1","Entrench+1","Evolve+1","Thunderclap+1","Berserk+1","Flame Barrier+1","Battle Trance+1","Enlightenment","Reaper","Trip","Entrench+1"],"max_hp_per_floor":[80,80,80,80,80,80,90,90,90,90,90,93,93,93,93,96,96,99,99,99,69,72,75,75,75,75,75,75,75,75,75,75,75,75,78,78,78,78,78,78,83,88,88,88,91,91,93,96,96,99],"relics":["Burning Blood","Whetstone","Pear","Bag of Marbles","Centennial Puzzle","Pen Nib","Mark of Pain","Happy Flower","Dream Catcher","Frozen Egg 2","Pantograph","Lizard Tail","Darkstone Periapt","Singing Bowl","Potion Belt","Old Coin","Bag of Preparation"],"card_choices":[{"not_picked":["Body Slam","Heavy Blade"],"picked":"Flex","floor":0},{"not_picked":["Anger","Bloodletting","Havoc"],"picked":"SKIP","floor":1},{"not_picked":["Flex","Pommel Strike","Cleave"],"picked":"SKIP","floor":4},{"not_picked":["Warcry","True Grit"],"picked":"Uppercut","floor":5},{"not_picked":["Heavy Blade","Corruption"],"picked":"Seeing Red","floor":6},{"not_picked":["Shrug It Off","Flex"],"picked":"Feed","floor":11},{"not_picked":["Twin Strike","Whirlwind"],"picked":"Evolve","floor":12},{"not_picked":["Sentinel","Evolve"],"picked":"Flame Barrier","floor":13},{"not_picked":["Bludgeon","Limit Break"],"picked":"Barricade","floor":16},{"not_picked":["Hemokinesis","Headbutt"],"picked":"Iron Wave+1","floor":18},{"not_picked":["True Grit","Cleave","Headbutt"],"picked":"SKIP","floor":19},{"not_picked":["Wild Strike","Dark Embrace"],"picked":"Rampage","floor":20},{"not_picked":["Intimidate","Carnage"],"picked":"Combust","floor":22},{"not_picked":["Disarm","Perfected Strike+1"],"picked":"Metallicize+1","floor":23},{"not_picked":["Flex+1","Twin Strike+1","Anger+1"],"picked":"SKIP","floor":25},{"not_picked":["Heavy Blade","Sword Boomerang"],"picked":"Entrench+1","floor":27},{"not_picked":["Cleave","Uppercut","Flex"],"picked":"SKIP","floor":29},{"not_picked":["Limit Break","Bludgeon"],"picked":"Berserk+1","floor":33},{"not_picked":["Sword Boomerang+1","Infernal Blade"],"picked":"Flame Barrier+1","floor":35},{"not_picked":["Heavy Blade","Thunderclap+1","Sword Boomerang+1"],"picked":"SKIP","floor":39},{"not_picked":["Ghostly Armor+1","Perfected Strike","Clash"],"picked":"Singing Bowl","floor":41},{"not_picked":["Power Through","Iron Wave+1","Sword Boomerang+1"],"picked":"Singing Bowl","floor":42},{"not_picked":["Cleave","Clothesline"],"picked":"Battle Trance+1","floor":45},{"not_picked":["Thunderclap+1","Searing Blow+1","Hemokinesis"],"picked":"Singing Bowl","floor":47},{"not_picked":["Blood for Blood","Clash+1"],"picked":"Entrench+1","floor":48}],"player_experience":280080,"potions_floor_usage":[19,23,23,23,27,39,45,45,45,45,45,48,50],"damage_taken":[{"damage":7,"enemies":"2 Louse","floor":1,"turns":3},{"damage":0,"enemies":"Cultist","floor":4,"turns":3},{"damage":8,"enemies":"Jaw Worm","floor":5,"turns":3},{"damage":26,"enemies":"Gremlin Nob","floor":6,"turns":4},{"damage":12,"enemies":"3 Sentries","floor":11,"turns":6},{"damage":2,"enemies":"Looter","floor":12,"turns":2},{"damage":6,"enemies":"Blue Slaver","floor":13,"turns":3},{"damage":35,"enemies":"The Guardian","floor":16,"turns":13},{"damage":9,"enemies":"Shell Parasite","floor":18,"turns":7},{"damage":21,"enemies":"Spheric Guardian","floor":19,"turns":5},{"damage":12,"enemies":"3 Cultists","floor":20,"turns":6},{"damage":11,"enemies":"Snake Plant","floor":22,"turns":4},{"damage":61,"enemies":"Slavers","floor":23,"turns":6},{"damage":6,"enemies":"Centurion and Healer","floor":25,"turns":9},{"damage":33,"enemies":"Gremlin Leader","floor":27,"turns":8},{"damage":0,"enemies":"Snecko","floor":29,"turns":4},{"damage":58,"enemies":"Automaton","floor":33,"turns":14},{"damage":0,"enemies":"3 Shapes","floor":35,"turns":5},{"damage":55,"enemies":"3 Darklings","floor":39,"turns":30},{"damage":35,"enemies":"Nemesis","floor":41,"turns":17},{"damage":6,"enemies":"4 Shapes","floor":42,"turns":7},{"damage":82,"enemies":"2 Orb Walkers","floor":45,"turns":9},{"damage":46,"enemies":"Sphere and 2 Shapes","floor":48,"turns":58},{"damage":72,"enemies":"Awakened One","floor":50,"turns":117}],"relics_obtained":[{"floor":6,"key":"Whetstone"},{"floor":7,"key":"Pear"},{"floor":9,"key":"Bag of Marbles"},{"floor":11,"key":"Pen Nib"},{"floor":23,"key":"Happy Flower"},{"floor":26,"key":"Dream Catcher"},{"floor":27,"key":"Frozen Egg 2"},{"floor":36,"key":"Darkstone Periapt"},{"floor":41,"key":"Singing Bowl"},{"floor":43,"key":"Potion Belt"},{"floor":45,"key":"Old Coin"}],"event_choices":[{"event_name":"Upgrade Shrine","player_choice":"Upgraded","floor":2,"damage_taken":0},{"event_name":"World of Goop","player_choice":"Gather Gold","floor":3,"damage_taken":0},{"event_name":"The Cleric","player_choice":"Card Removal","floor":14,"damage_taken":0},{"event_name":"Vampires","player_choice":"Became a vampire","floor":21,"damage_taken":0},{"event_name":"Addict","player_choice":"Obtained Relic","floor":30,"damage_taken":0},{"event_name":"Tomb of Lord Red Mask","player_choice":"Ignored","floor":38,"damage_taken":0},{"event_name":"The Lab","player_choice":"Got Potions","floor":44,"damage_taken":0}],"boss_relics":[{"not_picked":["Runic Dome","Runic Cube"],"picked":"Mark of Pain"},{"not_picked":["Velvet Choker","Astrolabe"],"picked":"Lizard Tail"}],"items_purged_floors":[46],"potions_floor_spawned":[4,5,12,18,20,22,25,35,39,42,45],"seed_played":"-1626430277749181856","ascension_level":0,"potions_obtained":[{"floor":4,"key":"Swift Potion"},{"floor":5,"key":"Energy Potion"},{"floor":12,"key":"PowerPotion"},{"floor":18,"key":"Block Potion"},{"floor":20,"key":"AttackPotion"},{"floor":25,"key":"Dexterity Potion"},{"floor":35,"key":"GamblersBrew"},{"floor":39,"key":"Dexterity Potion"},{"floor":42,"key":"Ancient Potion"},{"floor":44,"key":"Energy Potion"},{"floor":44,"key":"EntropicBrew"},{"floor":44,"key":"EssenceOfSteel"},{"floor":45,"key":"Explosive Potion"}],"is_trial":false}