{"path_per_floor":["M","M","T","?","M","E","R","?","T","?","R","$","E","M","R"],"character_chosen":"DEFECT","items_purchased":["Self Repair","Anchor"],"gold_per_floor":[111,122,149,149,160,193,193,272,272,335,335,105,139,155,155,155],"floor_reached":16,"campfire_rested":1,"playtime":1130,"item_purchase_floors":[12,12],"current_hp_per_floor":[68,62,62,62,57,42,42,42,52,28,28,28,12,12,37,0],"items_purged":[],"gold":155,"score":108,"play_id":"2bb586ec-41f3-445e-a370-e09ad0db6871","local_time":"20180607142103","is_prod":false,"is_daily":false,"chose_seed":false,"is_ascension_mode":false,"campfire_upgraded":2,"win_rate":0.0,"timestamp":1528374063,"campfire_choices":[{"data":"Recycle","floor":7,"key":"SMITH"},{"data":"Sunder","floor":11,"key":"SMITH"},{"floor":15,"key":"REST"}],"path_taken":["M","?","?","?","M","E","R","?","T","?","R","$","E","M","R","BOSS"],"build_version":"2018-05-31","seed_source_timestamp":90032233145706,"purchased_purges":0,"victory":false,"master_deck":["Strike_B","Strike_B+1","Strike_B","Strike_B+1","Defend_B","Defend_B","Defend_B","Defend_B","Zap","Dualcast","Loop","BootSequence","Meteor Strike","Sunder+1","Recycle+1","Rip and Tear","Self Repair","Consume","All For One"],"max_hp_per_floor":[75,75,75,75,75,75,75,75,85,85,85,85,85,85,85,85],"relics":["Cracked Core","Whetstone","Oddly Smooth Stone","Pear","Question Card","Anchor","Gambling Chip"],"card_choices":[{"not_picked":["Beam Cell","Chill"],"picked":"Loop","floor":1},{"not_picked":["Heatsinks","Undo"],"picked":"BootSequence","floor":2},{"not_picked":["Chaos","Streamline"],"picked":"Sunder","floor":5},{"not_picked":["Skim","Beam Cell"],"picked":"Recycle","floor":6},{"not_picked":["Beam Cell","Turbo"],"picked":"Rip and Tear","floor":10},{"not_picked":["Redo","Steam Power","Chaos"],"picked":"Consume","floor":13},{"not_picked":["Sweeping Beam","Skim","Cold Snap"],"picked":"All For One","floor":14}],"player_experience":332154,"potions_floor_usage":[16],"damage_taken":[{"damage":7,"enemies":"Cultist","floor":1,"turns":5},{"damage":6,"enemies":"Jaw Worm","floor":2,"turns":3},{"damage":5,"enemies":"Small Slimes","floor":5,"turns":4},{"damage":15,"enemies":"3 Sentries","floor":6,"turns":8},{"damage":24,"enemies":"Gremlin Nob","floor":10,"turns":4},{"damage":23,"enemies":"Gremlin Nob","floor":13,"turns":5},{"damage":0,"enemies":"3 Louse","floor":14,"turns":1},{"damage":44,"enemies":"The Guardian","floor":16,"turns":7}],"relics_obtained":[{"floor":3,"key":"Whetstone"},{"floor":6,"key":"Oddly Smooth Stone"},{"floor":9,"key":"Pear"},{"floor":10,"key":"Question Card"},{"floor":13,"key":"Gambling Chip"}],"event_choices":[{"event_name":"Match and Keep!","player_choice":"1 cards matched","floor":4,"damage_taken":0},{"event_name":"Golden Wing","player_choice":"Gained Gold","floor":8,"damage_taken":0},{"event_name":"Dead Adventurer","player_choice":"Searched \u00271\u0027 times","floor":10,"damage_taken":0}],"boss_relics":[],"items_purged_floors":[],"potions_floor_spawned":[2,10,14],"seed_played":"-4811762198775138597","killed_by":"The Guardian","ascension_level":0,"potions_obtained":[{"floor":2,"key":"Strength Potion"},{"floor":10,"key":"Dexterity Potion"},{"floor":14,"key":"Poison Potion"}],"is_trial":false}