{"gold_per_floor":[114,189,209,219,234,234,266,278,278,278,203,220,220,233,233,333,333,343,353,353],"floor_reached":20,"playtime":1295,"items_purged":["Strike_R"],"score":240,"play_id":"4109bfb2-afc7-43f9-bb54-07c02db9b967","local_time":"20181116124914","is_ascension_mode":true,"campfire_choices":[{"data":"Pommel Strike","floor":6,"key":"SMITH"},{"data":"Battle Trance","floor":10,"key":"SMITH"},{"data":"Iron Wave","floor":13,"key":"SMITH"},{"data":"Ghostly Armor","floor":15,"key":"SMITH"}],"neow_cost":"NONE","seed_source_timestamp":65206263411936,"circlet_count":0,"master_deck":["Strike_R","Strike_R","Strike_R","Strike_R","Defend_R","Defend_R","Defend_R","Defend_R","Bash","Dramatic Entrance","Ghostly Armor+1","Headbutt","Pommel Strike+1","Battle Trance+1","Iron Wave+1","Cleave"],"relics":["Burning Blood","Strawberry","Dream Catcher","Runic Pyramid"],"potions_floor_usage":[7,16,16,19],"damage_taken":[{"damage":9,"enemies":"Cultist","floor":1,"turns":5},{"damage":7,"enemies":"Small Slimes","floor":3,"turns":3},{"damage":0,"enemies":"2 Louse","floor":4,"turns":3},{"damage":2,"enemies":"Looter","floor":5,"turns":4},{"damage":20,"enemies":"3 Sentries","floor":7,"turns":11},{"damage":9,"enemies":"Red Slaver","floor":8,"turns":5},{"damage":0,"enemies":"3 Louse","floor":12,"turns":4},{"damage":1,"enemies":"2 Fungi Beasts","floor":14,"turns":3},{"damage":16,"enemies":"Slime Boss","floor":16,"turns":12},{"damage":32,"enemies":"Spheric Guardian","floor":18,"turns":13},{"damage":24,"enemies":"Chosen","floor":19,"turns":7},{"damage":38,"enemies":"Snake Plant","floor":20,"turns":4}],"seed_played":"2510046377687905501","potions_obtained":[{"floor":1,"key":"EssenceOfSteel"},{"floor":3,"key":"Swift Potion"},{"floor":5,"key":"Fire Potion"},{"floor":12,"key":"Poison Potion"},{"floor":18,"key":"SpeedPotion"}],"is_trial":false,"path_per_floor":["M","?","M","M","M","R","E","M","T","R","$","M","R","M","R","B",null,"M","M","M"],"character_chosen":"IRONCLAD","items_purchased":[],"campfire_rested":0,"item_purchase_floors":[],"current_hp_per_floor":[69,58,57,63,67,67,60,57,57,57,57,63,63,68,68,58,80,54,36,0],"gold":353,"neow_bonus":"RANDOM_COLORLESS","is_prod":false,"is_daily":false,"chose_seed":false,"campfire_upgraded":4,"win_rate":0,"timestamp":1542368954,"path_taken":["M","?","M","M","M","R","E","M","T","R","$","M","R","M","R","BOSS","M","M","M"],"build_version":"2018-11-15","purchased_purges":1,"victory":false,"max_hp_per_floor":[80,80,80,80,80,80,87,87,87,87,87,87,87,87,87,87,87,87,87,87],"card_choices":[{"not_picked":["Clothesline","Seeing Red","Body Slam"],"picked":"SKIP","floor":1},{"not_picked":["Shockwave","Anger"],"picked":"Ghostly Armor","floor":3},{"not_picked":["Sword Boomerang","Blood for Blood"],"picked":"Headbutt","floor":4},{"not_picked":["Infernal Blade","Metallicize"],"picked":"Pommel Strike","floor":5},{"not_picked":["Warcry","Sword Boomerang"],"picked":"Battle Trance","floor":7},{"not_picked":["Pommel Strike","Heavy Blade"],"picked":"Iron Wave","floor":8},{"not_picked":["Clothesline","Armaments","Limit Break"],"picked":"SKIP","floor":12},{"not_picked":["Sword Boomerang","Wild Strike","Headbutt"],"picked":"SKIP","floor":14},{"not_picked":["Metallicize+1","Thunderclap"],"picked":"Cleave","floor":18},{"not_picked":["Wild Strike","Heavy Blade","Thunderclap+1"],"picked":"SKIP","floor":19}],"player_experience":541548,"relics_obtained":[{"floor":7,"key":"Strawberry"},{"floor":9,"key":"Dream Catcher"}],"event_choices":[{"damage_healed":0,"gold_gain":75,"player_choice":"Gather Gold","damage_taken":11,"max_hp_gain":0,"max_hp_loss":0,"event_name":"World of Goop","floor":2,"gold_loss":0}],"is_beta":false,"boss_relics":[{"not_picked":["Astrolabe","Tiny House"],"picked":"Runic Pyramid"}],"items_purged_floors":[11],"is_endless":false,"potions_floor_spawned":[1,3,5,12,18],"killed_by":"Snake Plant","ascension_level":7}