{"gold_per_floor":[112,126,138,154,164,164,178,178,178,178,188,188,204,223,223,325,325,343,360,460,480,496,496,496,496,496,509,509],"floor_reached":28,"playtime":1396,"items_purged":[],"score":218,"play_id":"78acbffe-e0ff-42ed-ace5-27469115328c","local_time":"20190212170702","is_ascension_mode":false,"campfire_choices":[{"data":"Caltrops","floor":6,"key":"SMITH"},{"floor":8,"key":"REST"},{"data":"Unload","floor":10,"key":"SMITH"},{"data":"All Out Attack","floor":12,"key":"SMITH"},{"data":"Footwork","floor":15,"key":"SMITH"},{"data":"Wraith Form v2","floor":23,"key":"SMITH"},{"floor":25,"key":"REST"}],"neow_cost":"TEN_PERCENT_HP_LOSS","seed_source_timestamp":19663522295263,"circlet_count":0,"master_deck":["Defend_G","Defend_G","Defend_G","Defend_G","Defend_G","Strike_G","Strike_G","Strike_G","Strike_G","Strike_G","Survivor","Neutralize","Flying Knee","Dagger Spray","Caltrops+1","Flying Knee","Unload+1","All Out Attack+1","Footwork+1","Bouncing Flask","Wraith Form v2+1","Deadly Poison","Skewer+1","Dodge and Roll","Blur","Deflect"],"relics":["Ring of the Snake","WingedGreaves","Bottled Flame","Lizard Tail","Bottled Tornado"],"potions_floor_usage":[16,16,19,21,22,22],"damage_taken":[{"damage":2,"enemies":"2 Louse","floor":1,"turns":5},{"damage":4,"enemies":"Cultist","floor":2,"turns":4},{"damage":0,"enemies":"Small Slimes","floor":3,"turns":3},{"damage":7,"enemies":"Exordium Wildlife","floor":4,"turns":7},{"damage":0,"enemies":"2 Fungi Beasts","floor":5,"turns":3},{"damage":16,"enemies":"Gremlin Gang","floor":7,"turns":2},{"damage":2,"enemies":"Blue Slaver","floor":11,"turns":3},{"damage":0,"enemies":"Exordium Wildlife","floor":13,"turns":1},{"damage":0,"enemies":"3 Louse","floor":14,"turns":3},{"damage":20,"enemies":"The Guardian","floor":16,"turns":9},{"damage":0,"enemies":"Chosen","floor":18,"turns":6},{"damage":9,"enemies":"Spheric Guardian","floor":19,"turns":6},{"damage":12,"enemies":"Snake Plant","floor":21,"turns":4},{"damage":6,"enemies":"Centurion and Healer","floor":22,"turns":10},{"damage":29,"enemies":"Sentry and Sphere","floor":27,"turns":6},{"damage":61,"enemies":"Book of Stabbing","floor":28,"turns":8}],"seed_played":"8107882535968862198","potions_obtained":[{"floor":1,"key":"Swift Potion"},{"floor":5,"key":"SpeedPotion"},{"floor":11,"key":"Fire Potion"},{"floor":16,"key":"Explosive Potion"},{"floor":18,"key":"GhostInAJar"},{"floor":19,"key":"SpeedPotion"}],"is_trial":false,"path_per_floor":["M","M","M","M","M","R","M","R","T","R","M","R","M","M","R","B",null,"M","M","?","M","M","R","?","R","T","M","E"],"character_chosen":"THE_SILENT","items_purchased":[],"campfire_rested":2,"item_purchase_floors":[],"current_hp_per_floor":[61,57,57,50,50,50,34,52,52,52,50,50,50,50,50,30,63,63,54,54,42,36,36,36,54,54,25,0],"gold":509,"neow_bonus":"ONE_RARE_RELIC","is_prod":false,"is_daily":false,"chose_seed":false,"campfire_upgraded":5,"win_rate":0.0,"timestamp":1550012822,"path_taken":["M","M","M","M","M","R","M","R","T","R","M","R","M","M","R","BOSS","M","M","?","M","?","R","?","R","T","M","E"],"build_version":"2019-01-23","purchased_purges":0,"victory":false,"max_hp_per_floor":[63,63,63,63,63,63,63,63,63,63,63,63,63,63,63,63,63,63,63,63,63,63,63,63,63,63,63,63],"card_choices":[{"not_picked":["Expertise","Escape Plan"],"picked":"Flying Knee","floor":1},{"not_picked":["Tactician","Outmaneuver"],"picked":"Dagger Spray","floor":2},{"not_picked":["PiercingWail","Tactician","Outmaneuver"],"picked":"SKIP","floor":3},{"not_picked":["Flying Knee","Flechettes"],"picked":"Caltrops","floor":4},{"not_picked":["Deadly Poison","Prepared"],"picked":"Flying Knee","floor":5},{"not_picked":["Backstab","Quick Slash"],"picked":"Unload","floor":7},{"not_picked":["Eviscerate","Flying Knee"],"picked":"All Out Attack","floor":11},{"not_picked":["PiercingWail","Cloak And Dagger"],"picked":"Footwork","floor":13},{"not_picked":["Deadly Poison","Deflect"],"picked":"Bouncing Flask","floor":14},{"not_picked":["A Thousand Cuts","Burst"],"picked":"Wraith Form v2","floor":16},{"not_picked":["Outmaneuver","Cloak And Dagger"],"picked":"Deadly Poison","floor":18},{"not_picked":["Caltrops","Outmaneuver"],"picked":"Skewer+1","floor":19},{"not_picked":["Sucker Punch","Night Terror"],"picked":"Dodge and Roll","floor":21},{"not_picked":["Distraction","All Out Attack"],"picked":"Blur","floor":22},{"not_picked":["Dagger Spray","All Out Attack"],"picked":"Deflect","floor":27}],"player_experience":88260,"relics_obtained":[{"floor":9,"key":"Bottled Flame"},{"floor":26,"key":"Bottled Tornado"}],"event_choices":[{"damage_healed":0,"gold_gain":100,"player_choice":"Pray","damage_taken":0,"max_hp_gain":0,"max_hp_loss":0,"event_name":"Golden Shrine","floor":20,"gold_loss":0},{"damage_healed":0,"gold_gain":0,"player_choice":"Leave","damage_taken":0,"max_hp_gain":0,"max_hp_loss":0,"event_name":"FaceTrader","floor":24,"gold_loss":0}],"is_beta":false,"boss_relics":[{"not_picked":["Cursed Key","Black Star"],"picked":"Lizard Tail"}],"items_purged_floors":[],"is_endless":false,"potions_floor_spawned":[1,5,11,16,18,19],"killed_by":"Book of Stabbing","ascension_level":0}