{"gold_per_floor":[115,135,151,151,169,196,215,215,283,294,294,304,52,67,67,167,167,187,187,175,175,194,194,221,238,238,16,16],"floor_reached":28,"playtime":1349,"items_purged":[],"score":244,"play_id":"6a448fdd-b65c-43b8-bbe8-c24aa53c0f01","local_time":"20190223190848","is_ascension_mode":false,"campfire_choices":[{"data":"Zap","floor":8,"key":"SMITH"},{"floor":15,"key":"REST"},{"floor":23,"key":"REST"}],"neow_cost":"TEN_PERCENT_HP_LOSS","seed_source_timestamp":2445645541729,"circlet_count":0,"master_deck":["Defend_B","Defend_B","Defend_B","Defend_B","Zap+1","Dualcast","Ball Lightning","Go for the Eyes","Lockon","Chill","Melter","Cold Snap","Sweeping Beam","Sunder","Lockon","Defragment","Leap","Compile Driver","Echo Form","Genetic Algorithm+1","Creative AI+1","Aggregate+1","Leap","RitualDagger","Sunder+1","Ball Lightning","Redo+1","Buffer"],"relics":["Cracked Core","Peace Pipe","Bottled Lightning","Dodecahedron","Gambling Chip","Oddly Smooth Stone","Astrolabe","Nilry\u0027s Codex","Art of War","Prayer Wheel","Strawberry"],"potions_floor_usage":[20,22,24],"damage_taken":[{"damage":6,"enemies":"Jaw Worm","floor":1,"turns":3},{"damage":1,"enemies":"Cultist","floor":2,"turns":3},{"damage":6,"enemies":"2 Louse","floor":3,"turns":2},{"damage":0,"enemies":"Large Slime","floor":5,"turns":3},{"damage":9,"enemies":"3 Sentries","floor":6,"turns":7},{"damage":0,"enemies":"Blue Slaver","floor":7,"turns":2},{"damage":6,"enemies":"Looter","floor":10,"turns":3},{"damage":0,"enemies":"Lots of Slimes","floor":12,"turns":2},{"damage":0,"enemies":"Blue Slaver","floor":14,"turns":2},{"damage":26,"enemies":"Slime Boss","floor":16,"turns":7},{"damage":0,"enemies":"Chosen","floor":18,"turns":5},{"damage":14,"enemies":"2 Thieves","floor":20,"turns":4},{"damage":5,"enemies":"Snake Plant","floor":22,"turns":4},{"damage":28,"enemies":"Book of Stabbing","floor":24,"turns":7},{"damage":19,"enemies":"Centurion and Healer","floor":25,"turns":11},{"damage":26,"enemies":"Colosseum Slavers","floor":28,"turns":3}],"seed_played":"7992090034089370704","potions_obtained":[{"floor":3,"key":"Swift Potion"},{"floor":7,"key":"Regen Potion"},{"floor":10,"key":"FearPotion"},{"floor":18,"key":"Explosive Potion"}],"is_trial":false,"path_per_floor":["M","M","M","?","M","E","M","R","T","M","?","M","$","M","R","B",null,"M","?","M","?","M","R","E","M","T","$","?"],"character_chosen":"DEFECT","items_purchased":["Defragment","Oddly Smooth Stone","Leap","Strawberry","Buffer"],"campfire_rested":2,"item_purchase_floors":[13,13,13,27,27],"current_hp_per_floor":[62,61,55,55,55,46,46,46,46,40,40,40,40,40,60,34,68,68,52,52,46,41,61,33,14,14,21,0],"gold":16,"neow_bonus":"ONE_RARE_RELIC","is_prod":false,"is_daily":false,"chose_seed":false,"campfire_upgraded":1,"win_rate":0,"timestamp":1550970528,"path_taken":["M","M","M","?","M","E","M","R","T","?","?","M","$","M","R","BOSS","M","?","M","?","M","R","E","M","T","$","?"],"build_version":"2019-01-23","purchased_purges":0,"victory":false,"max_hp_per_floor":[68,68,68,68,68,68,68,68,68,68,68,68,68,68,68,68,68,68,68,68,68,68,68,68,68,68,75,75],"card_choices":[{"not_picked":["Hologram","Stack"],"picked":"Ball Lightning","floor":1},{"not_picked":["Undo","Cold Snap"],"picked":"Go for the Eyes","floor":2},{"not_picked":["Double Energy","Beam Cell"],"picked":"Lockon","floor":3},{"not_picked":["Streamline","Compile Driver"],"picked":"Melter","floor":5},{"not_picked":["Cold Snap","Hyperbeam","Streamline"],"picked":"SKIP","floor":6},{"not_picked":["Hyperbeam","Streamline"],"picked":"Cold Snap","floor":6},{"not_picked":["Steam","Go for the Eyes"],"picked":"Sweeping Beam","floor":7},{"not_picked":["Sweeping Beam","Ball Lightning"],"picked":"Sunder","floor":10},{"not_picked":["Streamline","Go for the Eyes"],"picked":"Lockon","floor":12},{"not_picked":["Lockon","Cold Snap"],"picked":"Compile Driver","floor":14},{"not_picked":["Fission","Hyperbeam"],"picked":"Echo Form","floor":16},{"not_picked":["Steam Power","Chill","Aggregate"],"picked":"SKIP","floor":18},{"not_picked":["Barrage","Recycle"],"picked":"Leap","floor":20},{"not_picked":["Auto Shields","Go for the Eyes"],"picked":"Sunder+1","floor":22},{"not_picked":["Hyperbeam","Steam"],"picked":"Ball Lightning","floor":24},{"not_picked":["Rebound","Go for the Eyes"],"picked":"Redo+1","floor":25}],"player_experience":311850,"relics_obtained":[{"floor":6,"key":"Bottled Lightning"},{"floor":9,"key":"Dodecahedron"},{"floor":19,"key":"Nilry\u0027s Codex"},{"floor":24,"key":"Art of War"},{"floor":26,"key":"Prayer Wheel"}],"event_choices":[{"damage_healed":0,"gold_gain":0,"cards_transformed":["Strike_B"],"player_choice":"Transformed","damage_taken":0,"max_hp_gain":0,"max_hp_loss":0,"event_name":"Transmorgrifier","floor":4,"gold_loss":0,"cards_obtained":["Chill"]},{"damage_healed":0,"gold_gain":0,"player_choice":"Searched \u00271\u0027 times","damage_taken":0,"relics_obtained":["Gambling Chip"],"max_hp_gain":0,"max_hp_loss":0,"event_name":"Dead Adventurer","floor":11,"gold_loss":0},{"damage_healed":0,"gold_gain":0,"player_choice":"Obtained Book","damage_taken":16,"max_hp_gain":0,"max_hp_loss":0,"event_name":"Cursed Tome","floor":19,"gold_loss":0},{"damage_healed":0,"gold_gain":0,"player_choice":"Joined the Cult","damage_taken":6,"max_hp_gain":0,"max_hp_loss":0,"event_name":"Nest","floor":21,"gold_loss":0,"cards_obtained":["RitualDagger"]},{"damage_healed":0,"gold_gain":0,"player_choice":"Fight","damage_taken":0,"max_hp_gain":0,"max_hp_loss":0,"event_name":"Colosseum","floor":28,"gold_loss":0}],"is_beta":false,"boss_relics":[{"not_picked":["Empty Cage","Inserter"],"picked":"Astrolabe"}],"items_purged_floors":[],"is_endless":false,"potions_floor_spawned":[3,7,10,16,18],"killed_by":"Colosseum Slavers","ascension_level":0}