{"gold_per_floor":[114,134,144,155,168,193,219,248,260,305,317,339,351,375,387,494,506,536,566,597,10,10,22,22,22,22,22,32,32,32,61,61,61],"floor_reached":33,"playtime":1646,"items_purged":["Clothesline"],"score":283,"play_id":"f6eba7e2-701b-48ea-ac09-6772d3a08ee1","local_time":"20181009200833","is_ascension_mode":false,"campfire_choices":[{"floor":11,"key":"REST"},{"data":"Spot Weakness","floor":15,"key":"SMITH"},{"data":"Flex","floor":25,"key":"SMITH"},{"data":"Limit Break","floor":27,"key":"SMITH"},{"floor":29,"key":"REST"},{"floor":32,"key":"REST"}],"neow_cost":"NONE","seed_source_timestamp":127605393902000,"circlet_count":0,"master_deck":["Bash","Thunderclap+1","Pommel Strike","Flex+1","Spot Weakness+1","Headbutt","Inflame","Rampage","Sword Boomerang","Pommel Strike","Twin Strike","Iron Wave","Power Through","Pummel","Heavy Blade+1","Twin Strike","Armaments","Limit Break+1","Double Tap"],"relics":["Burning Blood","MawBank","Dodecahedron","Calipers","Pandora\u0027s Box","Champion Belt","Nloth\u0027s Gift","Whetstone","Dream Catcher"],"potions_floor_usage":[6,8,16,19,23,31,33],"damage_taken":[{"damage":2,"enemies":"Small Slimes","floor":1,"turns":5},{"damage":0,"enemies":"2 Louse","floor":2,"turns":4},{"damage":0,"enemies":"Cultist","floor":3,"turns":3},{"damage":4,"enemies":"Looter","floor":4,"turns":3},{"damage":27,"enemies":"Exordium Thugs","floor":5,"turns":5},{"damage":23,"enemies":"3 Sentries","floor":6,"turns":5},{"damage":4,"enemies":"3 Louse","floor":7,"turns":3},{"damage":5,"enemies":"Lots of Slimes","floor":8,"turns":4},{"damage":30,"enemies":"Gremlin Nob","floor":10,"turns":5},{"damage":0,"enemies":"2 Fungi Beasts","floor":12,"turns":4},{"damage":11,"enemies":"Large Slime","floor":14,"turns":3},{"damage":30,"enemies":"The Guardian","floor":16,"turns":8},{"damage":20,"enemies":"Shell Parasite","floor":18,"turns":4},{"damage":5,"enemies":"3 Byrds","floor":19,"turns":4},{"damage":25,"enemies":"Sentry and Sphere","floor":20,"turns":4},{"damage":25,"enemies":"Snake Plant","floor":23,"turns":3},{"damage":20,"enemies":"Centurion and Healer","floor":28,"turns":4},{"damage":35,"enemies":"Slavers","floor":31,"turns":5},{"damage":36,"enemies":"Champ","floor":33,"turns":6}],"seed_played":"2309281449912074415","potions_obtained":[{"floor":1,"key":"PowerPotion"},{"floor":3,"key":"SteroidPotion"},{"floor":10,"key":"LiquidBronze"},{"floor":12,"key":"SkillPotion"},{"floor":14,"key":"Weak Potion"},{"floor":28,"key":"Ancient Potion"}],"is_trial":false,"path_per_floor":["M","M","M","M","M","E","M","M","T","E","R","M","?","M","R","B",null,"M","M","M","$","?","M","?","R","T","R","M","R","?","E","R"],"character_chosen":"IRONCLAD","items_purchased":["Champion Belt","Limit Break","Swift Potion"],"campfire_rested":3,"item_purchase_floors":[21,21,21],"current_hp_per_floor":[80,80,80,80,59,42,44,45,45,21,45,51,77,72,72,48,80,66,67,48,48,48,29,29,29,29,29,15,39,39,10,34,0],"gold":61,"neow_bonus":"RANDOM_COMMON_RELIC","is_prod":false,"is_daily":false,"chose_seed":false,"campfire_upgraded":3,"win_rate":0,"timestamp":1539108513,"path_taken":["M","M","M","M","M","E","M","M","T","E","R","M","?","M","R","BOSS","M","M","M","$","?","M","?","R","T","R","?","R","?","E","R","BOSS"],"build_version":"2018-10-04v2","purchased_purges":1,"victory":false,"max_hp_per_floor":[80,80,80,80,80,80,80,80,80,80,80,80,80,80,80,80,80,80,80,80,80,80,80,80,80,80,80,80,80,80,80,80,80],"card_choices":[{"not_picked":["Ghostly Armor","Burning Pact","Uppercut"],"picked":"SKIP","floor":1},{"not_picked":["Iron Wave","True Grit"],"picked":"Thunderclap","floor":2},{"not_picked":["Sever Soul","Wild Strike"],"picked":"Pommel Strike","floor":3},{"not_picked":["Seeing Red","Wild Strike"],"picked":"Flex","floor":4},{"not_picked":["Evolve","Pummel"],"picked":"Spot Weakness","floor":5},{"not_picked":["True Grit","Power Through","Bludgeon"],"picked":"SKIP","floor":6},{"not_picked":["Combust","Iron Wave"],"picked":"Headbutt","floor":7},{"not_picked":["Sword Boomerang","Twin Strike"],"picked":"Inflame","floor":8},{"not_picked":["Havoc","Twin Strike","Immolate"],"picked":"SKIP","floor":10},{"not_picked":["Perfected Strike","Thunderclap"],"picked":"Rampage","floor":12},{"not_picked":["Uppercut","Ghostly Armor","Wild Strike"],"picked":"SKIP","floor":14},{"not_picked":["Flex","Headbutt"],"picked":"Armaments","floor":18},{"not_picked":["Thunderclap","Sever Soul","Havoc+1"],"picked":"SKIP","floor":19},{"not_picked":["Immolate","Clothesline","Heavy Blade+1"],"picked":"SKIP","floor":20},{"not_picked":["Entrench","Havoc+1","Anger"],"picked":"SKIP","floor":23},{"not_picked":["Anger","Barricade","Perfected Strike+1"],"picked":"SKIP","floor":28},{"not_picked":["Warcry","Battle Trance"],"picked":"Double Tap","floor":31}],"player_experience":102295,"relics_obtained":[{"floor":6,"key":"MawBank"},{"floor":9,"key":"Dodecahedron"},{"floor":10,"key":"Calipers"},{"floor":26,"key":"Whetstone"},{"floor":31,"key":"Dream Catcher"}],"event_choices":[{"event_name":"Big Fish","player_choice":"Banana","floor":13,"damage_taken":0},{"event_name":"Vampires","player_choice":"Ignored","floor":22,"damage_taken":0},{"event_name":"N\u0027loth","player_choice":"Traded a War Paint","floor":24,"damage_taken":0}],"is_beta":false,"boss_relics":[{"not_picked":["Ectoplasm","Mark of Pain"],"picked":"Pandora\u0027s Box"}],"items_purged_floors":[21],"is_endless":false,"potions_floor_spawned":[1,3,10,12,14,28],"killed_by":"Champ","ascension_level":0}