{"path_per_floor":["M","$","M","M","M","R","?","R","T","M","E","?","?","$","R","B",null,"M","?","?","$","?","R","E","M","T","M","R","?","R","?","R","B",null,"M","$","?","?","M","R","M","M","T","R","M","R","?","?","R"],"character_chosen":"THE_SILENT","items_purchased":["Oddly Smooth Stone","Bronze Scales","Happy Flower"],"gold_per_floor":[369,3,18,35,52,52,52,52,102,120,149,215,215,70,70,173,173,190,105,30,30,30,30,55,69,96,115,115,115,115,115,115,219,219,235,135,135,0,16,16,36,47,115,115,127,127,127,127,127],"floor_reached":50,"campfire_rested":3,"playtime":3543,"current_hp_per_floor":[70,70,70,69,69,69,69,69,69,68,55,55,55,55,55,48,70,60,60,60,60,60,60,47,47,47,39,60,60,60,60,60,70,70,56,56,46,46,41,62,52,40,40,40,24,45,45,45,45],"items_purged":["Clumsy","Writhe"],"gold":127,"play_id":"9532f974-ece2-4455-8160-f629d771fc8f","is_prod":false,"is_daily":false,"is_ascension_mode":false,"campfire_upgraded":8,"path_taken":["M","$","M","M","M","R","?","R","T","?","E","?","?","$","R","BOSS","M","?","?","$","?","R","E","M","T","M","R","?","R","?","R","BOSS","M","$","?","?","M","R","M","M","T","R","M","R","?","?","R","BOSS"],"build_version":"2018-01-25-PROD3","purchased_purges":2,"victory":false,"master_deck":["Defend_G+1","Defend_G+1","Defend_G+1","Defend_G+1","Survivor","Neutralize+1","Slice","Noxious Fumes+1","Poisoned Stab","Bane","Masterful Stab","Deadly Poison","Neutralize+1","Envenom+1","Backflip+1","Poisoned Stab+1","Deadly Poison+1","Prepared+1","Bite_G","Bite_G","Bite_G","Bite_G","Bite_G","Adrenaline+1","Prepared","Madness+1","Madness","Backstab+1","Well Laid Plans"],"max_hp_per_floor":[70,70,70,70,70,70,70,70,70,70,70,70,70,70,70,70,70,70,70,70,70,70,70,70,70,70,70,70,70,70,70,70,70,70,70,70,70,70,70,70,70,70,70,70,70,70,70,70,70],"relics":["Ring of the Snake","Oddly Smooth Stone","Bronze Scales","Snake Skull","Happy Flower","Runic Dome","Juzu Bracelet","Tough Bandages","Dream Catcher","Paper Crane","The Specimen","Red Mask","Dodecahedron"],"card_choices":[{"not_picked":["Dodge and Roll","Eviscerate"],"picked":"Slice"},{"not_picked":["Slice","Dagger Throw"],"picked":"Noxious Fumes"},{"not_picked":["Cloak And Dagger","Prepared"],"picked":"Poisoned Stab"},{"not_picked":["Deflect","Caltrops"],"picked":"Bane"},{"not_picked":["A Thousand Cuts","Malaise"],"picked":"Deadly Poison"},{"not_picked":["A Thousand Cuts","Storm of Steel"],"picked":"Envenom"},{"not_picked":["Dagger Throw","Dodge and Roll"],"picked":"Backflip"},{"not_picked":["Dagger Throw","Quick Slash"],"picked":"Poisoned Stab"},{"not_picked":["Bane","Underhanded Strike"],"picked":"Deadly Poison"},{"not_picked":["Cloak And Dagger","Die Die Die"],"picked":"Prepared"},{"not_picked":["Tactician","Unload"],"picked":"Adrenaline"},{"not_picked":["Backflip","Flying Knee"],"picked":"Prepared"},{"not_picked":["Flying Knee","PiercingWail"],"picked":"Backstab"},{"not_picked":["Accuracy","Bane"],"picked":"Well Laid Plans"}],"player_experience":101394,"potions_floor_usage":[11,33,33,35,42,50,50],"damage_taken":[{"damage":0,"enemies":"Blue Slaver","floor":1,"turns":7},{"damage":0,"enemies":"Cultist","floor":3,"turns":3},{"damage":1,"enemies":"Jaw Worm","floor":4,"turns":3},{"damage":0,"enemies":"2 Fungi Beasts","floor":5,"turns":3},{"damage":1,"enemies":"Exordium Thugs","floor":10,"turns":4},{"damage":13,"enemies":"Lagavulin","floor":11,"turns":4},{"damage":9,"enemies":"The Guardian","floor":16,"turns":7},{"damage":10,"enemies":"2 Thieves","floor":18,"turns":4},{"damage":15,"enemies":"Book of Stabbing","floor":24,"turns":4},{"damage":2,"enemies":"Spheric Guardian","floor":25,"turns":4},{"damage":10,"enemies":"3 Cultists","floor":27,"turns":4},{"damage":0,"enemies":"Automaton","floor":33,"turns":6},{"damage":16,"enemies":"3 Shapes","floor":35,"turns":3},{"damage":11,"enemies":"3 Darklings","floor":39,"turns":4},{"damage":18,"enemies":"Sphere and 2 Shapes","floor":41,"turns":4},{"damage":22,"enemies":"4 Shapes","floor":42,"turns":4},{"damage":26,"enemies":"3 Darklings","floor":45,"turns":4},{"damage":50,"enemies":"Donu and Deca","floor":50,"turns":5}],"event_choices":[{"event_name":"Transmorgrifier","player_choice":"Transform","floor":7,"damage_taken":0},{"event_name":"Golden Wing","player_choice":"Gained Gold","floor":12,"damage_taken":0},{"event_name":"Match and Keep!","player_choice":"1 cards matched","floor":13,"damage_taken":0},{"event_name":"Addict","player_choice":"Obtained Relic","floor":19,"damage_taken":0},{"event_name":"Beggar","player_choice":"Gave Gold","floor":20,"damage_taken":0},{"event_name":"Back to Basics","player_choice":"Simplicity","floor":22,"damage_taken":0},{"event_name":"The Mausoleum","player_choice":"Yes","floor":29,"damage_taken":0},{"event_name":"Vampires","player_choice":"Became a vampire (Vial)","floor":31,"damage_taken":0},{"event_name":"Winding Halls","player_choice":"Embrace Madness","floor":37,"damage_taken":0},{"event_name":"Tomb of Lord Red Mask","player_choice":"Paid","floor":38,"damage_taken":0},{"event_name":"Mysterious Sphere","player_choice":"Ignore","floor":48,"damage_taken":0}],"boss_relics":[{"not_picked":["Black Star","Astrolabe"],"picked":"Runic Dome"},{"not_picked":["Pandora\u0027s Box","Lizard Tail"],"picked":"The Specimen"}],"potions_floor_spawned":[4,10,25,27,35,41,42],"seed_played":"3711263610367976380","killed_by":"Donu and Deca","ascension_level":0,"is_trial":false}