{"gold_per_floor":[19,19,30,30,30,30,40,40,40,73,73,106,106],"floor_reached":13,"playtime":333,"items_purged":[],"score":132,"play_id":"733e68f1-657d-43d7-a800-01c6d90ee464","local_time":"20181220173720","is_ascension_mode":true,"campfire_choices":[{"data":"Echo Form","floor":6,"key":"SMITH"},{"data":"Zap","floor":8,"key":"SMITH"},{"data":"Consume","floor":11,"key":"SMITH"}],"neow_cost":"NO_GOLD","seed_source_timestamp":31972297954900,"circlet_count":0,"master_deck":["Strike_B","Strike_B","Strike_B","Strike_B","Defend_B","Defend_B","Defend_B","Defend_B","Zap+1","Dualcast","Echo Form+1","Cold Snap","Consume+1","Coolheaded"],"relics":["Cracked Core","Meat on the Bone","Mercury Hourglass","Boot","Bottled Lightning"],"potions_floor_usage":[],"damage_taken":[{"damage":0,"enemies":"Cultist","floor":1,"turns":4},{"damage":7,"enemies":"2 Louse","floor":3,"turns":3},{"damage":5,"enemies":"Small Slimes","floor":7,"turns":5},{"damage":20,"enemies":"Lagavulin","floor":10,"turns":7},{"damage":33,"enemies":"Gremlin Nob","floor":12,"turns":4},{"damage":32,"enemies":"Gremlin Gang","floor":13,"turns":3}],"seed_played":"-7250788401563115758","potions_obtained":[{"floor":7,"key":"GamblersBrew"}],"is_trial":false,"path_per_floor":["M","$","M","T","?","R","M","R","T","E","R","E","M"],"character_chosen":"DEFECT","items_purchased":[],"campfire_rested":0,"item_purchase_floors":[],"current_hp_per_floor":[68,68,61,61,61,61,56,56,56,48,48,27,0],"gold":106,"neow_bonus":"THREE_RARE_CARDS","is_prod":false,"is_daily":false,"chose_seed":false,"campfire_upgraded":3,"win_rate":0,"timestamp":1545323840,"path_taken":["M","?","M","?","?","R","M","R","T","E","R","E","M"],"build_version":"2018-12-13","purchased_purges":0,"victory":false,"max_hp_per_floor":[75,75,75,75,75,75,75,75,75,75,75,75,75],"card_choices":[{"not_picked":["Creative AI","Multi-Cast"],"picked":"Echo Form","floor":0},{"not_picked":["Rebound","Gash","Ball Lightning"],"picked":"SKIP","floor":1},{"not_picked":["Darkness","Barrage"],"picked":"Cold Snap","floor":3},{"not_picked":["Leap","Undo","Barrage"],"picked":"SKIP","floor":7},{"not_picked":["Go for the Eyes","White Noise","Undo"],"picked":"SKIP","floor":10},{"not_picked":["Rip and Tear","Turbo"],"picked":"Coolheaded","floor":12}],"player_experience":292279,"relics_obtained":[{"floor":4,"key":"Meat on the Bone"},{"floor":9,"key":"Mercury Hourglass"},{"floor":10,"key":"Boot"},{"floor":12,"key":"Bottled Lightning"}],"event_choices":[{"damage_healed":0,"gold_gain":0,"player_choice":"1 cards matched","damage_taken":0,"max_hp_gain":0,"max_hp_loss":0,"event_name":"Match and Keep!","floor":5,"gold_loss":0,"cards_obtained":["Consume"]}],"is_beta":false,"boss_relics":[],"items_purged_floors":[],"is_endless":false,"potions_floor_spawned":[7],"killed_by":"Gremlin Gang","ascension_level":9}