{"path_per_floor":["M","M","M","M","M","R","E","R","T","?","R","$","?","M","R","B",null,"M","M","M","M"],"character_chosen":"DEFECT","items_purchased":[],"gold_per_floor":[109,121,134,152,165,165,200,200,200,200,200,125,155,176,176,299,299,324,347,372,387,387],"floor_reached":22,"campfire_rested":2,"playtime":835,"item_purchase_floors":[],"current_hp_per_floor":[63,58,53,53,8,30,13,35,35,35,35,35,35,31,31,12,75,67,60,36,7,0],"items_purged":["Injury"],"gold":387,"score":209,"play_id":"1a6ec98a-7e2b-470a-b56e-201968c9ec3c","local_time":"20180622001918","is_prod":false,"is_daily":false,"chose_seed":false,"is_ascension_mode":true,"campfire_upgraded":2,"win_rate":0,"timestamp":1529619558,"campfire_choices":[{"floor":6,"key":"REST"},{"floor":8,"key":"REST"},{"data":"Streamline","floor":11,"key":"SMITH"},{"data":"Zap","floor":15,"key":"SMITH"}],"path_taken":["M","M","M","M","M","R","E","R","T","?","R","$","?","M","R","BOSS","M","M","M","M","M"],"build_version":"2018-06-14v2","seed_source_timestamp":38282862045900,"purchased_purges":1,"victory":false,"master_deck":["Strike_B","Strike_B","Strike_B","Strike_B","Defend_B","Defend_B","Defend_B","Defend_B","Zap+1","Dualcast","Genetic Algorithm","Storm","Streamline+1","Consume+1","Biased Cognition","Storm","Double Energy+1"],"max_hp_per_floor":[75,75,75,75,75,75,75,75,75,75,75,75,75,75,75,75,75,75,75,75,75,75],"relics":["Cracked Core","Bag of Marbles","Bird Faced Urn","Toxic Egg 2","Golden Idol","Nuclear Battery"],"card_choices":[{"not_picked":["Reinforced Body","Beam Cell"],"picked":"Genetic Algorithm","floor":1},{"not_picked":["Coolheaded","Ball Lightning"],"picked":"Storm","floor":2},{"not_picked":["Sweeping Beam","Ball Lightning","Conserve Battery"],"picked":"SKIP","floor":3},{"not_picked":["Stack","Go for the Eyes","Hello World"],"picked":"SKIP","floor":4},{"not_picked":["Beam Cell","Turbo"],"picked":"Streamline","floor":5},{"not_picked":["Coolheaded","Steam","Hello World"],"picked":"SKIP","floor":7},{"not_picked":["Rebound","Stack+1"],"picked":"Consume+1","floor":14},{"not_picked":["Meteor Strike","Hyperbeam"],"picked":"Biased Cognition","floor":16},{"not_picked":["Barrage","Rebound","Cold Snap"],"picked":"SKIP","floor":18},{"not_picked":["Reinforced Body+1","Aggregate+1"],"picked":"Storm","floor":19},{"not_picked":["Recycle+1","Stack+1","Lockon"],"picked":"SKIP","floor":20},{"not_picked":["Sweeping Beam","Fusion+1"],"picked":"Double Energy+1","floor":21}],"player_experience":381312,"potions_floor_usage":[4,7,16,21],"damage_taken":[{"damage":12,"enemies":"Jaw Worm","floor":1,"turns":3},{"damage":5,"enemies":"Small Slimes","floor":2,"turns":3},{"damage":5,"enemies":"2 Louse","floor":3,"turns":3},{"damage":0,"enemies":"Exordium Thugs","floor":4,"turns":3},{"damage":45,"enemies":"Exordium Wildlife","floor":5,"turns":7},{"damage":17,"enemies":"3 Sentries","floor":7,"turns":6},{"damage":4,"enemies":"Red Slaver","floor":14,"turns":3},{"damage":19,"enemies":"Slime Boss","floor":16,"turns":10},{"damage":10,"enemies":"Chosen","floor":18,"turns":4},{"damage":11,"enemies":"Spheric Guardian","floor":19,"turns":3},{"damage":30,"enemies":"Chosen and Byrds","floor":20,"turns":5},{"damage":33,"enemies":"Snecko","floor":21,"turns":5},{"damage":18,"enemies":"Snake Plant","floor":22,"turns":2}],"relics_obtained":[{"floor":7,"key":"Bird Faced Urn"},{"floor":9,"key":"Toxic Egg 2"}],"event_choices":[{"event_name":"Golden Idol","player_choice":"Take Wound","floor":10,"damage_taken":0},{"event_name":"Dead Adventurer","player_choice":"Searched \u00272\u0027 times","floor":13,"damage_taken":0}],"boss_relics":[{"not_picked":["Sozu","Runic Dome"],"picked":"Nuclear Battery"}],"items_purged_floors":[12],"is_endless":false,"potions_floor_spawned":[1,5,7,14,16,20],"seed_played":"9140966214847175602","killed_by":"Snake Plant","ascension_level":2,"potions_obtained":[{"floor":1,"key":"AttackPotion"},{"floor":5,"key":"GamblersBrew"},{"floor":7,"key":"FairyPotion"},{"floor":14,"key":"EssenceOfSteel"},{"floor":16,"key":"FearPotion"},{"floor":20,"key":"FearPotion"}],"is_trial":false}