{"gold_per_floor":[119,136,156,168,168,197,48,61,61,11,65,77,77,27,27,132,132,144,144,157,12,26,26,54,74,74,84,0,0],"floor_reached":29,"playtime":1339,"items_purged":["Strike_G","Strike_G"],"score":247,"play_id":"7ab3b7ba-65a5-48c4-8574-9ebbfa88b565","local_time":"20190215155337","is_ascension_mode":false,"campfire_choices":[{"floor":13,"key":"REST"},{"floor":15,"key":"REST"},{"data":"Phantasmal Killer","floor":23,"key":"SMITH"}],"neow_cost":"NONE","seed_source_timestamp":12943561841524,"circlet_count":0,"master_deck":["Defend_G","Defend_G","Defend_G","Defend_G","Defend_G","Strike_G","Strike_G","Strike_G","Survivor","Neutralize","Catalyst","Bane","Distraction","Dagger Spray","Bouncing Flask","Footwork","Choke","Terror","Phantasmal Killer+1","Backflip+1","Cloak And Dagger","Leg Sweep","Grand Finale","Flying Knee+1","Skewer+1","Deflect"],"relics":["Velvet Choker","Smiling Mask","PreservedInsect","Eternal Feather","Bag of Marbles","Mercury Hourglass"],"potions_floor_usage":[6,12,22,22,29,29],"damage_taken":[{"damage":0,"enemies":"2 Louse","floor":1,"turns":3},{"damage":0,"enemies":"Cultist","floor":2,"turns":5},{"damage":0,"enemies":"Jaw Worm","floor":3,"turns":4},{"damage":9,"enemies":"Looter","floor":4,"turns":4},{"damage":37,"enemies":"3 Sentries","floor":6,"turns":11},{"damage":16,"enemies":"Large Slime","floor":8,"turns":4},{"damage":0,"enemies":"Blue Slaver","floor":12,"turns":4},{"damage":8,"enemies":"Slime Boss","floor":16,"turns":7},{"damage":11,"enemies":"Spheric Guardian","floor":18,"turns":4},{"damage":2,"enemies":"3 Byrds","floor":20,"turns":6},{"damage":13,"enemies":"Snake Plant","floor":22,"turns":10},{"damage":34,"enemies":"Book of Stabbing","floor":24,"turns":7},{"damage":8,"enemies":"Centurion and Healer","floor":25,"turns":6},{"damage":0,"enemies":"Snecko","floor":27,"turns":2},{"damage":25,"enemies":"Snake Plant","floor":29,"turns":3}],"seed_played":"-3269289368801271642","potions_obtained":[{"floor":1,"key":"Weak Potion"},{"floor":2,"key":"FearPotion"},{"floor":5,"key":"Energy Potion"},{"floor":8,"key":"Regen Potion"},{"floor":16,"key":"Swift Potion"},{"floor":22,"key":"GamblersBrew"},{"floor":24,"key":"LiquidBronze"}],"is_trial":false,"path_per_floor":["M","M","M","M","?","E","$","M","T","$","?","M","R","$","R","B",null,"M","?","M","$","M","R","E","M","T","M","?","M"],"character_chosen":"THE_SILENT","items_purchased":["Bouncing Flask","Footwork","Leg Sweep","Grand Finale"],"campfire_rested":2,"item_purchase_floors":[7,7,21,21],"current_hp_per_floor":[70,70,70,61,61,24,24,8,8,8,8,20,41,41,62,54,70,59,70,68,68,55,67,33,25,25,25,25,0],"gold":0,"neow_bonus":"BOSS_RELIC","is_prod":false,"is_daily":false,"chose_seed":false,"campfire_upgraded":1,"win_rate":0,"timestamp":1550267617,"path_taken":["M","M","M","M","?","E","?","M","T","$","?","M","R","?","R","BOSS","M","?","M","$","M","R","E","M","T","M","?","M"],"build_version":"2019-01-23","purchased_purges":2,"victory":false,"max_hp_per_floor":[70,70,70,70,70,70,70,70,70,70,70,70,70,70,70,70,70,70,70,70,70,70,70,70,70,70,70,70,70],"card_choices":[{"not_picked":["Blur","Finisher"],"picked":"Catalyst","floor":1},{"not_picked":["Tactician","Finisher","Reflex"],"picked":"SKIP","floor":2},{"not_picked":["Dagger Throw","Sucker Punch"],"picked":"Bane","floor":3},{"not_picked":["Blade Dance","Dagger Throw"],"picked":"Distraction","floor":4},{"not_picked":["Dodge and Roll","Underhanded Strike"],"picked":"Dagger Spray","floor":6},{"not_picked":["All Out Attack","Deflect"],"picked":"Choke","floor":8},{"not_picked":["Deadly Poison","Blade Dance"],"picked":"Terror","floor":12},{"not_picked":["Adrenaline","Tools of the Trade"],"picked":"Phantasmal Killer","floor":16},{"not_picked":["Deflect","Dagger Throw"],"picked":"Backflip+1","floor":18},{"not_picked":["Dodge and Roll","Acrobatics"],"picked":"Cloak And Dagger","floor":20},{"not_picked":["Prepared","Sucker Punch"],"picked":"Flying Knee+1","floor":22},{"not_picked":["Reflex+1","Acrobatics+1"],"picked":"Skewer+1","floor":24},{"not_picked":["Bane","Acrobatics+1","Underhanded Strike"],"picked":"SKIP","floor":25},{"not_picked":["Poisoned Stab","Dagger Throw"],"picked":"Deflect","floor":27}],"player_experience":139685,"relics_obtained":[{"floor":6,"key":"Smiling Mask"},{"floor":9,"key":"PreservedInsect"},{"floor":24,"key":"Bag of Marbles"},{"floor":26,"key":"Mercury Hourglass"}],"event_choices":[{"damage_healed":0,"gold_gain":0,"player_choice":"Got Potions","damage_taken":0,"max_hp_gain":0,"max_hp_loss":0,"event_name":"Lab","floor":5,"gold_loss":0},{"damage_healed":0,"gold_gain":54,"player_choice":"Gained Gold","damage_taken":0,"max_hp_gain":0,"max_hp_loss":0,"event_name":"Golden Wing","floor":11,"gold_loss":0},{"damage_healed":23,"gold_gain":0,"player_choice":"Heal","damage_taken":0,"max_hp_gain":0,"max_hp_loss":0,"event_name":"The Library","floor":19,"gold_loss":0},{"damage_healed":0,"gold_gain":0,"player_choice":"Paid Fearfully","damage_taken":0,"max_hp_gain":0,"max_hp_loss":0,"event_name":"Masked Bandits","floor":28,"gold_loss":84}],"is_beta":false,"boss_relics":[{"not_picked":["Runic Dome","Tiny House"],"picked":"Eternal Feather"}],"items_purged_floors":[10,14],"is_endless":false,"potions_floor_spawned":[1,2,8,16,18,22,24],"killed_by":"Snake Plant","ascension_level":0}