{"gold_per_floor":[117,132,143,158,169,169,181,211,285,285,295,295,295,321,321,395,395,414,425,328,328,339,339,339,339,394,394,413,429,444,79,79,153,203,216,216,166,49,63,63,82,82,128,142,142,154,205,205,205,205],"floor_reached":51,"playtime":2117,"items_purged":["Strike_B","Writhe","Auto Shields"],"score":1131,"play_id":"47e8865e-9c47-4b84-a442-5c1c05da0888","local_time":"20181226124813","is_ascension_mode":true,"campfire_choices":[{"data":"Dualcast","floor":6,"key":"SMITH"},{"data":"Conserve Battery","floor":10,"key":"SMITH"},{"data":"Chill","floor":13,"key":"SMITH"},{"data":"Genetic Algorithm","floor":15,"key":"SMITH"},{"data":"Biased Cognition","floor":23,"key":"SMITH"},{"data":"Coolheaded","floor":25,"key":"SMITH"},{"data":"Defragment","floor":32,"key":"SMITH"},{"data":"Defragment","floor":40,"key":"SMITH"},{"data":"Loop","floor":42,"key":"SMITH"},{"data":"Blizzard","floor":45,"key":"SMITH"},{"data":"Loop","floor":49,"key":"SMITH"}],"neow_cost":"NONE","seed_source_timestamp":445809140029100,"circlet_count":0,"master_deck":["AscendersBane","Strike_B+1","Strike_B+1","Strike_B+1","Defend_B+1","Defend_B+1","Defend_B+1","Defend_B+1","Zap+1","Dualcast+1","Compile Driver","Cold Snap","Chill+1","Conserve Battery+1","Cold Snap","Ball Lightning","Genetic Algorithm+1","Biased Cognition+1","Coolheaded+1","Coolheaded+1","Consume+1","Blizzard+1","Defragment+1","Loop+1","Defragment+1","Core Surge","Force Field+1","Loop+1","Glacier","Compile Driver","Genetic Algorithm+1"],"relics":["Cracked Core","Centennial Puzzle","Cables","Mercury Hourglass","Philosopher\u0027s Stone","StoneCalendar","Tiny Chest","Omamori","Bird Faced Urn","Tiny House","Smiling Mask","Orichalcum","Du-Vu Doll"],"potions_floor_usage":[8,28,47,47],"damage_taken":[{"damage":1,"enemies":"Cultist","floor":1,"turns":3},{"damage":7,"enemies":"Jaw Worm","floor":2,"turns":3},{"damage":0,"enemies":"Small Slimes","floor":3,"turns":2},{"damage":7,"enemies":"Blue Slaver","floor":4,"turns":3},{"damage":5,"enemies":"Red Slaver","floor":5,"turns":4},{"damage":0,"enemies":"Exordium Thugs","floor":7,"turns":5},{"damage":4,"enemies":"Gremlin Nob","floor":8,"turns":3},{"damage":0,"enemies":"Gremlin Gang","floor":11,"turns":4},{"damage":0,"enemies":"3 Sentries","floor":14,"turns":6},{"damage":10,"enemies":"Hexaghost","floor":16,"turns":9},{"damage":11,"enemies":"Shell Parasite","floor":18,"turns":5},{"damage":0,"enemies":"Spheric Guardian","floor":19,"turns":4},{"damage":0,"enemies":"Shelled Parasite and Fungi","floor":22,"turns":6},{"damage":0,"enemies":"Snecko","floor":28,"turns":5},{"damage":0,"enemies":"Snake Plant","floor":29,"turns":4},{"damage":0,"enemies":"Sentry and Sphere","floor":30,"turns":5},{"damage":20,"enemies":"Automaton","floor":33,"turns":12},{"damage":0,"enemies":"3 Shapes","floor":35,"turns":4},{"damage":2,"enemies":"3 Darklings","floor":39,"turns":6},{"damage":0,"enemies":"4 Shapes","floor":41,"turns":7},{"damage":0,"enemies":"Sphere and 2 Shapes","floor":44,"turns":7},{"damage":8,"enemies":"Jaw Worm Horde","floor":46,"turns":6},{"damage":7,"enemies":"2 Orb Walkers","floor":47,"turns":7},{"damage":3,"enemies":"Donu and Deca","floor":50,"turns":12}],"seed_played":"4352179030626577381","potions_obtained":[{"floor":1,"key":"Fire Potion"},{"floor":7,"key":"Ancient Potion"},{"floor":8,"key":"Fire Potion"},{"floor":29,"key":"Weak Potion"},{"floor":44,"key":"Swift Potion"}],"is_trial":false,"path_per_floor":["M","M","M","M","M","R","M","E","T","R","M","?","R","E","R","B",null,"M","M","$","?","M","R","?","R","T","T","M","M","M","$","R","B",null,"M","T","$","$","M","R","M","R","T","M","R","M","?","?","R","B",null],"character_chosen":"DEFECT","items_purchased":["Coolheaded","Bird Faced Urn","Defragment","Loop"],"campfire_rested":0,"item_purchase_floors":[20,31,31,38],"current_hp_per_floor":[63,56,56,49,44,44,44,40,40,40,40,40,40,40,40,30,61,50,50,50,50,50,50,50,50,50,50,50,50,50,50,50,38,68,74,74,74,74,76,76,76,76,76,76,76,74,75,75,75,76],"gold":205,"neow_bonus":"UPGRADE_CARD","is_prod":false,"is_daily":false,"chose_seed":false,"campfire_upgraded":11,"win_rate":0,"timestamp":1545824893,"path_taken":["M","M","?","M","M","R","M","E","T","R","M","?","R","E","R","BOSS","M","?","$","?","M","R","?","R","T","?","M","M","M","$","R","BOSS","M","?","?","$","?","R","M","R","T","M","R","M","?","?","R","BOSS"],"build_version":"2018-12-20","purchased_purges":3,"victory":true,"max_hp_per_floor":[71,71,71,71,71,71,71,71,71,71,71,71,71,71,71,71,71,71,71,71,71,71,71,71,71,71,71,71,71,71,71,71,71,76,76,76,76,76,76,76,76,76,76,76,76,76,76,76,76,76],"card_choices":[{"not_picked":["Force Field","Barrage"],"picked":"Compile Driver","floor":1},{"not_picked":["Ball Lightning","Aggregate"],"picked":"Cold Snap","floor":2},{"not_picked":["Doom and Gloom","Beam Cell"],"picked":"Chill","floor":3},{"not_picked":["Barrage","Storm"],"picked":"Conserve Battery","floor":4},{"not_picked":["Hologram","Machine Learning","Heatsinks"],"picked":"SKIP","floor":5},{"not_picked":["Lockon","Leap"],"picked":"Auto Shields","floor":7},{"not_picked":["Go for the Eyes","Rebound"],"picked":"Cold Snap","floor":8},{"not_picked":["Steam","Fusion"],"picked":"Ball Lightning","floor":11},{"not_picked":["Doom and Gloom","Reboot"],"picked":"Genetic Algorithm","floor":14},{"not_picked":["Buffer","All For One"],"picked":"Biased Cognition","floor":16},{"not_picked":["Barrage","Rebound"],"picked":"Coolheaded","floor":18},{"not_picked":["Turbo","Chaos","Sweeping Beam"],"picked":"SKIP","floor":19},{"not_picked":["Go for the Eyes","Chill"],"picked":"Consume+1","floor":22},{"not_picked":["Steam","Go for the Eyes"],"picked":"Blizzard","floor":28},{"not_picked":["Self Repair","Consume"],"picked":"Defragment","floor":29},{"not_picked":["Gash","Cold Snap"],"picked":"Loop","floor":30},{"not_picked":["Machine Learning","Buffer"],"picked":"Core Surge","floor":33},{"not_picked":["Barrage","Turbo"],"picked":"Force Field+1","floor":34},{"not_picked":["Heatsinks","Rebound","Chaos"],"picked":"SKIP","floor":35},{"not_picked":["Barrage","Scrape","Rebound"],"picked":"SKIP","floor":39},{"not_picked":["Rebound+1","Chaos"],"picked":"Glacier","floor":41},{"not_picked":["Streamline","Aggregate","Fusion"],"picked":"SKIP","floor":44},{"not_picked":["Ball Lightning","Static Discharge","Steam"],"picked":"SKIP","floor":46},{"not_picked":["Darkness","Stack"],"picked":"Compile Driver","floor":47}],"player_experience":316970,"relics_obtained":[{"floor":8,"key":"Centennial Puzzle"},{"floor":9,"key":"Cables"},{"floor":14,"key":"Mercury Hourglass"},{"floor":26,"key":"Tiny Chest"},{"floor":27,"key":"Omamori"},{"floor":36,"key":"Smiling Mask"},{"floor":43,"key":"Orichalcum"},{"floor":47,"key":"Du-Vu Doll"}],"event_choices":[{"damage_healed":0,"gold_gain":0,"player_choice":"Bought 0 Potions","damage_taken":0,"max_hp_gain":0,"max_hp_loss":0,"event_name":"The Woman in Blue","floor":12,"gold_loss":0},{"damage_healed":0,"gold_gain":0,"player_choice":"Simplicity","damage_taken":0,"max_hp_gain":0,"max_hp_loss":0,"event_name":"Back to Basics","floor":21,"gold_loss":0,"cards_upgraded":["Strike_B","Strike_B","Strike_B","Defend_B","Defend_B","Defend_B","Defend_B"]},{"damage_healed":0,"gold_gain":0,"player_choice":"Opened","damage_taken":0,"relics_obtained":["StoneCalendar"],"max_hp_gain":0,"max_hp_loss":0,"event_name":"The Mausoleum","floor":24,"gold_loss":0,"cards_obtained":["Writhe"]},{"damage_healed":0,"gold_gain":0,"player_choice":"Fight","damage_taken":0,"max_hp_gain":0,"max_hp_loss":0,"event_name":"Mysterious Sphere","floor":47,"gold_loss":0},{"damage_healed":0,"gold_gain":0,"player_choice":"Copied","damage_taken":0,"max_hp_gain":0,"max_hp_loss":0,"event_name":"Duplicator","floor":48,"gold_loss":0,"cards_obtained":["Genetic Algorithm"]}],"is_beta":false,"boss_relics":[{"not_picked":["Fusion Hammer","Ectoplasm"],"picked":"Philosopher\u0027s Stone"},{"not_picked":["Busted Crown","Eternal Feather"],"picked":"Tiny House"}],"items_purged_floors":[20,37,38],"is_endless":false,"potions_floor_spawned":[1,7,8,14,22,29,33,35,44],"ascension_level":14}