{"path_per_floor":["M","?","M","?","?","R","E","R","T","R","M","M","M","M","R"],"character_chosen":"THE_SILENT","items_purchased":[],"gold_per_floor":[14,114,124,124,124,124,159,159,159,159,177,197,211,235,235],"floor_reached":16,"campfire_rested":0,"playtime":1077,"current_hp_per_floor":[70,70,69,52,52,52,39,39,39,39,39,39,38,33,33],"items_purged":[],"gold":235,"score":102,"play_id":"eab37928-5d1a-4523-981b-8585ece58fd0","local_time":"20180307220536","is_prod":false,"is_daily":false,"is_ascension_mode":false,"campfire_upgraded":4,"timestamp":1520456736,"path_taken":["M","?","M","?","?","R","E","R","T","R","M","?","M","M","R","BOSS"],"build_version":"2018-03-01-PROD1","purchased_purges":0,"victory":false,"master_deck":["Defend_G","Defend_G","Defend_G","Defend_G","Defend_G","Strike_G","Strike_G","Strike_G","Strike_G","Strike_G","Survivor","Neutralize+1","Envenom+1","Prepared","Underhanded Strike","Riddle With Holes+1","Blur","A Thousand Cuts+1","Bouncing Flask","Prepared"],"max_hp_per_floor":[70,70,70,70,70,70,70,70,70,70,70,70,70,70,70],"relics":["Ring of the Snake","Golden Idol","Snake Skull","Dodecahedron"],"card_choices":[{"not_picked":["Wraith Form","Adrenaline"],"picked":"Envenom"},{"not_picked":["Backflip","Slice"],"picked":"Prepared"},{"not_picked":["Flying Knee","Deflect"],"picked":"Underhanded Strike"},{"not_picked":["Quick Slash","Dodge and Roll"],"picked":"Riddle With Holes"},{"not_picked":["Bane","Poisoned Stab"],"picked":"Blur"},{"not_picked":["Outmaneuver","Prepared"],"picked":"A Thousand Cuts"},{"not_picked":["Backflip","Cloak And Dagger"],"picked":"Bouncing Flask"},{"not_picked":["Deflect","Masterful Stab"],"picked":"Prepared"}],"player_experience":183779,"potions_floor_usage":[7],"damage_taken":[{"damage":0,"enemies":"Jaw Worm","floor":1,"turns":6},{"damage":1,"enemies":"Cultist","floor":3,"turns":5},{"damage":28,"enemies":"3 Sentries","floor":7,"turns":15},{"damage":0,"enemies":"2 Louse","floor":11,"turns":2},{"damage":0,"enemies":"2 Fungi Beasts","floor":12,"turns":4},{"damage":1,"enemies":"Red Slaver","floor":13,"turns":3},{"damage":5,"enemies":"3 Louse","floor":14,"turns":3},{"damage":33,"enemies":"Slime Boss","floor":16,"turns":7}],"event_choices":[{"event_name":"Wheel of Change","player_choice":"Gold","floor":2,"damage_taken":0},{"event_name":"Golden Idol","player_choice":"Take Damage","floor":4,"damage_taken":0},{"event_name":"Liars Game","player_choice":"disagreed","floor":5,"damage_taken":0}],"boss_relics":[],"potions_floor_spawned":[3,7,14],"seed_played":"8396476192257007655","killed_by":"Slime Boss","ascension_level":0,"is_trial":false}