{"gold_per_floor":[110,185,87,97,113,113,142,142,142,142,157,157,188,200,200,299,299,318,338,338,352,352,352,380,400,423,72,72,83,116,116,116,221,221,236,236,236,144,197,197],"floor_reached":40,"playtime":1492,"items_purged":["Writhe","Writhe"],"score":547,"play_id":"c0b83036-2acc-460e-9106-324c2e4c4d70","local_time":"20181114183850","is_ascension_mode":true,"campfire_choices":[{"data":"Shrug It Off","floor":6,"key":"SMITH"},{"data":"Wild Strike","floor":8,"key":"SMITH"},{"floor":12,"key":"DIG"},{"floor":15,"key":"DIG"},{"floor":23,"key":"DIG"},{"floor":32,"key":"DIG"}],"neow_cost":"CURSE","seed_source_timestamp":865344851926226,"circlet_count":0,"master_deck":["Strike_R","Strike_R","Strike_R","Strike_R","Strike_R","Defend_R","Defend_R","Defend_R","Bash","Perfected Strike","Shrug It Off+1","Reaper","Wild Strike+1","Offering","Perfected Strike","Warcry","Reaper","Twin Strike+1","RitualDagger","Perfected Strike","Wild Strike+1","Wild Strike+1","Perfected Strike","Exhume","Bandage Up","Shrug It Off+1"],"relics":["Black Blood","Magic Flower","Sundial","Shovel","Bag of Marbles","Oddly Smooth Stone","Bronze Scales","Fusion Hammer","Pear","Letter Opener","Question Card","Red Skull","Frozen Eye","Juzu Bracelet","Meat on the Bone","Vajra","Bird Faced Urn"],"potions_floor_usage":[14,16,24,25,25,30,33],"damage_taken":[{"damage":0,"enemies":"Small Slimes","floor":1,"turns":3},{"damage":0,"enemies":"Cultist","floor":4,"turns":3},{"damage":0,"enemies":"2 Louse","floor":5,"turns":3},{"damage":44,"enemies":"Gremlin Nob","floor":7,"turns":6},{"damage":8,"enemies":"Exordium Wildlife","floor":11,"turns":3},{"damage":26,"enemies":"Lagavulin","floor":13,"turns":3},{"damage":0,"enemies":"2 Fungi Beasts","floor":14,"turns":1},{"damage":10,"enemies":"The Guardian","floor":16,"turns":10},{"damage":11,"enemies":"2 Thieves","floor":18,"turns":3},{"damage":0,"enemies":"3 Byrds","floor":19,"turns":2},{"damage":27,"enemies":"Sentry and Sphere","floor":21,"turns":5},{"damage":46,"enemies":"Gremlin Leader","floor":24,"turns":6},{"damage":24,"enemies":"Snecko","floor":25,"turns":5},{"damage":16,"enemies":"Centurion and Healer","floor":29,"turns":6},{"damage":14,"enemies":"Book of Stabbing","floor":30,"turns":2},{"damage":89,"enemies":"Champ","floor":33,"turns":7},{"damage":21,"enemies":"3 Shapes","floor":35,"turns":2},{"damage":52,"enemies":"2 Orb Walkers","floor":39,"turns":3},{"damage":118,"enemies":"Giant Head","floor":40,"turns":6}],"seed_played":"722956242262366227","potions_obtained":[{"floor":1,"key":"LiquidBronze"},{"floor":11,"key":"Fire Potion"},{"floor":14,"key":"Fire Potion"},{"floor":16,"key":"PowerPotion"},{"floor":19,"key":"Swift Potion"},{"floor":24,"key":"Fruit Juice"},{"floor":29,"key":"Poison Potion"}],"is_trial":false,"path_per_floor":["M","?","$","M","M","R","E","R","T","?","M","R","E","M","R","B",null,"M","M","?","M","?","R","E","M","T","$","T","M","E","?","R","B",null,"M","?","?","$","?","E"],"character_chosen":"IRONCLAD","items_purchased":["Shrug It Off","Frozen Eye","Fire Potion","Bandage Up"],"campfire_rested":0,"item_purchase_floors":[3,27,27,38],"current_hp_per_floor":[80,69,69,78,80,80,51,51,51,51,58,58,41,50,50,49,80,80,80,90,72,66,66,50,64,64,64,64,93,95,95,95,49,95,95,105,105,105,89,0],"gold":197,"neow_bonus":"ONE_RARE_RELIC","is_prod":false,"is_daily":false,"chose_seed":false,"campfire_upgraded":2,"win_rate":0,"timestamp":1542238730,"path_taken":["M","?","$","M","M","R","E","R","T","?","M","R","E","?","R","BOSS","M","?","?","M","?","R","E","M","T","$","?","M","E","?","R","BOSS","M","?","?","?","?","E"],"build_version":"2018-11-13","purchased_purges":2,"victory":false,"max_hp_per_floor":[80,80,80,80,80,80,80,80,80,80,80,80,80,80,80,80,80,80,80,90,90,90,90,90,95,95,95,95,95,95,95,95,95,95,95,105,105,105,105,105],"card_choices":[{"not_picked":["True Grit","Flex"],"picked":"Perfected Strike","floor":1},{"not_picked":["Armaments","Warcry"],"picked":"Reaper","floor":4},{"not_picked":["Iron Wave","Sentinel","Flex"],"picked":"SKIP","floor":5},{"not_picked":["Inflame","Heavy Blade"],"picked":"Wild Strike","floor":7},{"not_picked":["True Grit","Heavy Blade","Flex"],"picked":"SKIP","floor":11},{"not_picked":["Battle Trance","Thunderclap"],"picked":"Warcry","floor":13},{"not_picked":["Dual Wield","Cleave","Anger"],"picked":"SKIP","floor":14},{"not_picked":["Demon Form","Offering"],"picked":"Reaper","floor":16},{"not_picked":["Clothesline+1","Sword Boomerang","Havoc"],"picked":"SKIP","floor":18},{"not_picked":["Havoc+1","Shrug It Off"],"picked":"Twin Strike+1","floor":19},{"not_picked":["Cleave","Flex","Body Slam"],"picked":"SKIP","floor":21},{"not_picked":["Feel No Pain","Havoc"],"picked":"Reaper","floor":24},{"not_picked":["Sentinel","Cleave","Body Slam"],"picked":"Perfected Strike","floor":25},{"not_picked":["Sentinel+1","Hemokinesis","Battle Trance"],"picked":"Wild Strike+1","floor":29},{"not_picked":["Disarm","Bludgeon","Perfected Strike"],"picked":"Wild Strike+1","floor":30},{"not_picked":["Impervious","Juggernaut","Offering"],"picked":"Exhume","floor":33},{"not_picked":["Headbutt","Bloodletting","Thunderclap","Intimidate+1"],"picked":"SKIP","floor":35},{"not_picked":["Sword Boomerang+1","Headbutt+1","Sentinel+1"],"picked":"Shrug It Off+1","floor":39}],"player_experience":364366,"relics_obtained":[{"floor":7,"key":"Sundial"},{"floor":9,"key":"Shovel"},{"floor":12,"key":"Bag of Marbles"},{"floor":13,"key":"Oddly Smooth Stone"},{"floor":15,"key":"Bronze Scales"},{"floor":23,"key":"Letter Opener"},{"floor":24,"key":"Question Card"},{"floor":26,"key":"Red Skull"},{"floor":28,"key":"Juzu Bracelet"},{"floor":30,"key":"Meat on the Bone"},{"floor":32,"key":"Vajra"},{"floor":39,"key":"Bird Faced Urn"}],"event_choices":[{"damage_healed":0,"gold_gain":75,"player_choice":"Gather Gold","damage_taken":11,"max_hp_gain":0,"max_hp_loss":0,"event_name":"World of Goop","floor":2,"gold_loss":0},{"damage_healed":0,"gold_gain":0,"player_choice":"2 cards matched","damage_taken":0,"max_hp_gain":0,"max_hp_loss":0,"event_name":"Match and Keep!","floor":10,"gold_loss":0,"cards_obtained":["Offering","Perfected Strike"]},{"damage_healed":0,"gold_gain":0,"player_choice":"Opened","damage_taken":0,"relics_obtained":["Pear"],"max_hp_gain":0,"max_hp_loss":0,"event_name":"The Mausoleum","floor":20,"gold_loss":0,"cards_obtained":["Writhe"]},{"damage_healed":0,"gold_gain":0,"player_choice":"Joined the Cult","damage_taken":6,"max_hp_gain":0,"max_hp_loss":0,"event_name":"Nest","floor":22,"gold_loss":0,"cards_obtained":["RitualDagger"]},{"damage_healed":0,"gold_gain":0,"player_choice":"Read","damage_taken":0,"max_hp_gain":0,"max_hp_loss":0,"event_name":"The Library","floor":31,"gold_loss":0,"cards_obtained":["Perfected Strike"]},{"cards_removed":["Reaper"],"damage_healed":0,"gold_gain":0,"player_choice":"Offered Rare","damage_taken":0,"max_hp_gain":10,"max_hp_loss":0,"event_name":"Bonfire Elementals","floor":36,"gold_loss":0},{"cards_removed":["Defend_R"],"damage_healed":0,"gold_gain":0,"player_choice":"Purged","damage_taken":0,"max_hp_gain":0,"max_hp_loss":0,"event_name":"Purifier","floor":37,"gold_loss":0},{"damage_healed":0,"gold_gain":0,"player_choice":"Fight","damage_taken":0,"max_hp_gain":0,"max_hp_loss":0,"event_name":"Mysterious Sphere","floor":39,"gold_loss":0}],"is_beta":true,"boss_relics":[{"not_picked":["Lizard Tail","White Beast Statue"],"picked":"Fusion Hammer"},{"not_picked":["Mark of Pain","Black Star"],"picked":"Black Blood"}],"items_purged_floors":[3,27],"is_endless":false,"potions_floor_spawned":[1,11,14,16,19,24,29],"killed_by":"Giant Head","ascension_level":3}