{"gold_per_floor":[111,124,136,152,44,77,77,88,88,116,116,148,159,159],"floor_reached":14,"playtime":577,"items_purged":["Strike_B"],"score":168,"play_id":"5e3aac66-890e-4bac-84bb-4e17852f1943","local_time":"20190127193319","is_ascension_mode":true,"campfire_choices":[{"data":"Defragment","floor":7,"key":"SMITH"},{"floor":11,"key":"REST"}],"neow_cost":"NONE","seed_source_timestamp":694870721132815,"circlet_count":0,"master_deck":["AscendersBane","Strike_B","Strike_B","Strike_B","Defend_B","Defend_B","Defend_B","Defend_B","Zap","Dualcast","Coolheaded","Self Repair","Loop","Defragment+1","Streamline","Conserve Battery","White Noise","Buffer"],"relics":["Cracked Core","Cables","Juzu Bracelet","Art of War","Shuriken"],"potions_floor_usage":[4,8,12],"damage_taken":[{"damage":2,"enemies":"2 Louse","floor":1,"turns":2},{"damage":7,"enemies":"Jaw Worm","floor":2,"turns":4},{"damage":1,"enemies":"Cultist","floor":3,"turns":3},{"damage":2,"enemies":"3 Louse","floor":4,"turns":3},{"damage":36,"enemies":"3 Sentries","floor":6,"turns":12},{"damage":7,"enemies":"Gremlin Gang","floor":8,"turns":6},{"damage":20,"enemies":"Gremlin Nob","floor":10,"turns":4},{"damage":2,"enemies":"Lagavulin","floor":12,"turns":6},{"damage":25,"enemies":"Large Slime","floor":13,"turns":5},{"damage":47,"enemies":"Gremlin Nob","floor":14,"turns":4}],"seed_played":"3786995465317402297","potions_obtained":[{"floor":2,"key":"Energy Potion"},{"floor":3,"key":"AttackPotion"},{"floor":10,"key":"Weak Potion"},{"floor":13,"key":"Dexterity Potion"}],"is_trial":false,"path_per_floor":["M","M","M","M","$","E","R","M","T","E","R","E","M","E"],"character_chosen":"DEFECT","items_purchased":["Defragment"],"campfire_rested":1,"item_purchase_floors":[5],"current_hp_per_floor":[73,66,72,77,77,48,48,48,48,35,59,64,46,0],"gold":159,"neow_bonus":"TEN_PERCENT_HP_BONUS","is_prod":false,"is_daily":false,"chose_seed":false,"campfire_upgraded":1,"win_rate":0,"timestamp":1548613999,"path_taken":["M","M","M","M","$","E","R","M","T","E","R","E","M","E"],"build_version":"2019-01-23","purchased_purges":1,"victory":false,"max_hp_per_floor":[82,82,82,82,82,82,82,82,82,82,82,82,82,82],"card_choices":[{"not_picked":["Melter","Leap"],"picked":"Coolheaded","floor":1},{"not_picked":["Beam Cell","Coolheaded"],"picked":"Self Repair","floor":2},{"not_picked":["Gash","Scrape","Skim"],"picked":"SKIP","floor":3},{"not_picked":["Steam","Melter"],"picked":"Loop","floor":4},{"not_picked":["Steam Power","Reinforced Body"],"picked":"Streamline","floor":6},{"not_picked":["Steam Power","Steam"],"picked":"Conserve Battery","floor":8},{"not_picked":["Stack","Tempest"],"picked":"White Noise","floor":10},{"not_picked":["Sweeping Beam","Auto Shields"],"picked":"Buffer","floor":12},{"not_picked":["Hello World","Ball Lightning","Conserve Battery"],"picked":"SKIP","floor":13}],"player_experience":700976,"relics_obtained":[{"floor":6,"key":"Cables"},{"floor":9,"key":"Juzu Bracelet"},{"floor":10,"key":"Art of War"},{"floor":12,"key":"Shuriken"}],"event_choices":[],"is_beta":false,"boss_relics":[],"items_purged_floors":[5],"is_endless":false,"potions_floor_spawned":[2,3,10,13],"killed_by":"Gremlin Nob","ascension_level":10}