{"gold_per_floor":[114,114,114,129,129,164,43,53,53,53,65,65,120,138,138,138],"floor_reached":16,"playtime":558,"items_purged":[],"score":132,"play_id":"2d3bdd3c-a812-407c-8d4f-3db88939517d","local_time":"20181109194008","is_ascension_mode":true,"campfire_choices":[{"data":"Zap","floor":10,"key":"SMITH"},{"floor":12,"key":"REST"},{"floor":15,"key":"REST"}],"neow_cost":"NONE","seed_source_timestamp":2550785858341800,"circlet_count":0,"master_deck":["Strike_B","Strike_B","Defend_B","Defend_B","Zap+1","Dualcast","Sweeping Beam","Steam Power","Loop","Capacitor","Streamline","Conserve Battery"],"relics":["Cracked Core","Ornamental Fan","Matryoshka","Tiny Chest"],"potions_floor_usage":[16],"damage_taken":[{"damage":0,"enemies":"Small Slimes","floor":1,"turns":2},{"damage":1,"enemies":"Cultist","floor":4,"turns":3},{"damage":30,"enemies":"3 Sentries","floor":6,"turns":5},{"damage":7,"enemies":"Jaw Worm","floor":8,"turns":3},{"damage":2,"enemies":"Red Slaver","floor":11,"turns":3},{"damage":23,"enemies":"Lagavulin","floor":13,"turns":6},{"damage":10,"enemies":"Looter","floor":14,"turns":3},{"damage":39,"enemies":"Slime Boss","floor":16,"turns":6}],"seed_played":"-2950768185352541573","potions_obtained":[{"floor":1,"key":"FearPotion"},{"floor":8,"key":"Poison Potion"},{"floor":11,"key":"GamblersBrew"}],"is_trial":false,"path_per_floor":["M","?","?","M","?","E","$","M","T","R","M","R","E","M","R","B"],"character_chosen":"DEFECT","items_purchased":["Capacitor","Streamline"],"campfire_rested":2,"item_purchase_floors":[7,7],"current_hp_per_floor":[75,68,68,67,67,37,37,30,30,30,28,50,27,17,39,0],"gold":138,"neow_bonus":"REMOVE_CARD","is_prod":false,"is_daily":false,"chose_seed":false,"campfire_upgraded":1,"win_rate":0,"timestamp":1541788808,"path_taken":["M","?","?","?","?","E","$","M","T","R","?","R","E","M","R","BOSS"],"build_version":"2018-11-08","purchased_purges":0,"victory":false,"max_hp_per_floor":[75,75,75,75,75,75,75,75,75,75,75,75,75,75,75,75],"card_choices":[{"not_picked":["Steam Power","Gash"],"picked":"Sweeping Beam","floor":1},{"not_picked":["Turbo","Gash","Consume"],"picked":"SKIP","floor":4},{"not_picked":["Hyperbeam","Cold Snap"],"picked":"Loop","floor":6},{"not_picked":["Hello World","Static Discharge"],"picked":"Conserve Battery","floor":8},{"not_picked":["Rebound","Sweeping Beam","Steam"],"picked":"SKIP","floor":11},{"not_picked":["Double Energy","Streamline","Undo"],"picked":"SKIP","floor":13},{"not_picked":["Doom and Gloom","Stack","Compile Driver"],"picked":"SKIP","floor":14}],"player_experience":193683,"relics_obtained":[{"floor":6,"key":"Ornamental Fan"},{"floor":9,"key":"Matryoshka"},{"floor":13,"key":"Tiny Chest"}],"event_choices":[{"cards_removed":["Strike_B"],"damage_healed":0,"gold_gain":0,"player_choice":"Card Removal","damage_taken":7,"max_hp_gain":0,"max_hp_loss":0,"event_name":"Golden Wing","floor":2,"gold_loss":0},{"damage_healed":0,"gold_gain":0,"cards_transformed":["Defend_B"],"player_choice":"Transformed","damage_taken":0,"max_hp_gain":0,"max_hp_loss":0,"event_name":"Transmorgrifier","floor":3,"gold_loss":0,"cards_obtained":["Steam Power"]},{"cards_removed":["Defend_B"],"damage_healed":0,"gold_gain":0,"player_choice":"Purged","damage_taken":0,"max_hp_gain":0,"max_hp_loss":0,"event_name":"Purifier","floor":5,"gold_loss":0}],"is_beta":false,"boss_relics":[],"items_purged_floors":[],"is_endless":false,"potions_floor_spawned":[1,8,11],"killed_by":"Slime Boss","ascension_level":4}