{"gold_per_floor":[118,137,137,188,116,126,139,154,154,154,171,171,181,198,198,299,299,318,332,247,47,47,47,47],"floor_reached":24,"playtime":1131,"items_purged":[],"score":190,"play_id":"a2057c76-e7d0-471b-b722-d3d2ea8c9674","local_time":"20190215161242","is_ascension_mode":false,"campfire_choices":[{"data":"Leg Sweep","floor":10,"key":"SMITH"},{"data":"Corpse Explosion","floor":12,"key":"SMITH"},{"data":"Blur","floor":15,"key":"SMITH"},{"data":"A Thousand Cuts","floor":23,"key":"SMITH"}],"neow_cost":"TEN_PERCENT_HP_LOSS","seed_source_timestamp":14296575873498,"circlet_count":0,"master_deck":["Defend_G","Defend_G","Defend_G","Defend_G","Defend_G","Strike_G","Strike_G","Strike_G","Strike_G","Strike_G","Survivor","Neutralize","Corpse Explosion+1","Cloak And Dagger","Blur+1","Leg Sweep+1","Masterful Stab","All Out Attack","Distraction","Cloak And Dagger","Backflip","Blade Dance","A Thousand Cuts+1","Deadly Poison","Calculated Gamble"],"relics":["Ring of the Snake","Happy Flower","Lantern","Eternal Feather","Mummified Hand","Toolbox"],"potions_floor_usage":[11,14,16,19,24],"damage_taken":[{"damage":0,"enemies":"Cultist","floor":1,"turns":4},{"damage":5,"enemies":"Small Slimes","floor":2,"turns":5},{"damage":0,"enemies":"Jaw Worm","floor":6,"turns":6},{"damage":5,"enemies":"Exordium Wildlife","floor":7,"turns":3},{"damage":0,"enemies":"Looter","floor":8,"turns":3},{"damage":0,"enemies":"Red Slaver","floor":11,"turns":4},{"damage":0,"enemies":"2 Fungi Beasts","floor":13,"turns":2},{"damage":0,"enemies":"Large Slime","floor":14,"turns":3},{"damage":55,"enemies":"The Guardian","floor":16,"turns":15},{"damage":3,"enemies":"Spheric Guardian","floor":18,"turns":8},{"damage":0,"enemies":"3 Byrds","floor":19,"turns":4},{"damage":65,"enemies":"Slavers","floor":24,"turns":4}],"seed_played":"-7758111229921382224","potions_obtained":[{"floor":6,"key":"Ancient Potion"},{"floor":8,"key":"SkillPotion"},{"floor":13,"key":"SkillPotion"},{"floor":14,"key":"Regen Potion"},{"floor":18,"key":"Weak Potion"},{"floor":19,"key":"Dexterity Potion"}],"is_trial":false,"path_per_floor":["M","M","?","T","$","M","M","M","T","R","M","R","M","M","R","B",null,"M","M","?","$","?","R","E"],"character_chosen":"THE_SILENT","items_purchased":["Leg Sweep","Toolbox"],"campfire_rested":0,"item_purchase_floors":[5,21],"current_hp_per_floor":[63,58,58,58,58,58,53,53,53,53,53,53,53,53,53,13,63,60,60,60,60,60,63,0],"gold":47,"neow_bonus":"THREE_RARE_CARDS","is_prod":false,"is_daily":false,"chose_seed":false,"campfire_upgraded":4,"win_rate":0,"timestamp":1550268762,"path_taken":["M","?","?","?","?","M","M","M","T","R","M","R","M","M","R","BOSS","M","M","?","$","?","R","E"],"build_version":"2019-01-23","purchased_purges":0,"victory":false,"max_hp_per_floor":[63,63,63,63,63,63,63,63,63,63,63,63,63,63,63,63,63,63,63,63,63,63,63,63],"card_choices":[{"not_picked":["Envenom","Storm of Steel"],"picked":"Corpse Explosion","floor":0},{"not_picked":["Outmaneuver","Backflip"],"picked":"Cloak And Dagger","floor":1},{"not_picked":["Dodge and Roll","Outmaneuver"],"picked":"Blur","floor":2},{"not_picked":["Poisoned Stab","Blade Dance"],"picked":"Masterful Stab","floor":6},{"not_picked":["Cloak And Dagger","Slice"],"picked":"All Out Attack","floor":7},{"not_picked":["Flechettes","Flying Knee"],"picked":"Distraction","floor":8},{"not_picked":["Well Laid Plans","Bane"],"picked":"Cloak And Dagger","floor":11},{"not_picked":["Outmaneuver","Choke"],"picked":"Backflip","floor":13},{"not_picked":["Expertise","Underhanded Strike"],"picked":"Blade Dance","floor":14},{"not_picked":["Doppelganger","Malaise"],"picked":"A Thousand Cuts","floor":16},{"not_picked":["Deflect","Leg Sweep"],"picked":"Deadly Poison","floor":18},{"not_picked":["Slice","Flechettes"],"picked":"Calculated Gamble","floor":19}],"player_experience":141024,"relics_obtained":[{"floor":4,"key":"Happy Flower"},{"floor":9,"key":"Lantern"}],"event_choices":[{"damage_healed":0,"gold_gain":0,"player_choice":"Ignored","damage_taken":0,"max_hp_gain":0,"max_hp_loss":0,"event_name":"Liars Game","floor":3,"gold_loss":0},{"damage_healed":0,"gold_gain":0,"player_choice":"Obtained Relic","damage_taken":0,"relics_obtained":["Mummified Hand"],"max_hp_gain":0,"max_hp_loss":0,"event_name":"Addict","floor":20,"gold_loss":85},{"damage_healed":0,"gold_gain":0,"player_choice":"Leave","damage_taken":0,"max_hp_gain":0,"max_hp_loss":0,"event_name":"FaceTrader","floor":22,"gold_loss":0}],"is_beta":false,"boss_relics":[{"not_picked":["Runic Dome","Sozu"],"picked":"Eternal Feather"}],"items_purged_floors":[],"is_endless":false,"potions_floor_spawned":[6,8,13,14,18,19],"killed_by":"Slavers","ascension_level":0}