{"gold_per_floor":[11,28,47,47,61,61,90,108,157,187,187,187],"floor_reached":12,"playtime":531,"items_purged":[],"score":117,"play_id":"d3b3d556-7511-4714-acee-67ccc883cb3f","local_time":"20190108144059","is_ascension_mode":true,"campfire_choices":[{"data":"Defragment","floor":6,"key":"SMITH"}],"neow_cost":"NO_GOLD","seed_source_timestamp":1625256370602690,"circlet_count":0,"master_deck":["Strike_B","Strike_B","Strike_B","Defend_B","Defend_B","Defend_B","Defend_B","Zap","Dualcast","Conserve Battery","Genetic Algorithm","Barrage","Defragment+1","Cold Snap","Echo Form","Coolheaded","Coolheaded","Buffer"],"relics":["Cracked Core","Prayer Wheel","Dream Catcher","Vajra","Singing Bowl"],"potions_floor_usage":[7,10,10,10,12],"damage_taken":[{"damage":0,"enemies":"Cultist","floor":1,"turns":4},{"damage":2,"enemies":"Small Slimes","floor":2,"turns":4},{"damage":2,"enemies":"Jaw Worm","floor":3,"turns":4},{"damage":2,"enemies":"Blue Slaver","floor":5,"turns":4},{"damage":11,"enemies":"3 Sentries","floor":7,"turns":8},{"damage":26,"enemies":"Gremlin Gang","floor":8,"turns":5},{"damage":21,"enemies":"Gremlin Nob","floor":10,"turns":4},{"damage":12,"enemies":"Lots of Slimes","floor":12,"turns":1}],"seed_played":"-1807398701561679594","potions_obtained":[{"floor":1,"key":"Energy Potion"},{"floor":4,"key":"EssenceOfSteel"},{"floor":4,"key":"Regen Potion"},{"floor":7,"key":"Dexterity Potion"},{"floor":10,"key":"Energy Potion"}],"is_trial":false,"path_per_floor":["M","M","M","?","M","R","E","M","T","E","?","M"],"character_chosen":"DEFECT","items_purchased":[],"campfire_rested":0,"item_purchase_floors":[],"current_hp_per_floor":[68,66,64,64,62,62,51,25,25,16,9,0],"gold":187,"neow_bonus":"ONE_RARE_RELIC","is_prod":false,"is_daily":false,"chose_seed":false,"campfire_upgraded":1,"win_rate":0,"timestamp":1546954859,"path_taken":["M","M","M","?","?","R","E","M","T","E","?","M"],"build_version":"2019-01-03v4","purchased_purges":0,"victory":false,"max_hp_per_floor":[75,75,75,75,75,75,75,75,75,75,75,75],"card_choices":[{"not_picked":["Recycle","Tempest"],"picked":"Conserve Battery","floor":1},{"not_picked":["Skim","Compile Driver"],"picked":"Genetic Algorithm","floor":1},{"not_picked":["Recycle","Ball Lightning"],"picked":"Barrage","floor":2},{"not_picked":["Hologram","Reinforced Body","Leap"],"picked":"SKIP","floor":2},{"not_picked":["Hello World","Sweeping Beam"],"picked":"Defragment","floor":3},{"not_picked":["Melter","Beam Cell"],"picked":"Cold Snap","floor":3},{"not_picked":["Coolheaded","Redo"],"picked":"Echo Form","floor":5},{"not_picked":["Tempest","Genetic Algorithm","Streamline"],"picked":"SKIP","floor":5},{"not_picked":["Rebound","Gash","Auto Shields"],"picked":"SKIP","floor":7},{"not_picked":["Rebound","Compile Driver"],"picked":"Coolheaded","floor":8},{"not_picked":["Doom and Gloom","Compile Driver"],"picked":"Coolheaded","floor":8},{"not_picked":["Static Discharge","Consume"],"picked":"Buffer","floor":10}],"player_experience":648929,"relics_obtained":[{"floor":7,"key":"Dream Catcher"},{"floor":9,"key":"Vajra"},{"floor":10,"key":"Singing Bowl"}],"event_choices":[{"damage_healed":0,"gold_gain":0,"player_choice":"Got Potions","damage_taken":0,"max_hp_gain":0,"max_hp_loss":0,"event_name":"Lab","floor":4,"gold_loss":0},{"cards_removed":["Strike_B"],"damage_healed":0,"gold_gain":0,"player_choice":"Card Removal","damage_taken":7,"max_hp_gain":0,"max_hp_loss":0,"event_name":"Golden Wing","floor":11,"gold_loss":0}],"is_beta":false,"boss_relics":[],"items_purged_floors":[],"is_endless":false,"potions_floor_spawned":[1,7,8,10],"killed_by":"Lots of Slimes","ascension_level":6}