{"gold_per_floor":[10,27,27,42,42,75,75,102,102,102,130,130,55,66,66,66],"floor_reached":16,"playtime":1661,"items_purged":["Strike_R"],"score":153,"play_id":"f11960f5-9a4e-4d6f-ae09-da05994248e1","local_time":"20181219215916","is_ascension_mode":true,"campfire_choices":[{"data":"Carnage","floor":7,"key":"SMITH"},{"data":"Ghostly Armor","floor":15,"key":"SMITH"}],"neow_cost":"NO_GOLD","seed_source_timestamp":0,"circlet_count":0,"master_deck":["Strike_R","Strike_R","Strike_R","Defend_R","Defend_R","Defend_R","Bash","Carnage+1","Spot Weakness","Flame Barrier","Ghostly Armor+1","Pummel","Regret"],"special_seed":0,"relics":["Burning Blood","Self Forming Clay","Du-Vu Doll","Meat on the Bone","Dream Catcher","Pen Nib","Ancient Tea Set"],"potions_floor_usage":[11,16,16],"damage_taken":[{"damage":8,"enemies":"Jaw Worm","floor":1,"turns":4},{"damage":1,"enemies":"Cultist","floor":2,"turns":3},{"damage":17,"enemies":"2 Louse","floor":4,"turns":3},{"damage":24,"enemies":"Gremlin Nob","floor":6,"turns":4},{"damage":17,"enemies":"3 Sentries","floor":8,"turns":7},{"damage":23,"enemies":"Gremlin Nob","floor":11,"turns":4},{"damage":5,"enemies":"Large Slime","floor":14,"turns":5},{"damage":51,"enemies":"Slime Boss","floor":16,"turns":11}],"seed_played":"774534154118506556","potions_obtained":[{"floor":1,"key":"Regen Potion"},{"floor":2,"key":"SteroidPotion"},{"floor":8,"key":"SpeedPotion"},{"floor":14,"key":"SpeedPotion"}],"is_trial":false,"path_per_floor":["M","M","?","M","?","E","R","E","T","?","E","?","$","M","R","B"],"character_chosen":"IRONCLAD","items_purchased":[],"campfire_rested":0,"item_purchase_floors":[],"current_hp_per_floor":[70,75,75,64,64,46,46,35,35,23,30,30,30,43,43,0],"gold":66,"neow_bonus":"REMOVE_TWO","is_prod":false,"is_daily":false,"chose_seed":false,"campfire_upgraded":2,"win_rate":0,"timestamp":1545281956,"path_taken":["M","M","?","?","?","E","R","E","T","?","E","?","?","M","R","BOSS"],"build_version":"2018-12-13","purchased_purges":1,"victory":false,"max_hp_per_floor":[80,80,80,80,80,80,80,80,80,80,80,80,80,80,80,80],"card_choices":[{"not_picked":["Burning Pact","Perfected Strike"],"picked":"Carnage","floor":1},{"not_picked":["Infernal Blade","Sever Soul","Perfected Strike"],"picked":"SKIP","floor":2},{"not_picked":["Second Wind","Perfected Strike"],"picked":"Spot Weakness","floor":4},{"not_picked":["Twin Strike","Reckless Charge"],"picked":"Flame Barrier","floor":6},{"not_picked":["Blood for Blood","Iron Wave"],"picked":"Ghostly Armor","floor":8},{"not_picked":["Fire Breathing","Rage"],"picked":"Pummel","floor":11},{"not_picked":["Ghostly Armor","Body Slam","Dual Wield"],"picked":"SKIP","floor":14}],"player_experience":279172,"relics_obtained":[{"floor":6,"key":"Self Forming Clay"},{"floor":8,"key":"Du-Vu Doll"},{"floor":9,"key":"Meat on the Bone"},{"floor":11,"key":"Pen Nib"}],"event_choices":[{"damage_healed":0,"gold_gain":0,"player_choice":"Cursed","damage_taken":0,"max_hp_gain":0,"max_hp_loss":0,"event_name":"Wheel of Change","floor":3,"gold_loss":0,"cards_obtained":["Decay"]},{"cards_removed":["Decay"],"damage_healed":0,"gold_gain":0,"player_choice":"Forget","damage_taken":0,"max_hp_gain":0,"max_hp_loss":0,"event_name":"Living Wall","floor":5,"gold_loss":0},{"damage_healed":0,"gold_gain":0,"player_choice":"Success","damage_taken":12,"relics_obtained":["Dream Catcher"],"max_hp_gain":0,"max_hp_loss":0,"event_name":"Scrap Ooze","floor":10,"gold_loss":0},{"damage_healed":0,"gold_gain":0,"player_choice":"Box","damage_taken":0,"relics_obtained":["Ancient Tea Set"],"max_hp_gain":0,"max_hp_loss":0,"event_name":"Big Fish","floor":12,"gold_loss":0,"cards_obtained":["Regret"]}],"is_beta":false,"boss_relics":[],"items_purged_floors":[13],"is_endless":false,"potions_floor_spawned":[1,2,8,14],"killed_by":"Slime Boss","ascension_level":6}