{"gold_per_floor":[113,113,113,127,147,147,163,176,176,176,53,53,69,33,33,134,134,151,76,1,18,38,38],"floor_reached":23,"playtime":1476,"items_purged":["Strike_B"],"score":183,"play_id":"742a3e90-846e-44db-b2f4-161452e7ab50","local_time":"20190216195416","is_ascension_mode":false,"campfire_choices":[{"data":"Genetic Algorithm","floor":6,"key":"SMITH"},{"data":"Leap","floor":12,"key":"SMITH"},{"floor":15,"key":"REST"}],"neow_cost":"NONE","seed_source_timestamp":4685652582250,"circlet_count":0,"master_deck":["Strike_B","Defend_B","Defend_B","Defend_B","Defend_B","Zap","Dualcast","Cold Snap+1","Genetic Algorithm+1","Undo","Electrodynamics","Cold Snap","Leap+1","Auto Shields","Machine Learning","Static Discharge","Double Energy"],"relics":["Cracked Core","Potion Belt","Eternal Feather"],"potions_floor_usage":[18,21,23],"damage_taken":[{"damage":7,"enemies":"Jaw Worm","floor":1,"turns":4},{"damage":0,"enemies":"2 Louse","floor":4,"turns":2},{"damage":0,"enemies":"Cultist","floor":5,"turns":3},{"damage":1,"enemies":"Exordium Wildlife","floor":7,"turns":4},{"damage":0,"enemies":"Looter","floor":8,"turns":4},{"damage":0,"enemies":"2 Fungi Beasts","floor":13,"turns":2},{"damage":57,"enemies":"Slime Boss","floor":16,"turns":16},{"damage":3,"enemies":"Chosen","floor":18,"turns":7},{"damage":6,"enemies":"2 Thieves","floor":20,"turns":5},{"damage":12,"enemies":"Centurion and Healer","floor":21,"turns":8},{"damage":38,"enemies":"Cultist and Chosen","floor":22,"turns":6},{"damage":41,"enemies":"3 Cultists","floor":23,"turns":6}],"seed_played":"89642294375606738","potions_obtained":[{"floor":13,"key":"Block Potion"},{"floor":16,"key":"Block Potion"},{"floor":18,"key":"Fruit Juice"}],"is_trial":false,"path_per_floor":["M","?","?","M","M","R","M","M","T","?","$","R","M","?","R","B",null,"M","?","M","M","M","M"],"character_chosen":"DEFECT","items_purchased":["Leap"],"campfire_rested":1,"item_purchase_floors":[11],"current_hp_per_floor":[75,75,75,75,75,75,74,74,74,67,67,67,67,67,82,25,82,79,79,73,61,23,0],"gold":38,"neow_bonus":"TEN_PERCENT_HP_BONUS","is_prod":false,"is_daily":false,"chose_seed":false,"campfire_upgraded":2,"win_rate":0,"timestamp":1550368456,"path_taken":["M","?","?","M","M","R","?","M","T","?","?","R","M","?","R","BOSS","M","?","M","M","M","M"],"build_version":"2019-01-23","purchased_purges":1,"victory":false,"max_hp_per_floor":[82,82,82,82,82,82,82,82,82,82,82,82,82,82,82,82,82,82,82,82,82,82,87],"card_choices":[{"not_picked":["Barrage","Streamline"],"picked":"Cold Snap","floor":1},{"not_picked":["Sweeping Beam","Ball Lightning"],"picked":"Genetic Algorithm","floor":4},{"not_picked":["Rebound","Heatsinks"],"picked":"Undo","floor":5},{"not_picked":["FTL","Redo"],"picked":"Electrodynamics","floor":7},{"not_picked":["Coolheaded","Steam"],"picked":"Cold Snap","floor":8},{"not_picked":["Hologram","Rip and Tear"],"picked":"Auto Shields","floor":13},{"not_picked":["Rainbow","Multi-Cast"],"picked":"Machine Learning","floor":16},{"not_picked":["Chill+1","Turbo"],"picked":"Static Discharge","floor":18},{"not_picked":["Reprogram","Redo","BootSequence"],"picked":"SKIP","floor":20},{"not_picked":["Rebound","Barrage","Streamline"],"picked":"SKIP","floor":21},{"not_picked":["Leap","Reprogram"],"picked":"Double Energy","floor":22}],"player_experience":166123,"relics_obtained":[{"floor":9,"key":"Potion Belt"}],"event_choices":[{"damage_healed":0,"gold_gain":0,"player_choice":"Ignored","damage_taken":0,"max_hp_gain":0,"max_hp_loss":0,"event_name":"Liars Game","floor":2,"gold_loss":0},{"damage_healed":0,"gold_gain":0,"player_choice":"Forge","damage_taken":0,"max_hp_gain":0,"max_hp_loss":0,"event_name":"Accursed Blacksmith","floor":3,"gold_loss":0,"cards_upgraded":["Cold Snap"]},{"cards_removed":["Strike_B"],"damage_healed":0,"gold_gain":0,"player_choice":"Card Removal","damage_taken":7,"max_hp_gain":0,"max_hp_loss":0,"event_name":"Golden Wing","floor":10,"gold_loss":0},{"damage_healed":0,"gold_gain":0,"player_choice":"Left Gold","damage_taken":0,"max_hp_gain":0,"max_hp_loss":0,"event_name":"World of Goop","floor":14,"gold_loss":36},{"cards_removed":["Strike_B"],"damage_healed":0,"gold_gain":0,"player_choice":"Gave Gold","damage_taken":0,"max_hp_gain":0,"max_hp_loss":0,"event_name":"Beggar","floor":19,"gold_loss":75}],"is_beta":false,"boss_relics":[{"not_picked":["FrozenCore","Astrolabe"],"picked":"Eternal Feather"}],"items_purged_floors":[11],"is_endless":false,"potions_floor_spawned":[13,16,18],"killed_by":"3 Cultists","ascension_level":0}