{"gold_per_floor":[112,130,143,154,154,154,186,186,234,259,209,209,270,286,286,385,385,398,398,409,95,106,106,206,206,206,63,81,81,98,117,117,218,218,238,251,351,365,365,365,365],"floor_reached":41,"playtime":2336,"items_purged":["Strike_B","Strike_B"],"score":476,"play_id":"e51250bc-0b67-48fe-9999-182a1f99ca78","local_time":"20190305000924","is_ascension_mode":true,"campfire_choices":[{"data":"Glacier","floor":6,"key":"SMITH"},{"data":"Dualcast","floor":8,"key":"SMITH"},{"data":"Barrage","floor":12,"key":"SMITH"},{"data":"Blizzard","floor":15,"key":"SMITH"},{"data":"Chill","floor":23,"key":"SMITH"},{"data":"Zap","floor":25,"key":"SMITH"},{"data":"Discovery","floor":29,"key":"SMITH"},{"data":"Barrage","floor":32,"key":"SMITH"},{"data":"Echo Form","floor":40,"key":"SMITH"}],"neow_cost":"NONE","seed_source_timestamp":42881831792031,"circlet_count":0,"master_deck":["Strike_B","Defend_B","Defend_B","Defend_B","Dualcast+1","Glacier+1","Barrage+1","Ball Lightning","Chill+1","Creative AI","Blizzard+1","Thunder Strike","Barrage+1","Leap+1","Discovery+1","Leap+1","Echo Form+1","Sunder","Blizzard+1","Heatsinks+1"],"relics":["Cracked Core","NeowsBlessing","Mercury Hourglass","Happy Flower","Centennial Puzzle","Bronze Scales","Inserter","Matryoshka","Pen Nib","Smiling Mask","Orrery","Unceasing Top"],"potions_floor_usage":[3,7,16,20,20,22,33,37,38],"damage_taken":[{"damage":0,"enemies":"Cultist","floor":1,"turns":1},{"damage":0,"enemies":"Small Slimes","floor":2,"turns":1},{"damage":0,"enemies":"2 Louse","floor":3,"turns":1},{"damage":1,"enemies":"2 Fungi Beasts","floor":4,"turns":3},{"damage":12,"enemies":"Lagavulin","floor":7,"turns":7},{"damage":1,"enemies":"3 Sentries","floor":10,"turns":6},{"damage":9,"enemies":"3 Sentries","floor":13,"turns":3},{"damage":0,"enemies":"Exordium Wildlife","floor":14,"turns":4},{"damage":0,"enemies":"Slime Boss","floor":16,"turns":6},{"damage":0,"enemies":"Chosen","floor":18,"turns":3},{"damage":1,"enemies":"3 Byrds","floor":20,"turns":3},{"damage":13,"enemies":"Cultist and Chosen","floor":22,"turns":4},{"damage":7,"enemies":"Snecko","floor":28,"turns":5},{"damage":0,"enemies":"Shelled Parasite and Fungi","floor":30,"turns":4},{"damage":3,"enemies":"Snake Plant","floor":31,"turns":4},{"damage":50,"enemies":"Automaton","floor":33,"turns":8},{"damage":16,"enemies":"3 Shapes","floor":35,"turns":4},{"damage":12,"enemies":"3 Darklings","floor":36,"turns":3},{"damage":0,"enemies":"Mind Bloom Boss Battle","floor":37,"turns":5},{"damage":10,"enemies":"Transient","floor":38,"turns":5},{"damage":45,"enemies":"Maw","floor":41,"turns":5}],"seed_played":"7284072785578188812","potions_obtained":[{"floor":1,"key":"EssenceOfSteel"},{"floor":3,"key":"Fruit Juice"},{"floor":14,"key":"SkillPotion"},{"floor":16,"key":"EssenceOfSteel"},{"floor":18,"key":"AttackPotion"},{"floor":20,"key":"LiquidBronze"},{"floor":28,"key":"Dexterity Potion"},{"floor":33,"key":"Poison Potion"},{"floor":35,"key":"SteroidPotion"},{"floor":36,"key":"LiquidBronze"},{"floor":37,"key":"Explosive Potion"}],"is_trial":false,"path_per_floor":["M","M","M","M","?","R","E","R","T","E","?","R","?","M","R","B",null,"M","?","M","$","M","R","?","R","T","$","M","R","M","M","R","B",null,"M","M","?","M","?","R","M"],"character_chosen":"DEFECT","items_purchased":["Matryoshka","Discovery"],"campfire_rested":0,"item_purchase_floors":[21,27],"current_hp_per_floor":[75,75,80,79,72,72,60,60,60,59,59,59,50,50,50,50,80,80,80,79,79,66,66,66,66,66,66,59,59,59,56,56,6,80,64,52,52,42,42,42,0],"gold":365,"neow_bonus":"THREE_ENEMY_KILL","is_prod":false,"is_daily":false,"chose_seed":false,"campfire_upgraded":9,"win_rate":0,"timestamp":1551773364,"path_taken":["M","M","M","M","?","R","E","R","T","E","?","R","?","M","R","BOSS","M","?","M","$","M","R","?","R","T","$","?","R","M","M","R","BOSS","M","M","?","M","?","R","M"],"build_version":"2019-01-23","purchased_purges":2,"victory":false,"max_hp_per_floor":[75,75,80,80,80,80,80,80,80,80,80,80,80,80,80,80,80,80,80,80,80,80,80,80,80,80,80,80,80,80,80,80,80,80,80,80,80,80,80,80,80],"card_choices":[{"not_picked":["Leap","Sunder"],"picked":"Glacier","floor":1},{"not_picked":["Compile Driver","Beam Cell"],"picked":"Barrage","floor":2},{"not_picked":["White Noise","Barrage"],"picked":"Ball Lightning","floor":3},{"not_picked":["Go for the Eyes","Undo"],"picked":"Chill","floor":4},{"not_picked":["Go for the Eyes","Rebound","Redo"],"picked":"SKIP","floor":7},{"not_picked":["Go for the Eyes","Streamline","Lockon"],"picked":"SKIP","floor":10},{"not_picked":["Static Discharge","Compile Driver"],"picked":"Creative AI","floor":13},{"not_picked":["Scrape","Turbo"],"picked":"Blizzard","floor":14},{"not_picked":["Meteor Strike","Rainbow"],"picked":"Thunder Strike","floor":16},{"not_picked":["Gash","Stack","Redo+1"],"picked":"SKIP","floor":18},{"not_picked":["Stack","FTL"],"picked":"Barrage","floor":20},{"not_picked":["Hello World","Chill"],"picked":"Leap+1","floor":22},{"not_picked":["Conserve Battery","Compile Driver"],"picked":"Leap+1","floor":28},{"not_picked":["Redo","Sweeping Beam","Rip and Tear"],"picked":"SKIP","floor":30},{"not_picked":["Steam","Melter","Go for the Eyes"],"picked":"SKIP","floor":31},{"not_picked":["Core Surge","Machine Learning"],"picked":"Echo Form","floor":33},{"not_picked":["Leap+1","Redo+1"],"picked":"Sunder","floor":34},{"not_picked":["Streamline+1","Double Energy"],"picked":"Blizzard+1","floor":35},{"not_picked":["Barrage","Coolheaded","Hologram"],"picked":"SKIP","floor":36},{"not_picked":["Auto Shields+1","Streamline+1"],"picked":"Heatsinks+1","floor":38}],"player_experience":271199,"relics_obtained":[{"floor":7,"key":"Mercury Hourglass"},{"floor":9,"key":"Happy Flower"},{"floor":10,"key":"Centennial Puzzle"},{"floor":13,"key":"Bronze Scales"},{"floor":26,"key":"Pen Nib"},{"floor":26,"key":"Smiling Mask"},{"floor":37,"key":"Unceasing Top"}],"event_choices":[{"cards_removed":["Defend_B"],"damage_healed":0,"gold_gain":0,"player_choice":"Card Removal","damage_taken":7,"max_hp_gain":0,"max_hp_loss":0,"event_name":"Golden Wing","floor":5,"gold_loss":0},{"cards_removed":["Strike_B"],"damage_healed":0,"gold_gain":0,"player_choice":"Card Removal","damage_taken":0,"max_hp_gain":0,"max_hp_loss":0,"event_name":"The Cleric","floor":11,"gold_loss":50},{"damage_healed":0,"gold_gain":0,"player_choice":"Searched \u00271\u0027 times","damage_taken":0,"max_hp_gain":0,"max_hp_loss":0,"event_name":"Dead Adventurer","floor":13,"gold_loss":0},{"damage_healed":0,"gold_gain":0,"player_choice":"Ignored","damage_taken":0,"max_hp_gain":0,"max_hp_loss":0,"event_name":"Ghosts","floor":19,"gold_loss":0},{"damage_healed":0,"gold_gain":100,"player_choice":"Pray","damage_taken":0,"max_hp_gain":0,"max_hp_loss":0,"event_name":"Golden Shrine","floor":24,"gold_loss":0},{"damage_healed":0,"gold_gain":0,"player_choice":"Fight","damage_taken":0,"max_hp_gain":0,"max_hp_loss":0,"event_name":"MindBloom","floor":37,"gold_loss":0},{"cards_removed":["Zap"],"damage_healed":0,"gold_gain":0,"player_choice":"Removed Skill","damage_taken":0,"max_hp_gain":0,"max_hp_loss":0,"event_name":"Falling","floor":39,"gold_loss":0}],"is_beta":false,"boss_relics":[{"not_picked":["Calling Bell","Runic Dome"],"picked":"Inserter"},{"not_picked":["Black Star","Coffee Dripper"],"picked":"Orrery"}],"items_purged_floors":[21,27],"is_endless":false,"potions_floor_spawned":[1,3,14,16,18,20,28,33,35,36,37],"killed_by":"Maw","ascension_level":1}