{"gold_per_floor":[109,125,136,22,22,22,51,17,17,17,17,43,68,99,99,198,198,209,209,209,219,230,230,278,278,326,35,64,81,98,108,108,204,204,216,228,275,275,275,275,291,306,306,338,63,92,104,123,123,123],"floor_reached":51,"playtime":2740,"items_purged":["Strike_B","Defend_B"],"score":956,"play_id":"5d0e6204-0a7c-412b-b022-49087f805947","local_time":"20180923180524","is_ascension_mode":true,"campfire_choices":[{"data":"Zap","floor":6,"key":"SMITH"},{"data":"Amplify","floor":15,"key":"SMITH"},{"floor":23,"key":"REST"},{"data":"Creative AI","floor":25,"key":"SMITH"},{"data":"Electrodynamics","floor":32,"key":"SMITH"},{"data":"1","floor":40,"key":"LIFT"},{"data":"Defragment","floor":49,"key":"SMITH"}],"neow_cost":"NONE","seed_source_timestamp":711082766236254,"circlet_count":0,"master_deck":["Defend_B+1","Zap+1","Dualcast+1","Biased Cognition+1","Conserve Battery+1","Self Repair+1","Redo+1","Storm+1","Amplify+1","Static Discharge+1","Capacitor+1","Leap+1","Creative AI+1","Cold Snap+1","Capacitor+1","Leap+1","Electrodynamics+1","Machine Learning+1","Heatsinks+1","Rip and Tear+1","Reboot+1","White Noise+1","Core Surge","Defragment+1","Heatsinks+1","Capacitor+1"],"relics":["Cracked Core","Pantograph","Matryoshka","Symbiotic Virus","Pen Nib","Orichalcum","Happy Flower","Nuclear Battery","MutagenicStrength","Omamori","Oddly Smooth Stone","Anchor","Strawberry","FossilizedHelix","Astrolabe","Girya","Mark of the Bloom","Mercury Hourglass","Blue Candle","Lee\u0027s Waffle","Dream Catcher"],"potions_floor_usage":[12,28,28,31,42,42,50,50],"damage_taken":[{"damage":1,"enemies":"Cultist","floor":1,"turns":3},{"damage":9,"enemies":"Small Slimes","floor":2,"turns":2},{"damage":4,"enemies":"Jaw Worm","floor":3,"turns":3},{"damage":28,"enemies":"Lagavulin","floor":7,"turns":4},{"damage":0,"enemies":"Gremlin Nob","floor":12,"turns":2},{"damage":14,"enemies":"Lagavulin","floor":14,"turns":3},{"damage":25,"enemies":"Hexaghost","floor":16,"turns":5},{"damage":11,"enemies":"2 Thieves","floor":18,"turns":3},{"damage":14,"enemies":"Shell Parasite","floor":21,"turns":3},{"damage":15,"enemies":"Snake Plant","floor":22,"turns":3},{"damage":17,"enemies":"Slavers","floor":28,"turns":3},{"damage":3,"enemies":"Snecko","floor":29,"turns":4},{"damage":0,"enemies":"Cultist and Chosen","floor":30,"turns":5},{"damage":16,"enemies":"3 Cultists","floor":31,"turns":5},{"damage":72,"enemies":"Champ","floor":33,"turns":7},{"damage":0,"enemies":"Orb Walker","floor":35,"turns":2},{"damage":0,"enemies":"3 Shapes","floor":36,"turns":2},{"damage":0,"enemies":"Mysterious Sphere","floor":37,"turns":3},{"damage":0,"enemies":"Transient","floor":41,"turns":5},{"damage":0,"enemies":"Reptomancer","floor":42,"turns":3},{"damage":0,"enemies":"Giant Head","floor":44,"turns":5},{"damage":7,"enemies":"Nemesis","floor":46,"turns":3},{"damage":0,"enemies":"Spire Growth","floor":47,"turns":3},{"damage":0,"enemies":"Transient","floor":48,"turns":5},{"damage":35,"enemies":"Time Eater","floor":50,"turns":4}],"seed_played":"-5937572469142751584","potions_obtained":[{"floor":3,"key":"Fire Potion"},{"floor":12,"key":"Fire Potion"},{"floor":16,"key":"FearPotion"},{"floor":18,"key":"Poison Potion"},{"floor":30,"key":"EssenceOfSteel"},{"floor":36,"key":"SkillPotion"},{"floor":37,"key":"Weak Potion"},{"floor":44,"key":"Poison Potion"},{"floor":47,"key":"EssenceOfSteel"}],"is_trial":false,"path_per_floor":["M","M","M","$","?","R","E","$","T","?","?","E","T","E","R","B",null,"M","?","?","M","M","R","T","R","T","$","E","M","M","M","R","B",null,"M","M","?","?","?","R","M","M","T","E","$","E","M","M","R","B"],"character_chosen":"DEFECT","items_purchased":["Storm","Static Discharge","Strawberry","Capacitor","Defragment","Lee\u0027s Waffle"],"campfire_rested":1,"item_purchase_floors":[4,8,27,27,45,45],"current_hp_per_floor":[74,65,68,68,68,68,47,47,47,47,47,47,47,40,40,54,70,59,59,59,52,37,59,59,59,59,66,63,67,74,72,72,17,66,66,66,73,73,73,73,73,73,73,73,73,66,66,66,66,31],"gold":123,"neow_bonus":"ONE_RANDOM_RARE_CARD","is_prod":false,"is_daily":false,"chose_seed":false,"campfire_upgraded":5,"win_rate":0,"timestamp":1537740324,"path_taken":["M","?","M","$","?","R","E","$","T","?","?","E","?","E","R","BOSS","M","?","?","?","?","R","?","R","T","$","E","M","M","?","R","BOSS","M","M","?","?","?","R","M","M","T","E","$","E","M","M","R","BOSS"],"build_version":"2018-09-20","purchased_purges":2,"victory":true,"max_hp_per_floor":[75,75,75,75,75,75,75,75,75,75,75,75,75,75,75,75,75,75,75,75,75,75,75,75,75,75,82,82,82,82,82,82,82,82,82,82,82,82,82,82,82,82,82,82,89,89,89,89,89,89],"card_choices":[{"not_picked":["Go for the Eyes","Beam Cell"],"picked":"Conserve Battery","floor":1},{"not_picked":["Go for the Eyes","Coolheaded"],"picked":"Self Repair","floor":2},{"not_picked":["Cold Snap","Rebound"],"picked":"Redo","floor":3},{"not_picked":["Hyperbeam","Ball Lightning"],"picked":"Amplify","floor":7},{"not_picked":["Ball Lightning","Redo"],"picked":"Capacitor","floor":12},{"not_picked":["Aggregate","Darkness"],"picked":"Leap","floor":14},{"not_picked":["Echo Form","Seek"],"picked":"Creative AI","floor":16},{"not_picked":["Rebound","Melter+1","Redo"],"picked":"SKIP","floor":18},{"not_picked":["Sweeping Beam","Double Energy","Gash+1"],"picked":"SKIP","floor":21},{"not_picked":["Hologram","Redo"],"picked":"Cold Snap+1","floor":22},{"not_picked":["Hyperbeam","Sweeping Beam"],"picked":"Leap","floor":28},{"not_picked":["Go for the Eyes","Hologram+1","Stack"],"picked":"SKIP","floor":29},{"not_picked":["Double Energy","Doom and Gloom+1","FTL"],"picked":"SKIP","floor":30},{"not_picked":["Recycle+1","Redo+1"],"picked":"Electrodynamics","floor":31},{"not_picked":["Multi-Cast","Meteor Strike"],"picked":"Machine Learning","floor":33},{"not_picked":["Coolheaded","Barrage+1"],"picked":"White Noise","floor":35},{"not_picked":["Go for the Eyes+1","Hologram+1","Barrage"],"picked":"SKIP","floor":36},{"not_picked":["Chaos","Compile Driver"],"picked":"Core Surge","floor":41},{"not_picked":["Sweeping Beam","Cold Snap+1","Hologram"],"picked":"SKIP","floor":42},{"not_picked":["Beam Cell","Hello World+1","Chill"],"picked":"SKIP","floor":44},{"not_picked":["Coolheaded","Beam Cell+1"],"picked":"Heatsinks+1","floor":46},{"not_picked":["Tempest","Meteor Strike","Darkness"],"picked":"SKIP","floor":47},{"not_picked":["Force Field","Stack"],"picked":"Capacitor+1","floor":48}],"player_experience":319378,"relics_obtained":[{"floor":7,"key":"Pantograph"},{"floor":9,"key":"Matryoshka"},{"floor":12,"key":"Symbiotic Virus"},{"floor":13,"key":"Pen Nib"},{"floor":13,"key":"Orichalcum"},{"floor":14,"key":"Happy Flower"},{"floor":24,"key":"Omamori"},{"floor":24,"key":"Oddly Smooth Stone"},{"floor":26,"key":"Anchor"},{"floor":28,"key":"FossilizedHelix"},{"floor":37,"key":"Girya"},{"floor":43,"key":"Mercury Hourglass"},{"floor":44,"key":"Blue Candle"},{"floor":46,"key":"Dream Catcher"}],"event_choices":[{"event_name":"Upgrade Shrine","player_choice":"Upgraded","floor":5,"damage_taken":0},{"event_name":"The Cleric","player_choice":"Leave","floor":10,"damage_taken":0},{"event_name":"Wheel of Change","player_choice":"Card Removal","floor":11,"damage_taken":0},{"event_name":"Drug Dealer","player_choice":"Inject Mutagens","floor":19,"damage_taken":0},{"event_name":"Vampires","player_choice":"Ignored","floor":20,"damage_taken":0},{"event_name":"Mysterious Sphere","player_choice":"Fight","floor":37,"damage_taken":0},{"event_name":"Falling","player_choice":"Removed Skill","floor":38,"damage_taken":0},{"event_name":"MindBloom","player_choice":"Upgrade","floor":39,"damage_taken":0}],"is_beta":true,"boss_relics":[{"not_picked":["Velvet Choker","Black Star"],"picked":"Nuclear Battery"},{"not_picked":["White Beast Statue","Eternal Feather"],"picked":"Astrolabe"}],"items_purged_floors":[4,27],"is_endless":false,"potions_floor_spawned":[3,12,16,18,22,30,36,37,44,47],"ascension_level":5}