{"gold_per_floor":[11,29,104,104,124,124,159,159,232,259,271,283,283,301,301,401,401,417,417,430,446,456,456,482,482],"floor_reached":25,"playtime":1192,"items_purged":[],"score":272,"play_id":"1a4958ed-3b3d-4707-b13c-2c624443f92f","local_time":"20190214220412","is_ascension_mode":true,"campfire_choices":[{"data":"Night Terror","floor":6,"key":"SMITH"},{"floor":8,"key":"REST"},{"floor":15,"key":"REST"},{"data":"Footwork","floor":23,"key":"SMITH"}],"neow_cost":"NO_GOLD","seed_source_timestamp":38964871474252,"circlet_count":0,"master_deck":["Defend_G","Defend_G","Defend_G","Defend_G","Survivor","Neutralize","Night Terror+1","Bouncing Flask","Setup","Dash+1","Sucker Punch","Poisoned Stab","Glass Knife","Deadly Poison","Bane","Phantasmal Killer","Bane+1","Bite","Bite","Bite","Bite","Bite","Bouncing Flask","Footwork+1","PiercingWail+1"],"relics":["Ring of the Snake","Pen Nib","Sundial","Ginger","Philosopher\u0027s Stone","Ornamental Fan"],"potions_floor_usage":[7,10,16,18,22,25],"damage_taken":[{"damage":0,"enemies":"Cultist","floor":1,"turns":3},{"damage":0,"enemies":"2 Louse","floor":2,"turns":2},{"damage":0,"enemies":"Small Slimes","floor":5,"turns":3},{"damage":17,"enemies":"Lagavulin","floor":7,"turns":7},{"damage":42,"enemies":"3 Sentries","floor":10,"turns":8},{"damage":5,"enemies":"Exordium Thugs","floor":11,"turns":4},{"damage":0,"enemies":"3 Louse","floor":12,"turns":2},{"damage":4,"enemies":"Blue Slaver","floor":14,"turns":3},{"damage":8,"enemies":"Slime Boss","floor":16,"turns":12},{"damage":3,"enemies":"Chosen","floor":18,"turns":4},{"damage":0,"enemies":"Spheric Guardian","floor":20,"turns":3},{"damage":1,"enemies":"Snecko","floor":21,"turns":4},{"damage":2,"enemies":"Sentry and Sphere","floor":22,"turns":4},{"damage":39,"enemies":"Slavers","floor":24,"turns":7},{"damage":30,"enemies":"Centurion and Healer","floor":25,"turns":3}],"seed_played":"-4142978137332446990","potions_obtained":[{"floor":1,"key":"LiquidBronze"},{"floor":5,"key":"AttackPotion"},{"floor":10,"key":"Ancient Potion"},{"floor":11,"key":"Strength Potion"},{"floor":16,"key":"Weak Potion"},{"floor":21,"key":"PowerPotion"}],"is_trial":false,"path_per_floor":["M","M","?","?","M","R","E","R","T","E","M","M","?","M","R","B",null,"M","?","M","M","M","R","E","M"],"character_chosen":"THE_SILENT","items_purchased":[],"campfire_rested":2,"item_purchase_floors":[],"current_hp_per_floor":[70,70,59,45,45,45,28,49,49,7,2,2,25,21,42,34,70,67,49,49,49,47,47,16,0],"gold":482,"neow_bonus":"TRANSFORM_TWO_CARDS","is_prod":false,"is_daily":false,"chose_seed":false,"campfire_upgraded":2,"win_rate":0,"timestamp":1550203452,"path_taken":["M","?","?","?","M","R","E","R","T","E","M","?","?","M","R","BOSS","M","?","M","M","M","R","E","M"],"build_version":"2019-01-23","purchased_purges":0,"victory":false,"max_hp_per_floor":[70,70,70,70,70,70,70,70,70,70,70,70,70,70,70,70,70,70,49,49,49,49,49,49,49],"card_choices":[{"not_picked":["Riddle With Holes","Blade Dance"],"picked":"Setup","floor":1},{"not_picked":["Flying Knee","Tactician"],"picked":"Dash","floor":2},{"not_picked":["Dagger Spray","Predator"],"picked":"Sucker Punch","floor":5},{"not_picked":["PiercingWail","Well Laid Plans","Prepared"],"picked":"SKIP","floor":7},{"not_picked":["Sucker Punch","Acrobatics"],"picked":"Poisoned Stab","floor":10},{"not_picked":["Dagger Throw","Endless Agony"],"picked":"Glass Knife","floor":11},{"not_picked":["Prepared","Well Laid Plans"],"picked":"Deadly Poison","floor":12},{"not_picked":["Acrobatics","Endless Agony"],"picked":"Bane","floor":14},{"not_picked":["Die Die Die","Envenom"],"picked":"Phantasmal Killer","floor":16},{"not_picked":["Accuracy","Riddle With Holes"],"picked":"Bane+1","floor":18},{"not_picked":["Flechettes","Infinite Blades","Acrobatics"],"picked":"SKIP","floor":20},{"not_picked":["Infinite Blades+1","Finisher"],"picked":"Bouncing Flask","floor":21},{"not_picked":["Cloak And Dagger+1","Deadly Poison"],"picked":"Footwork","floor":22},{"not_picked":["Infinite Blades","Underhanded Strike"],"picked":"PiercingWail+1","floor":24}],"player_experience":124318,"relics_obtained":[{"floor":7,"key":"Pen Nib"},{"floor":9,"key":"Sundial"},{"floor":10,"key":"Ginger"},{"floor":24,"key":"Ornamental Fan"}],"event_choices":[{"damage_healed":0,"gold_gain":75,"player_choice":"Gather Gold","damage_taken":11,"max_hp_gain":0,"max_hp_loss":0,"event_name":"World of Goop","floor":3,"gold_loss":0},{"damage_healed":0,"gold_gain":0,"player_choice":"Entered Light","damage_taken":14,"max_hp_gain":0,"max_hp_loss":0,"event_name":"Shining Light","floor":4,"gold_loss":0,"cards_upgraded":["Strike_G","Dash"]},{"damage_healed":23,"gold_gain":0,"player_choice":"Banana","damage_taken":0,"max_hp_gain":0,"max_hp_loss":0,"event_name":"Big Fish","floor":13,"gold_loss":0},{"damage_healed":0,"gold_gain":0,"player_choice":"Became a vampire","damage_taken":0,"max_hp_gain":0,"max_hp_loss":21,"event_name":"Vampires","floor":19,"gold_loss":0,"cards_obtained":["Bite","Bite","Bite","Bite","Bite"]}],"is_beta":false,"boss_relics":[{"not_picked":["Busted Crown","Pandora\u0027s Box"],"picked":"Philosopher\u0027s Stone"}],"items_purged_floors":[],"is_endless":false,"potions_floor_spawned":[1,5,10,11,16,21],"killed_by":"Centurion and Healer","ascension_level":1}