{"gold_per_floor":[18,18,193,118,131,131,161,173,197,197,197,215,215,227,227,326,326,316,327,6,6,6,6,38,38,89,170,194,206,228,290,302,418,430,453,482,510,587,14,14,164,164,164,184,218,268,301,351,351,351],"floor_reached":51,"playtime":2309,"items_purged":["Doubt","Strike_R"],"score":825,"play_id":"7258e988-741b-4d0c-bf0d-1acf0c97f3be","local_time":"20190304134908","is_ascension_mode":false,"campfire_choices":[{"data":"Headbutt","floor":6,"key":"SMITH"},{"floor":13,"key":"REST"},{"floor":15,"key":"RECALL"},{"floor":23,"key":"REST"},{"floor":25,"key":"REST"},{"floor":29,"key":"REST"},{"data":"Seeing Red","floor":32,"key":"SMITH"},{"data":"Demon Form","floor":40,"key":"SMITH"},{"data":"Rampage","floor":42,"key":"SMITH"},{"floor":49,"key":"REST"}],"neow_cost":"NO_GOLD","seed_source_timestamp":12907463178756,"circlet_count":0,"master_deck":["Strike_R","Strike_R","Defend_R","Defend_R+1","Defend_R","Defend_R+1","Bash","Headbutt+1","Armaments+1","Infernal Blade","Inflame","Ghostly Armor","Blood for Blood","Feed","Rampage+1","Seeing Red+1","Fiend Fire","Demon Form+1","Heavy Blade+1","Metallicize+1","Flash of Steel","Metallicize+1","Parasite","Blur+1","Writhe"],"relics":["Burning Blood","Dream Catcher","Bag of Marbles","Runic Pyramid","Sundial","SsserpentHead","Bird Faced Urn","MawBank","Boot","Empty Cage","PrismaticShard","Red Skull","Mango","Molten Egg 2","Happy Flower","Bottled Flame"],"potions_floor_usage":[7,16,16,24,24,30,37,45,47,50,50],"damage_taken":[{"damage":0,"enemies":"Small Slimes","floor":1,"turns":3},{"damage":1,"enemies":"Cultist","floor":5,"turns":3},{"damage":23,"enemies":"3 Sentries","floor":7,"turns":8},{"damage":0,"enemies":"2 Louse","floor":8,"turns":3},{"damage":0,"enemies":"Exordium Wildlife","floor":12,"turns":3},{"damage":0,"enemies":"Red Slaver","floor":14,"turns":4},{"damage":44,"enemies":"The Guardian","floor":16,"turns":10},{"damage":22,"enemies":"2 Thieves","floor":18,"turns":4},{"damage":5,"enemies":"Chosen","floor":19,"turns":3},{"damage":74,"enemies":"Book of Stabbing","floor":24,"turns":6},{"damage":19,"enemies":"Sentry and Sphere","floor":27,"turns":7},{"damage":24,"enemies":"3 Cultists","floor":28,"turns":5},{"damage":2,"enemies":"Snecko","floor":30,"turns":3},{"damage":80,"enemies":"Automaton","floor":33,"turns":12},{"damage":5,"enemies":"3 Shapes","floor":35,"turns":6},{"damage":5,"enemies":"Orb Walker","floor":36,"turns":3},{"damage":52,"enemies":"3 Darklings","floor":37,"turns":6},{"damage":13,"enemies":"Maw","floor":38,"turns":8},{"damage":0,"enemies":"Mind Bloom Boss Battle","floor":41,"turns":3},{"damage":7,"enemies":"Writhing Mass","floor":44,"turns":9},{"damage":9,"enemies":"Giant Head","floor":45,"turns":7},{"damage":68,"enemies":"Reptomancer","floor":47,"turns":6},{"damage":78,"enemies":"Donu and Deca","floor":50,"turns":7}],"seed_played":"9022245860141909692","potions_obtained":[{"floor":5,"key":"Explosive Potion"},{"floor":11,"key":"SteroidPotion"},{"floor":11,"key":"SpeedPotion"},{"floor":11,"key":"Explosive Potion"},{"floor":14,"key":"AttackPotion"},{"floor":18,"key":"SteroidPotion"},{"floor":28,"key":"Ancient Potion"},{"floor":30,"key":"Ancient Potion"},{"floor":33,"key":"Energy Potion"},{"floor":35,"key":"Dexterity Potion"},{"floor":37,"key":"Explosive Potion"},{"floor":38,"key":"FearPotion"},{"floor":45,"key":"Strength Potion"}],"is_trial":false,"path_per_floor":["M","?","?","$","M","R","E","M","T","?","?","M","R","M","R","B",null,"M","M","$","?","?","R","E","R","T","M","M","R","M","?","R","B",null,"M","M","M","M","$","R","?","R","T","M","E","?","E","?","R","B",null],"character_chosen":"IRONCLAD","items_purchased":["Sundial","Reaper","PrismaticShard","Red Skull","Flash of Steel","PowerPotion"],"campfire_rested":5,"item_purchase_floors":[20,20,39,39,39,39],"current_hp_per_floor":[96,77,77,77,82,82,65,71,71,71,71,77,96,96,96,58,96,83,87,87,87,87,102,37,67,67,63,58,90,100,100,100,36,113,116,116,99,114,114,114,133,133,133,133,132,132,73,106,133,71],"gold":351,"neow_bonus":"TWENTY_PERCENT_HP_BONUS","is_prod":false,"is_daily":false,"chose_seed":false,"campfire_upgraded":4,"win_rate":0,"timestamp":1551728948,"path_taken":["M","?","?","$","M","R","E","M","T","?","?","?","R","M","R","BOSS","M","M","$","?","?","R","E","R","T","?","M","R","M","?","R","BOSS","M","M","M","?","$","R","?","R","T","M","E","?","E","?","R","BOSS"],"build_version":"2019-01-23","purchased_purges":2,"victory":true,"max_hp_per_floor":[96,96,96,96,96,96,96,96,96,96,96,96,96,96,96,96,96,99,102,102,102,102,102,102,102,102,105,109,109,113,113,113,113,113,116,116,116,119,119,119,133,133,133,133,133,133,133,133,133,137],"card_choices":[{"not_picked":["Thunderclap","Evolve"],"picked":"Headbutt","floor":1},{"not_picked":["Havoc","Dropkick","Metallicize"],"picked":"SKIP","floor":5},{"not_picked":["Burning Pact","Sever Soul"],"picked":"Armaments","floor":7},{"not_picked":["Rupture","Flex"],"picked":"Infernal Blade","floor":8},{"not_picked":["Thunderclap","Clash"],"picked":"Inflame","floor":12},{"not_picked":["Shockwave","Rupture"],"picked":"Ghostly Armor","floor":13},{"not_picked":["Armaments","Blood for Blood","Shockwave"],"picked":"SKIP","floor":14},{"not_picked":["Armaments","Shockwave"],"picked":"Blood for Blood","floor":14},{"not_picked":["Offering","Fiend Fire"],"picked":"Feed","floor":16},{"not_picked":["Anger","True Grit"],"picked":"Rampage","floor":18},{"not_picked":["Corruption","True Grit","Clothesline"],"picked":"SKIP","floor":19},{"not_picked":["Clothesline","True Grit","Heavy Blade"],"picked":"SKIP","floor":24},{"not_picked":["Thunderclap","Metallicize"],"picked":"Seeing Red","floor":27},{"not_picked":["Sword Boomerang","Reckless Charge","Flex"],"picked":"SKIP","floor":28},{"not_picked":["Evolve","Sever Soul+1"],"picked":"Fiend Fire","floor":30},{"not_picked":["Reaper","Barricade"],"picked":"Demon Form","floor":33},{"not_picked":["Rupture+1","Clothesline+1"],"picked":"Heavy Blade+1","floor":35},{"not_picked":["Carnage+1","Thunderclap+1","Evolve+1"],"picked":"SKIP","floor":36},{"not_picked":["Cleave","Flame Barrier+1","Reckless Charge+1"],"picked":"SKIP","floor":37},{"not_picked":["Corruption","Clothesline"],"picked":"Metallicize+1","floor":38},{"not_picked":["Impervious","Pommel Strike"],"picked":"Metallicize+1","floor":41},{"not_picked":["Barrage+1","Cleave+1","Jack Of All Trades+1"],"picked":"SKIP","floor":44},{"not_picked":["Hologram","Uppercut+1"],"picked":"Blur+1","floor":45},{"not_picked":["Tactician","Wild Strike+1","Carnage+1"],"picked":"SKIP","floor":47}],"player_experience":510826,"relics_obtained":[{"floor":7,"key":"Dream Catcher"},{"floor":9,"key":"Bag of Marbles"},{"floor":24,"key":"Bird Faced Urn"},{"floor":26,"key":"MawBank"},{"floor":41,"key":"Mango"},{"floor":43,"key":"Molten Egg 2"},{"floor":45,"key":"Happy Flower"},{"floor":47,"key":"Bottled Flame"}],"event_choices":[{"damage_healed":0,"gold_gain":0,"player_choice":"Entered Light","damage_taken":19,"max_hp_gain":0,"max_hp_loss":0,"event_name":"Shining Light","floor":2,"gold_loss":0,"cards_upgraded":["Defend_R","Defend_R"]},{"damage_healed":0,"gold_gain":175,"player_choice":"AGREE","damage_taken":0,"max_hp_gain":0,"max_hp_loss":0,"event_name":"Liars Game","floor":3,"gold_loss":0,"cards_obtained":["Doubt"]},{"damage_healed":0,"gold_gain":0,"player_choice":"Grow","damage_taken":0,"max_hp_gain":0,"max_hp_loss":0,"event_name":"Living Wall","floor":10,"gold_loss":0,"cards_upgraded":["Armaments"]},{"damage_healed":0,"gold_gain":0,"player_choice":"Got Potions","damage_taken":0,"max_hp_gain":0,"max_hp_loss":0,"event_name":"Lab","floor":11,"gold_loss":0},{"damage_healed":0,"gold_gain":0,"player_choice":"Trade","damage_taken":0,"relics_obtained":["SsserpentHead"],"max_hp_gain":0,"max_hp_loss":0,"event_name":"FaceTrader","floor":22,"gold_loss":0},{"damage_healed":0,"gold_gain":0,"player_choice":"Gave Potion","damage_taken":0,"relics_obtained":["Boot"],"max_hp_gain":0,"max_hp_loss":0,"event_name":"WeMeetAgain","floor":31,"gold_loss":0},{"damage_healed":0,"gold_gain":0,"player_choice":"Fight","damage_taken":0,"max_hp_gain":0,"max_hp_loss":0,"event_name":"MindBloom","floor":41,"gold_loss":0},{"cards_removed":["Reaper"],"damage_healed":0,"gold_gain":0,"player_choice":"Removed Attack","damage_taken":0,"max_hp_gain":0,"max_hp_loss":0,"event_name":"Falling","floor":46,"gold_loss":0},{"damage_healed":33,"gold_gain":0,"player_choice":"Writhe","damage_taken":0,"max_hp_gain":0,"max_hp_loss":0,"event_name":"Winding Halls","floor":48,"gold_loss":0,"cards_obtained":["Writhe"]}],"is_beta":false,"boss_relics":[{"not_picked":["Snecko Eye","Coffee Dripper"],"picked":"Runic Pyramid"},{"not_picked":["Velvet Choker","Orrery"],"picked":"Empty Cage"}],"items_purged_floors":[4,39],"is_endless":false,"potions_floor_spawned":[5,14,18,28,30,33,35,37,38,45],"ascension_level":0}