{"path_per_floor":["M","M","M","?","M","R","M","M","T","?","$","R","?","$","R","B",null,"M","M","?","M","$","R"],"character_chosen":"IRONCLAD","items_purchased":["Pantograph","Evolve"],"gold_per_floor":[209,225,243,243,260,260,278,296,296,396,4,4,4,4,4,108,108,119,132,57,71,71,71],"floor_reached":24,"campfire_rested":0,"playtime":2441,"current_hp_per_floor":[79,80,80,80,80,80,58,60,60,60,60,60,42,42,42,23,80,63,43,43,40,40,40],"items_purged":["Strike_R"],"gold":71,"score":188,"play_id":"4c6cd36c-44b7-44de-b231-638aaebdb5e0","is_prod":false,"is_daily":false,"is_ascension_mode":false,"campfire_upgraded":4,"path_taken":["M","M","M","?","M","R","M","M","T","?","$","R","?","?","R","BOSS","M","M","?","M","?","R","E"],"build_version":"2018-02-15-PROD1","purchased_purges":1,"victory":false,"master_deck":["Strike_R","Strike_R","Strike_R","Strike_R","Defend_R","Defend_R","Defend_R","Defend_R","Bash+1","Wild Strike+1","Shrug It Off","Shrug It Off","Battle Trance+1","Headbutt+1","Berserk","Evolve+1","Reaper+1","Heavy Blade+1","Sever Soul+1","Hemokinesis+1"],"max_hp_per_floor":[80,80,80,80,80,80,80,80,80,80,80,80,80,80,80,80,80,80,80,80,80,80,80],"relics":["Burning Blood","Molten Egg 2","Frozen Eye","Pantograph","Bag of Marbles","Black Star"],"card_choices":[{"not_picked":["Hemokinesis","Fire Breathing"],"picked":"Wild Strike"},{"not_picked":["Cleave","Sentinel"],"picked":"Shrug It Off"},{"not_picked":["Warcry","Perfected Strike"],"picked":"Shrug It Off"},{"not_picked":["Intimidate","Armaments"],"picked":"Battle Trance"},{"not_picked":["Anger","Body Slam"],"picked":"Headbutt"},{"not_picked":["True Grit","Heavy Blade"],"picked":"Berserk"},{"not_picked":["Juggernaut","Immolate"],"picked":"Reaper"},{"not_picked":["Havoc","Armaments"],"picked":"Heavy Blade"},{"not_picked":["Iron Wave","Clash"],"picked":"Sever Soul"},{"not_picked":["Armaments","Flex"],"picked":"Hemokinesis"}],"player_experience":86867,"potions_floor_usage":[18,21],"damage_taken":[{"damage":7,"enemies":"Jaw Worm","floor":1,"turns":6},{"damage":0,"enemies":"2 Louse","floor":2,"turns":3},{"damage":5,"enemies":"Cultist","floor":3,"turns":5},{"damage":4,"enemies":"2 Fungi Beasts","floor":5,"turns":3},{"damage":28,"enemies":"Gremlin Gang","floor":7,"turns":9},{"damage":4,"enemies":"Large Slime","floor":8,"turns":5},{"damage":50,"enemies":"Slime Boss","floor":16,"turns":7},{"damage":23,"enemies":"Spheric Guardian","floor":18,"turns":5},{"damage":29,"enemies":"Chosen","floor":19,"turns":9},{"damage":9,"enemies":"Snecko","floor":21,"turns":6},{"damage":51,"enemies":"Gremlin Leader","floor":24,"turns":5}],"event_choices":[{"event_name":"Big Fish","player_choice":"Box","floor":4,"damage_taken":0},{"event_name":"Golden Shrine","player_choice":"Pray","floor":10,"damage_taken":0},{"event_name":"Scrap Ooze","player_choice":"success","floor":13,"damage_taken":18},{"event_name":"Beggar","player_choice":"Gave Gold","floor":20,"damage_taken":0}],"boss_relics":[{"not_picked":["Runic Pyramid","Calling Bell"],"picked":"Black Star"}],"potions_floor_spawned":[1,2,7,16,18],"seed_played":"4956519166570625094","killed_by":"Gremlin Leader","ascension_level":0,"is_trial":false}