{"gold_per_floor":[111,122,72,72,72,99,99,99,152,152,172,172,172,192,192,318,318,333,333,349,349,368,368,412,426,477,492,46,46,46,46,46,171,171,191,316,340,355,355,378,378,393,393,433,451,451,466,479,479,479],"floor_reached":50,"playtime":3355,"items_purged":[],"score":519,"play_id":"43a65914-49e3-4ff0-85d9-c0836fbebfc3","local_time":"20190212145218","is_ascension_mode":false,"campfire_choices":[{"data":"Buffer","floor":7,"key":"SMITH"},{"floor":10,"key":"REST"},{"floor":13,"key":"REST"},{"data":"Chaos","floor":15,"key":"SMITH"},{"data":"Auto Shields","floor":23,"key":"SMITH"},{"floor":29,"key":"REST"},{"floor":32,"key":"REST"},{"floor":41,"key":"REST"},{"floor":46,"key":"REST"},{"floor":49,"key":"REST"}],"neow_cost":"NONE","seed_source_timestamp":9618277729774,"circlet_count":0,"master_deck":["Strike_B","Strike_B","Strike_B","Defend_B","Defend_B","Defend_B","Defend_B","Zap","Dualcast","Buffer+1","Undo","Chaos+1","Ball Lightning","Auto Shields+1","Streamline","Stack","Conserve Battery","White Noise","Leap+1","Rainbow","Barrage+1","Bandage Up","Barrage+1","Leap+1","Redo+1","Reinforced Body","Bandage Up","Chill+1","Go for the Eyes+1","Compile Driver+1"],"relics":["Cracked Core","Ice Cream","Du-Vu Doll","Golden Idol","Nuclear Battery","Nloth\u0027s Gift","Sundial","Lantern","Anchor","TheAbacus","Lizard Tail","Pocketwatch","Gremlin Horn","Vajra"],"potions_floor_usage":[20,25,27,33,37,50,50],"damage_taken":[{"damage":1,"enemies":"Cultist","floor":1,"turns":4},{"damage":1,"enemies":"Jaw Worm","floor":2,"turns":4},{"damage":18,"enemies":"3 Sentries","floor":6,"turns":9},{"damage":0,"enemies":"2 Louse","floor":11,"turns":3},{"damage":0,"enemies":"Large Slime","floor":14,"turns":8},{"damage":3,"enemies":"Slime Boss","floor":16,"turns":8},{"damage":6,"enemies":"3 Byrds","floor":18,"turns":5},{"damage":6,"enemies":"Chosen","floor":20,"turns":4},{"damage":0,"enemies":"Snecko","floor":22,"turns":6},{"damage":32,"enemies":"Book of Stabbing","floor":24,"turns":6},{"damage":0,"enemies":"Centurion and Healer","floor":25,"turns":8},{"damage":4,"enemies":"3 Cultists","floor":27,"turns":6},{"damage":38,"enemies":"Collector","floor":33,"turns":13},{"damage":13,"enemies":"Orb Walker","floor":35,"turns":3},{"damage":0,"enemies":"Mind Bloom Boss Battle","floor":36,"turns":9},{"damage":4,"enemies":"3 Darklings","floor":37,"turns":8},{"damage":26,"enemies":"Spire Growth","floor":38,"turns":7},{"damage":39,"enemies":"Sphere and 2 Shapes","floor":40,"turns":9},{"damage":15,"enemies":"Maw","floor":42,"turns":9},{"damage":0,"enemies":"Nemesis","floor":44,"turns":13},{"damage":0,"enemies":"Jaw Worm Horde","floor":45,"turns":7},{"damage":10,"enemies":"Sphere and 2 Shapes","floor":47,"turns":10},{"damage":11,"enemies":"3 Darklings","floor":48,"turns":7},{"damage":169,"enemies":"Donu and Deca","floor":50,"turns":13}],"seed_played":"-2073273597476929566","potions_obtained":[{"floor":1,"key":"EssenceOfSteel"},{"floor":6,"key":"FairyPotion"},{"floor":11,"key":"Explosive Potion"},{"floor":24,"key":"Block Potion"},{"floor":27,"key":"LiquidBronze"},{"floor":33,"key":"SteroidPotion"},{"floor":36,"key":"AttackPotion"},{"floor":42,"key":"Strength Potion"},{"floor":44,"key":"Ancient Potion"}],"is_trial":false,"path_per_floor":["M","M","?","?","?","E","R","?","T","R","M","?","R","M","R","B",null,"M","?","M","$","M","R","E","M","T","M","$","R","?","?","R","B",null,"M","?","M","M","?","M","R","M","T","E","M","R","M","M","R","B"],"character_chosen":"DEFECT","items_purchased":["Anchor","TheAbacus","Bandage Up"],"campfire_rested":7,"item_purchase_floors":[28,28,28],"current_hp_per_floor":[74,73,73,73,78,60,60,48,48,72,72,52,76,76,76,73,80,74,74,68,68,68,68,36,36,36,32,32,56,56,56,80,46,80,67,71,71,49,49,18,42,35,35,43,51,75,70,67,80,0],"gold":479,"neow_bonus":"ONE_RANDOM_RARE_CARD","is_prod":false,"is_daily":false,"chose_seed":false,"campfire_upgraded":3,"win_rate":0.0,"timestamp":1550004738,"path_taken":["M","?","?","?","?","E","R","?","T","R","M","?","R","M","R","BOSS","M","?","M","$","?","R","E","M","T","M","$","R","?","?","R","BOSS","M","?","M","M","?","M","R","M","T","E","M","R","M","M","R","BOSS"],"build_version":"2019-01-23","purchased_purges":0,"victory":false,"max_hp_per_floor":[75,75,75,75,80,80,80,80,80,80,80,80,80,80,80,80,80,80,80,80,80,80,80,80,80,80,80,80,80,80,80,80,80,80,80,80,80,80,80,80,80,80,80,80,80,80,80,80,80,80],"card_choices":[{"not_picked":["Compile Driver","Turbo"],"picked":"Undo","floor":1},{"not_picked":["Compile Driver","Steam"],"picked":"Chaos","floor":2},{"not_picked":["Barrage","Sunder"],"picked":"Ball Lightning","floor":6},{"not_picked":["Hello World","Redo"],"picked":"Auto Shields","floor":11},{"not_picked":["Coolheaded","Hologram"],"picked":"Streamline","floor":14},{"not_picked":["Beam Cell","Aggregate"],"picked":"Stack","floor":18},{"not_picked":["Sweeping Beam","Steam"],"picked":"Conserve Battery","floor":20},{"not_picked":["Chill","Barrage"],"picked":"White Noise","floor":22},{"not_picked":["Hologram","Beam Cell"],"picked":"Leap","floor":24},{"not_picked":["Auto Shields+1","Coolheaded+1"],"picked":"Rainbow","floor":25},{"not_picked":["Loop","Fusion"],"picked":"Barrage+1","floor":27},{"not_picked":["Ball Lightning","Steam"],"picked":"Barrage+1","floor":35},{"not_picked":["Go for the Eyes+1","Reprogram+1"],"picked":"Leap+1","floor":36},{"not_picked":["Leap+1","Ball Lightning"],"picked":"Redo+1","floor":37},{"not_picked":["Conserve Battery+1","Steam+1"],"picked":"Reinforced Body","floor":38},{"not_picked":["Magnetism","Dark Shackles"],"picked":"Bandage Up","floor":39},{"not_picked":["Loop","Aggregate"],"picked":"Chill+1","floor":40},{"not_picked":["Streamline","Loop+1"],"picked":"Go for the Eyes+1","floor":42},{"not_picked":["Seek","Conserve Battery","Aggregate"],"picked":"SKIP","floor":44},{"not_picked":["Go for the Eyes","Skim","Beam Cell"],"picked":"SKIP","floor":45},{"not_picked":["Self Repair","Recycle"],"picked":"Compile Driver+1","floor":47},{"not_picked":["Aggregate","Cold Snap","Compile Driver"],"picked":"SKIP","floor":48}],"player_experience":79642,"relics_obtained":[{"floor":6,"key":"Ice Cream"},{"floor":9,"key":"Centennial Puzzle"},{"floor":24,"key":"Sundial"},{"floor":26,"key":"Lantern"},{"floor":36,"key":"Pocketwatch"},{"floor":43,"key":"Gremlin Horn"},{"floor":44,"key":"Vajra"}],"event_choices":[{"cards_removed":["Strike_B"],"damage_healed":0,"gold_gain":0,"player_choice":"Card Removal","damage_taken":0,"max_hp_gain":0,"max_hp_loss":0,"event_name":"The Cleric","floor":3,"gold_loss":50},{"damage_healed":0,"gold_gain":0,"player_choice":"Ignored","damage_taken":0,"max_hp_gain":0,"max_hp_loss":0,"event_name":"Liars Game","floor":4,"gold_loss":0},{"damage_healed":0,"gold_gain":0,"player_choice":"Donut","damage_taken":0,"max_hp_gain":5,"max_hp_loss":0,"event_name":"Big Fish","floor":5,"gold_loss":0},{"damage_healed":0,"gold_gain":0,"player_choice":"Success","damage_taken":12,"relics_obtained":["Du-Vu Doll"],"max_hp_gain":0,"max_hp_loss":0,"event_name":"Scrap Ooze","floor":8,"gold_loss":0},{"damage_healed":0,"gold_gain":0,"player_choice":"Take Damage","damage_taken":20,"relics_obtained":["Golden Idol"],"max_hp_gain":0,"max_hp_loss":0,"event_name":"Golden Idol","floor":12,"gold_loss":0},{"damage_healed":0,"gold_gain":0,"player_choice":"Traded Relic","damage_taken":0,"relics_obtained":["Nloth\u0027s Gift"],"max_hp_gain":0,"max_hp_loss":0,"event_name":"N\u0027loth","floor":19,"relics_lost":["Centennial Puzzle"],"gold_loss":0},{"damage_healed":0,"gold_gain":0,"player_choice":"Ignored","damage_taken":0,"max_hp_gain":0,"max_hp_loss":0,"event_name":"Cursed Tome","floor":30,"gold_loss":0},{"damage_healed":0,"gold_gain":0,"player_choice":"Forge","damage_taken":0,"max_hp_gain":0,"max_hp_loss":0,"event_name":"Accursed Blacksmith","floor":31,"gold_loss":0,"cards_upgraded":["Leap"]},{"damage_healed":0,"gold_gain":0,"player_choice":"Fight","damage_taken":0,"max_hp_gain":0,"max_hp_loss":0,"event_name":"MindBloom","floor":36,"gold_loss":0},{"damage_healed":0,"gold_gain":0,"player_choice":"Memory 1","damage_taken":0,"max_hp_gain":0,"max_hp_loss":0,"event_name":"SensoryStone","floor":39,"gold_loss":0}],"is_beta":false,"boss_relics":[{"not_picked":["FrozenCore","Busted Crown"],"picked":"Nuclear Battery"},{"not_picked":["Fusion Hammer","Empty Cage"],"picked":"Lizard Tail"}],"items_purged_floors":[],"is_endless":false,"potions_floor_spawned":[1,6,11,16,24,27,33,36,42,44,45,47,48],"killed_by":"Donu and Deca","ascension_level":0}