{"gold_per_floor":[110,123,123,123,140,175,175,201,226,242,259,259,224,247,247,321,321,337,168,184,184,184,184],"floor_reached":23,"playtime":876,"items_purged":["Strike_B"],"score":393,"play_id":"85b24ec7-10d2-4c94-b83a-5f17a5e63db5","local_time":"20190202111524","is_ascension_mode":true,"campfire_choices":[{"floor":7,"key":"REST"},{"data":"Scrape","floor":12,"key":"SMITH"},{"data":"Zap","floor":15,"key":"SMITH"}],"neow_cost":"NONE","seed_source_timestamp":761243307466800,"circlet_count":0,"master_deck":["AscendersBane","Strike_B","Strike_B","Strike_B","Defend_B","Defend_B","Defend_B","Defend_B","Zap+1","Dualcast","Rebound","Gash","Gash","Gash","Gash","Beam Cell","Scrape+1","Beam Cell","Leap","Fission","Conserve Battery","Auto Shields","Coolheaded","Ball Lightning"],"relics":["Cracked Core","Regal Pillow","Blood Vial","Vajra","Odd Mushroom","Inserter"],"potions_floor_usage":[6,11,23],"damage_taken":[{"damage":2,"enemies":"2 Louse","floor":1,"turns":2},{"damage":10,"enemies":"Small Slimes","floor":2,"turns":3},{"damage":7,"enemies":"Jaw Worm","floor":5,"turns":3},{"damage":16,"enemies":"Gremlin Nob","floor":6,"turns":3},{"damage":30,"enemies":"Lagavulin","floor":8,"turns":6},{"damage":1,"enemies":"Looter","floor":10,"turns":2},{"damage":0,"enemies":"Large Slime","floor":11,"turns":3},{"damage":4,"enemies":"The Mushroom Lair","floor":14,"turns":3},{"damage":41,"enemies":"Hexaghost","floor":16,"turns":8},{"damage":32,"enemies":"2 Thieves","floor":18,"turns":4},{"damage":26,"enemies":"Spheric Guardian","floor":20,"turns":4},{"damage":13,"enemies":"Slavers","floor":23,"turns":1}],"seed_played":"4937534025863093505","potions_obtained":[{"floor":1,"key":"Swift Potion"},{"floor":5,"key":"Swift Potion"},{"floor":6,"key":"Energy Potion"},{"floor":16,"key":"Explosive Potion"}],"is_trial":false,"path_per_floor":["M","M","?","?","M","E","R","E","T","M","M","R","?","?","R","B",null,"M","$","M","?","?","E"],"character_chosen":"DEFECT","items_purchased":["Auto Shields","Coolheaded"],"campfire_rested":1,"item_purchase_floors":[19,19],"current_hp_per_floor":[62,52,57,57,50,34,71,41,41,42,44,44,63,61,61,22,63,33,33,9,9,9,0],"gold":184,"neow_bonus":"THREE_CARDS","is_prod":false,"is_daily":false,"chose_seed":false,"campfire_upgraded":2,"win_rate":0,"timestamp":1549102524,"path_taken":["M","M","?","?","?","E","R","E","T","M","M","R","?","?","R","BOSS","M","$","M","?","?","E"],"build_version":"2019-01-23","purchased_purges":1,"victory":false,"max_hp_per_floor":[71,71,76,76,76,76,76,76,76,76,76,76,76,76,76,76,76,76,76,76,76,76,76],"card_choices":[{"not_picked":["Turbo","Redo"],"picked":"Rebound","floor":0},{"not_picked":["Auto Shields","Blizzard"],"picked":"Gash","floor":1},{"not_picked":["Hello World","Cold Snap"],"picked":"Gash","floor":2},{"not_picked":["Stack","Self Repair"],"picked":"Gash","floor":5},{"not_picked":["Rebound","Fusion"],"picked":"Gash","floor":6},{"not_picked":["Fusion","Coolheaded"],"picked":"Beam Cell","floor":8},{"not_picked":["Aggregate","Double Energy"],"picked":"Scrape","floor":10},{"not_picked":["Capacitor","Hyperbeam"],"picked":"Beam Cell","floor":11},{"not_picked":["Blizzard","Doom and Gloom"],"picked":"Leap","floor":14},{"not_picked":["Thunder Strike","Buffer"],"picked":"Fission","floor":16},{"not_picked":["Turbo","Sweeping Beam"],"picked":"Conserve Battery","floor":18},{"not_picked":["Gash","Reprogram"],"picked":"Ball Lightning","floor":20}],"player_experience":433338,"relics_obtained":[{"floor":6,"key":"Regal Pillow"},{"floor":8,"key":"Blood Vial"},{"floor":9,"key":"Vajra"},{"floor":14,"key":"Odd Mushroom"}],"event_choices":[{"damage_healed":0,"gold_gain":0,"player_choice":"Donut","damage_taken":0,"max_hp_gain":5,"max_hp_loss":0,"event_name":"Big Fish","floor":3,"gold_loss":0},{"damage_healed":0,"gold_gain":0,"player_choice":"Ignored","damage_taken":0,"max_hp_gain":0,"max_hp_loss":0,"event_name":"Golden Wing","floor":4,"gold_loss":0},{"damage_healed":19,"gold_gain":0,"player_choice":"Healed","damage_taken":0,"max_hp_gain":0,"max_hp_loss":0,"event_name":"The Cleric","floor":13,"gold_loss":35},{"damage_healed":0,"gold_gain":0,"player_choice":"Fought Mushrooms","damage_taken":0,"max_hp_gain":0,"max_hp_loss":0,"event_name":"Mushrooms","floor":14,"gold_loss":0},{"damage_healed":0,"gold_gain":0,"player_choice":"Ignored","damage_taken":0,"max_hp_gain":0,"max_hp_loss":0,"event_name":"The Mausoleum","floor":21,"gold_loss":0},{"damage_healed":0,"gold_gain":0,"player_choice":"Ignored","damage_taken":0,"max_hp_gain":0,"max_hp_loss":0,"event_name":"Cursed Tome","floor":22,"gold_loss":0}],"is_beta":false,"boss_relics":[{"not_picked":["FrozenCore","Busted Crown"],"picked":"Inserter"}],"items_purged_floors":[19],"is_endless":false,"potions_floor_spawned":[1,5,6,16,18],"killed_by":"Slavers","ascension_level":17}