{"gold_per_floor":[118,193,208,208,15,71,88,88,88,105,135,135,135,154,154,254,254,265,25,43,55,55,55],"floor_reached":23,"playtime":888,"items_purged":[],"score":251,"play_id":"12777c9d-8f53-4eb3-88bc-7f16ffe1295e","local_time":"20190226181443","is_ascension_mode":true,"campfire_choices":[{"floor":8,"key":"REST"},{"floor":12,"key":"REST"},{"floor":15,"key":"REST"}],"neow_cost":"NONE","seed_source_timestamp":28313758020555,"circlet_count":0,"master_deck":["Strike_B","Defend_B","Defend_B","Defend_B","Defend_B","Zap","Dualcast","Sweeping Beam","Gash","Auto Shields","Ball Lightning","Lockon","Undo","Redo","Cold Snap","Sunder","Compile Driver","All For One","Genetic Algorithm+1","Rebound+1","Storm+1","Gash","Conserve Battery","Go for the Eyes"],"relics":["Cracked Core","Peace Pipe","Tiny Chest","Matryoshka","Cables","Juzu Bracelet","Ornamental Fan","Astrolabe","Meat on the Bone"],"potions_floor_usage":[16,16,16],"damage_taken":[{"damage":2,"enemies":"Jaw Worm","floor":1,"turns":3},{"damage":0,"enemies":"2 Louse","floor":3,"turns":2},{"damage":37,"enemies":"Gremlin Nob","floor":6,"turns":4},{"damage":0,"enemies":"Cultist","floor":7,"turns":2},{"damage":1,"enemies":"Exordium Thugs","floor":10,"turns":4},{"damage":26,"enemies":"Lagavulin","floor":11,"turns":6},{"damage":1,"enemies":"Red Slaver","floor":14,"turns":3},{"damage":44,"enemies":"Hexaghost","floor":16,"turns":11},{"damage":11,"enemies":"Spheric Guardian","floor":18,"turns":4},{"damage":11,"enemies":"3 Byrds","floor":20,"turns":4},{"damage":21,"enemies":"Centurion and Healer","floor":21,"turns":5},{"damage":47,"enemies":"Book of Stabbing","floor":23,"turns":6}],"seed_played":"2067772238692533731","potions_obtained":[{"floor":3,"key":"Explosive Potion"},{"floor":6,"key":"Fruit Juice"},{"floor":10,"key":"Fire Potion"},{"floor":11,"key":"GamblersBrew"}],"is_trial":false,"path_per_floor":["M","?","M","?","$","E","M","R","T","M","E","R","T","M","R","B",null,"M","$","M","M","$","E"],"character_chosen":"DEFECT","items_purchased":["Auto Shields","Ball Lightning","Lockon","Meat on the Bone"],"campfire_rested":3,"item_purchase_floors":[5,5,5,19],"current_hp_per_floor":[80,69,69,69,69,32,32,56,56,55,29,53,53,52,76,37,75,64,64,53,44,44,0],"gold":55,"neow_bonus":"TEN_PERCENT_HP_BONUS","is_prod":false,"is_daily":false,"chose_seed":false,"campfire_upgraded":0,"win_rate":0,"timestamp":1551226483,"path_taken":["M","?","M","?","$","E","M","R","T","?","E","R","?","M","R","BOSS","M","$","M","M","$","E"],"build_version":"2019-01-23","purchased_purges":0,"victory":false,"max_hp_per_floor":[82,82,82,82,82,82,82,82,82,82,82,82,82,82,82,87,87,87,87,87,87,87,87],"card_choices":[{"not_picked":["Chaos","Lockon"],"picked":"Sweeping Beam","floor":1},{"not_picked":["Chaos","Stack"],"picked":"Gash","floor":3},{"not_picked":["Sweeping Beam","Aggregate"],"picked":"Undo","floor":6},{"not_picked":["Turbo","Beam Cell"],"picked":"Redo","floor":7},{"not_picked":["Tempest","Heatsinks"],"picked":"Cold Snap","floor":10},{"not_picked":["Barrage","Turbo"],"picked":"Sunder","floor":11},{"not_picked":["Lockon","Tempest"],"picked":"Compile Driver","floor":14},{"not_picked":["Meteor Strike","Hyperbeam"],"picked":"All For One","floor":16},{"not_picked":["Steam","White Noise"],"picked":"Gash","floor":18},{"not_picked":["Steam","Chill"],"picked":"Conserve Battery","floor":20},{"not_picked":["Sweeping Beam+1","Steam+1"],"picked":"Go for the Eyes","floor":21}],"player_experience":445382,"relics_obtained":[{"floor":6,"key":"Tiny Chest"},{"floor":9,"key":"Matryoshka"},{"floor":11,"key":"Cables"},{"floor":13,"key":"Juzu Bracelet"},{"floor":13,"key":"Ornamental Fan"}],"event_choices":[{"damage_healed":0,"gold_gain":75,"player_choice":"Gather Gold","damage_taken":11,"max_hp_gain":0,"max_hp_loss":0,"event_name":"World of Goop","floor":2,"gold_loss":0},{"damage_healed":0,"gold_gain":0,"player_choice":"Gave Potion","damage_taken":0,"relics_obtained":["Peace Pipe"],"max_hp_gain":0,"max_hp_loss":0,"event_name":"WeMeetAgain","floor":4,"gold_loss":0}],"is_beta":false,"boss_relics":[{"not_picked":["Busted Crown","Runic Dome"],"picked":"Astrolabe"}],"items_purged_floors":[],"is_endless":false,"potions_floor_spawned":[3,6,10,11],"killed_by":"Book of Stabbing","ascension_level":5}