{"gold_per_floor":[114,114,126,137,312,343,360,360,383,14,40,54,54,54,54,158,158,172,192,205,205,224,224,239,270,294,294,306,306,324,34,34,135,135,150,162,180,199,199,232,3,3,54,89,89,89],"floor_reached":47,"playtime":4583,"items_purged":["Doubt","Parasite"],"score":692,"play_id":"85a760a6-6fad-49bb-bbcb-b0439ed63c04","local_time":"20190227140457","is_ascension_mode":false,"campfire_choices":[{"floor":8,"key":"REST"},{"floor":13,"key":"REST"},{"data":"Zap","floor":15,"key":"SMITH"},{"floor":23,"key":"REST"},{"floor":29,"key":"REST"},{"floor":32,"key":"REST"},{"floor":42,"key":"REST"}],"neow_cost":"NONE","seed_source_timestamp":885800881590,"circlet_count":0,"master_deck":["Strike_B","Strike_B+1","Strike_B","Defend_B","Defend_B","Defend_B","Defend_B","Zap+1","Dualcast","Redo+1","Melter+1","Reinforced Body+1","Amplify","Rip and Tear","Stack","Tempest+1","Conserve Battery","Echo Form","Rip and Tear+1","Stack+1","Sweeping Beam","Stack+1","Genetic Algorithm","Glacier+1","Loop","Sunder+1","Loop","Seek+1","Turbo+1","Leap+1","Coolheaded+1","Double Energy+1","Force Field+1","Forethought+1","Hologram+1","Go for the Eyes+1"],"relics":["Cracked Core","Happy Flower","Regal Pillow","Mummified Hand","Omamori","Calling Bell","Boot","Question Card","Thread and Needle","Dodecahedron","Toxic Egg 2","Pen Nib","DataDisk","Sozu","Ancient Tea Set","Centennial Puzzle","Whetstone"],"potions_floor_usage":[6,11,11,18,19,19,24,25,25,33,40],"damage_taken":[{"damage":0,"enemies":"2 Louse","floor":1,"turns":3},{"damage":1,"enemies":"Cultist","floor":3,"turns":3},{"damage":1,"enemies":"Jaw Worm","floor":4,"turns":2},{"damage":28,"enemies":"Lagavulin","floor":6,"turns":7},{"damage":5,"enemies":"Looter","floor":7,"turns":3},{"damage":14,"enemies":"Gremlin Nob","floor":11,"turns":3},{"damage":3,"enemies":"Exordium Wildlife","floor":12,"turns":3},{"damage":45,"enemies":"Hexaghost","floor":16,"turns":10},{"damage":15,"enemies":"2 Thieves","floor":18,"turns":4},{"damage":1,"enemies":"3 Byrds","floor":19,"turns":3},{"damage":21,"enemies":"3 Cultists","floor":20,"turns":4},{"damage":12,"enemies":"Chosen and Byrds","floor":22,"turns":6},{"damage":10,"enemies":"Centurion and Healer","floor":24,"turns":7},{"damage":29,"enemies":"Slavers","floor":25,"turns":5},{"damage":17,"enemies":"Snake Plant","floor":28,"turns":5},{"damage":1,"enemies":"Snecko","floor":30,"turns":4},{"damage":4,"enemies":"Collector","floor":33,"turns":11},{"damage":0,"enemies":"3 Shapes","floor":35,"turns":4},{"damage":0,"enemies":"Orb Walker","floor":36,"turns":2},{"damage":0,"enemies":"Jaw Worm Horde","floor":37,"turns":5},{"damage":10,"enemies":"Spire Growth","floor":38,"turns":5},{"damage":13,"enemies":"Reptomancer","floor":40,"turns":7},{"damage":19,"enemies":"Nemesis","floor":44,"turns":7},{"damage":5,"enemies":"Awakened One","floor":46,"turns":23}],"seed_played":"2222458620324199201","potions_obtained":[{"floor":0,"key":"SkillPotion"},{"floor":0,"key":"AttackPotion"},{"floor":0,"key":"Explosive Potion"},{"floor":7,"key":"Explosive Potion"},{"floor":12,"key":"EssenceOfSteel"},{"floor":16,"key":"SpeedPotion"},{"floor":18,"key":"SpeedPotion"},{"floor":20,"key":"Explosive Potion"},{"floor":22,"key":"AttackPotion"},{"floor":28,"key":"Weak Potion"},{"floor":33,"key":"Strength Potion"}],"is_trial":false,"path_per_floor":["M","?","M","M","?","E","M","R","T","$","E","M","R","?","R","B",null,"M","M","M","?","M","R","M","E","T","?","M","R","M","$","R","B",null,"M","M","M","M","?","E","$","R","T","E","?","B",null],"character_chosen":"DEFECT","items_purchased":["Mummified Hand","Stack","DataDisk","Loop","Force Field+1","Forethought+1","Hologram+1"],"campfire_rested":6,"item_purchase_floors":[10,10,31,31,41,41,41],"current_hp_per_floor":[75,75,74,73,73,45,40,62,62,62,48,45,75,75,75,30,75,60,59,38,38,26,63,53,24,24,24,7,44,43,43,72,68,72,72,72,72,62,62,49,49,72,72,53,53,48],"gold":89,"neow_bonus":"THREE_SMALL_POTIONS","is_prod":false,"is_daily":false,"chose_seed":false,"campfire_upgraded":1,"win_rate":0,"timestamp":1551297897,"path_taken":["M","?","?","M","?","E","M","R","T","$","E","M","R","?","R","BOSS","M","M","M","?","M","R","M","E","T","?","?","R","M","$","R","BOSS","M","?","M","M","?","E","?","R","T","E","?","BOSS"],"build_version":"2019-01-23","purchased_purges":2,"victory":true,"max_hp_per_floor":[75,75,75,75,75,75,75,75,75,75,75,75,75,75,75,75,75,75,75,75,75,75,75,75,75,75,75,75,75,75,72,72,72,72,72,72,72,72,72,72,72,72,72,72,72,72],"card_choices":[{"not_picked":["Self Repair","Barrage"],"picked":"Redo","floor":1},{"not_picked":["Hello World","Compile Driver"],"picked":"Melter","floor":3},{"not_picked":["Rebound","Turbo"],"picked":"Reinforced Body","floor":4},{"not_picked":["Skim","Force Field"],"picked":"Amplify","floor":6},{"not_picked":["Hello World","Steam Power"],"picked":"Rip and Tear","floor":7},{"not_picked":["Hologram","Rebound"],"picked":"Tempest","floor":11},{"not_picked":["Sweeping Beam","Aggregate"],"picked":"Conserve Battery","floor":12},{"not_picked":["Machine Learning","Multi-Cast"],"picked":"Echo Form","floor":16},{"not_picked":["Cold Snap","Compile Driver","Loop+1"],"picked":"Rip and Tear+1","floor":18},{"not_picked":["Rip and Tear","Fusion+1","Streamline"],"picked":"Stack+1","floor":19},{"not_picked":["Barrage","Chaos","Streamline"],"picked":"Sweeping Beam","floor":20},{"not_picked":["Compile Driver","Recycle","Coolheaded"],"picked":"Stack+1","floor":22},{"not_picked":["Darkness+1","Melter","Auto Shields"],"picked":"Genetic Algorithm","floor":24},{"not_picked":["Hologram","Streamline","Redo"],"picked":"Glacier","floor":25},{"not_picked":["Aggregate+1","Cold Snap","FTL"],"picked":"Loop","floor":28},{"not_picked":["FTL","Doom and Gloom+1","Gash"],"picked":"Sunder+1","floor":30},{"not_picked":["All For One","Core Surge","Electrodynamics"],"picked":"Seek+1","floor":33},{"not_picked":["Heatsinks","Stack+1","Hologram+1"],"picked":"Turbo+1","floor":35},{"not_picked":["Steam Power+1","Beam Cell+1","Reprogram+1"],"picked":"Leap+1","floor":36},{"not_picked":["Aggregate+1","Genetic Algorithm+1","Heatsinks"],"picked":"Coolheaded+1","floor":37},{"not_picked":["Rip and Tear","Reprogram+1","Chill+1","Turbo+1"],"picked":"SKIP","floor":38},{"not_picked":["Gash","Self Repair","Skim+1"],"picked":"Double Energy+1","floor":40},{"not_picked":["Sweeping Beam+1","Steam+1","Barrage"],"picked":"Go for the Eyes+1","floor":44}],"player_experience":456719,"relics_obtained":[{"floor":6,"key":"Happy Flower"},{"floor":9,"key":"Regal Pillow"},{"floor":11,"key":"Omamori"},{"floor":17,"key":"Boot"},{"floor":17,"key":"Question Card"},{"floor":17,"key":"Thread and Needle"},{"floor":25,"key":"Toxic Egg 2"},{"floor":26,"key":"Pen Nib"},{"floor":40,"key":"Ancient Tea Set"},{"floor":43,"key":"Centennial Puzzle"},{"floor":44,"key":"Whetstone"}],"event_choices":[{"damage_healed":0,"gold_gain":0,"player_choice":"Upgraded","damage_taken":0,"max_hp_gain":0,"max_hp_loss":0,"event_name":"Upgrade Shrine","floor":2,"gold_loss":0,"cards_upgraded":["Redo"]},{"damage_healed":0,"gold_gain":175,"player_choice":"AGREE","damage_taken":0,"max_hp_gain":0,"max_hp_loss":0,"event_name":"Liars Game","floor":5,"gold_loss":0,"cards_obtained":["Doubt"]},{"damage_healed":0,"gold_gain":0,"player_choice":"Grow","damage_taken":0,"max_hp_gain":0,"max_hp_loss":0,"event_name":"Living Wall","floor":14,"gold_loss":0,"cards_upgraded":["Tempest"]},{"damage_healed":0,"gold_gain":0,"player_choice":"Opened","damage_taken":0,"relics_obtained":["Dodecahedron"],"max_hp_gain":0,"max_hp_loss":0,"event_name":"The Mausoleum","floor":21,"gold_loss":0},{"cards_removed":["Strike_B"],"damage_healed":0,"gold_gain":0,"player_choice":"Purged","damage_taken":0,"max_hp_gain":0,"max_hp_loss":0,"event_name":"Purifier","floor":27,"gold_loss":0},{"damage_healed":0,"gold_gain":0,"player_choice":"Upgraded","damage_taken":0,"max_hp_gain":0,"max_hp_loss":0,"event_name":"Upgrade Shrine","floor":39,"gold_loss":0,"cards_upgraded":["Reinforced Body"]},{"damage_healed":0,"gold_gain":0,"player_choice":"Took Portal","damage_taken":0,"max_hp_gain":0,"max_hp_loss":0,"event_name":"SecretPortal","floor":45,"gold_loss":0}],"is_beta":false,"boss_relics":[{"not_picked":["Inserter","Eternal Feather"],"picked":"Calling Bell"},{"not_picked":["Fusion Hammer","Pandora\u0027s Box"],"picked":"Sozu"}],"items_purged_floors":[10,31],"is_endless":false,"potions_floor_spawned":[4,7,12,16,18,20,22,28,33,37,44],"ascension_level":0}