{"gold_per_floor":[119,69,69,88,88,419,419,419],"floor_reached":8,"playtime":369,"items_purged":[],"score":70,"play_id":"b83b69cb-9613-4856-905a-c5fc2eb299cd","local_time":"20181222085215","is_ascension_mode":true,"campfire_choices":[],"neow_cost":"NONE","seed_source_timestamp":202972701925600,"circlet_count":0,"master_deck":["Defend_G","Defend_G","Defend_G","Defend_G+1","Strike_G","Strike_G+1","Strike_G","Strike_G","Survivor","Neutralize","Acrobatics","Deadly Poison","Bane"],"relics":["Ring of the Snake","Old Coin","Paper Crane"],"potions_floor_usage":[6],"damage_taken":[{"damage":13,"enemies":"Jaw Worm","floor":1,"turns":6},{"damage":0,"enemies":"2 Louse","floor":4,"turns":3},{"damage":30,"enemies":"Gremlin Nob","floor":6,"turns":5},{"damage":7,"enemies":"Lagavulin","floor":8,"turns":3}],"seed_played":"-7340982111560836054","potions_obtained":[{"floor":4,"key":"SkillPotion"}],"is_trial":false,"path_per_floor":["M","?","?","M","?","E","T","E"],"character_chosen":"THE_SILENT","items_purchased":[],"campfire_rested":0,"item_purchase_floors":[],"current_hp_per_floor":[57,57,42,42,35,5,5,0],"gold":419,"neow_bonus":"TEN_PERCENT_HP_BONUS","is_prod":false,"is_daily":false,"chose_seed":false,"campfire_upgraded":0,"win_rate":0,"timestamp":1545493935,"path_taken":["M","?","?","M","?","E","?","E"],"build_version":"2018-12-20","purchased_purges":0,"victory":false,"max_hp_per_floor":[77,77,77,77,77,77,77,77],"card_choices":[{"not_picked":["Bane","Underhanded Strike"],"picked":"Acrobatics","floor":1},{"not_picked":["Bane","Outmaneuver"],"picked":"Deadly Poison","floor":4},{"not_picked":["A Thousand Cuts","Finisher"],"picked":"Bane","floor":6}],"player_experience":293272,"relics_obtained":[{"floor":6,"key":"Old Coin"},{"floor":7,"key":"Paper Crane"}],"event_choices":[{"cards_removed":["Defend_G"],"damage_healed":0,"gold_gain":0,"player_choice":"Card Removal","damage_taken":0,"max_hp_gain":0,"max_hp_loss":0,"event_name":"The Cleric","floor":2,"gold_loss":50},{"damage_healed":0,"gold_gain":0,"player_choice":"Entered Light","damage_taken":15,"max_hp_gain":0,"max_hp_loss":0,"event_name":"Shining Light","floor":3,"gold_loss":0,"cards_upgraded":["Strike_G","Defend_G"]},{"cards_removed":["Strike_G"],"damage_healed":0,"gold_gain":0,"player_choice":"Card Removal","damage_taken":7,"max_hp_gain":0,"max_hp_loss":0,"event_name":"Golden Wing","floor":5,"gold_loss":0}],"is_beta":false,"boss_relics":[],"items_purged_floors":[],"is_endless":false,"potions_floor_spawned":[4],"killed_by":"Lagavulin","ascension_level":6}