{"gold_per_floor":[110,122,122,122,132,57,87,87,87,113,113,113,113,143,143,143],"floor_reached":16,"playtime":617,"items_purged":["Strike_R"],"score":138,"play_id":"6be87fe9-0011-4e1f-8433-f0a99576b969","local_time":"20180806223705","is_ascension_mode":true,"campfire_choices":[{"data":"Body Slam","floor":8,"key":"SMITH"},{"floor":11,"key":"REST"},{"data":"Headbutt","floor":13,"key":"SMITH"},{"floor":15,"key":"REST"}],"neow_cost":"NONE","seed_source_timestamp":440256737755815,"circlet_count":0,"master_deck":["Strike_R","Strike_R","Strike_R","Defend_R","Defend_R","Defend_R","Defend_R","Bash","Twin Strike","Body Slam+1","Cleave","Headbutt+1"],"relics":["Burning Blood","FaceOfCleric","Frozen Egg 2","Matryoshka","Gremlin Horn","Question Card","Self Forming Clay","Art of War","Tiny Chest"],"potions_floor_usage":[7,10],"damage_taken":[{"damage":7,"enemies":"Jaw Worm","floor":1,"turns":3},{"damage":0,"enemies":"Cultist","floor":2,"turns":4},{"damage":10,"enemies":"Small Slimes","floor":5,"turns":4},{"damage":35,"enemies":"3 Sentries","floor":7,"turns":10},{"damage":32,"enemies":"Gremlin Nob","floor":10,"turns":5},{"damage":61,"enemies":"The Guardian","floor":16,"turns":13}],"seed_played":"2255114323034545134","potions_obtained":[{"floor":5,"key":"Poison Potion"},{"floor":7,"key":"SpeedPotion"}],"is_trial":false,"path_per_floor":["M","M","?","?","M","$","E","R","T","E","R","?","R","T","R"],"character_chosen":"IRONCLAD","items_purchased":[],"campfire_rested":2,"item_purchase_floors":[],"current_hp_per_floor":[71,77,77,74,71,71,43,43,43,18,42,35,35,35,59,0],"gold":143,"neow_bonus":"THREE_CARDS","is_prod":false,"is_daily":false,"chose_seed":false,"campfire_upgraded":2,"win_rate":0,"timestamp":1533587825,"path_taken":["M","M","?","?","?","$","E","R","T","E","R","?","R","?","R","BOSS"],"build_version":"2018-08-02","purchased_purges":1,"victory":false,"max_hp_per_floor":[80,80,80,80,81,81,82,82,82,83,83,83,83,83,83,83],"card_choices":[{"not_picked":["Shrug It Off","Shockwave"],"picked":"Twin Strike","floor":0},{"not_picked":["Flex","Power Through","Clothesline"],"picked":"SKIP","floor":1},{"not_picked":["Shockwave","Heavy Blade"],"picked":"Body Slam","floor":2},{"not_picked":["Perfected Strike","Entrench"],"picked":"Cleave","floor":5},{"not_picked":["Offering","Blood for Blood","Entrench"],"picked":"SKIP","floor":7},{"not_picked":["Entrench","Wild Strike","Iron Wave"],"picked":"Headbutt","floor":10}],"player_experience":513153,"relics_obtained":[{"floor":7,"key":"Matryoshka"},{"floor":9,"key":"Gremlin Horn"},{"floor":9,"key":"Question Card"},{"floor":10,"key":"Self Forming Clay"},{"floor":14,"key":"Art of War"},{"floor":14,"key":"Tiny Chest"}],"event_choices":[{"event_name":"FaceTrader","player_choice":"Trade","floor":3,"damage_taken":0},{"event_name":"Scrap Ooze","player_choice":"success","floor":4,"damage_taken":3},{"event_name":"Golden Wing","player_choice":"Card Removal","floor":12,"damage_taken":0}],"is_beta":false,"boss_relics":[],"items_purged_floors":[6],"is_endless":false,"potions_floor_spawned":[5,7],"killed_by":"The Guardian","ascension_level":6}