{"gold_per_floor":[116,140,159,171,184,184,244,254,254,285,305,305,305],"floor_reached":13,"playtime":1128,"items_purged":[],"score":136,"play_id":"045b3608-52f7-4d89-a2be-b2815c07a374","local_time":"20190302122523","is_ascension_mode":true,"campfire_choices":[{"floor":6,"key":"REST"},{"floor":12,"key":"REST"}],"neow_cost":"NONE","seed_source_timestamp":403755946191200,"circlet_count":0,"master_deck":["Defend_G","Defend_G","Defend_G","Defend_G","Defend_G","Strike_G","Strike_G","Strike_G","Strike_G","Strike_G","Survivor","Neutralize","Quick Slash","Deadly Poison","Deadly Poison","Bullet Time","Leg Sweep+1","Slice"],"relics":["Black Star","Bag of Preparation","Bottled Lightning","Tiny Chest","Shuriken","Toxic Egg 2","Blood Vial"],"potions_floor_usage":[7,10],"damage_taken":[{"damage":8,"enemies":"Cultist","floor":1,"turns":6},{"damage":4,"enemies":"Jaw Worm","floor":3,"turns":4},{"damage":9,"enemies":"Small Slimes","floor":4,"turns":5},{"damage":5,"enemies":"Looter","floor":5,"turns":4},{"damage":31,"enemies":"Gremlin Nob","floor":7,"turns":4},{"damage":5,"enemies":"Large Slime","floor":8,"turns":7},{"damage":14,"enemies":"Lagavulin","floor":10,"turns":6},{"damage":1,"enemies":"Exordium Thugs","floor":11,"turns":4},{"damage":32,"enemies":"3 Sentries","floor":13,"turns":10}],"seed_played":"4559164936015095991","potions_obtained":[{"floor":3,"key":"SpeedPotion"},{"floor":5,"key":"Weak Potion"},{"floor":11,"key":"Dexterity Potion"}],"is_trial":false,"path_per_floor":["M","T","M","M","M","R","E","M","T","E","M","R","E"],"character_chosen":"THE_SILENT","items_purchased":[],"campfire_rested":2,"item_purchase_floors":[],"current_hp_per_floor":[55,55,51,42,37,58,27,22,22,8,9,30,0],"gold":305,"neow_bonus":"BOSS_RELIC","is_prod":false,"is_daily":false,"chose_seed":false,"campfire_upgraded":0,"win_rate":0,"timestamp":1551554723,"path_taken":["M","?","M","M","M","R","E","M","T","E","M","R","E"],"build_version":"2019-01-23","purchased_purges":0,"victory":false,"max_hp_per_floor":[70,70,70,70,70,70,70,70,70,70,70,70,70],"card_choices":[{"not_picked":["Eviscerate","Deflect"],"picked":"Quick Slash","floor":1},{"not_picked":["Outmaneuver","Acrobatics"],"picked":"Deadly Poison","floor":3},{"not_picked":["Flying Knee","Eviscerate","Predator"],"picked":"SKIP","floor":4},{"not_picked":["Calculated Gamble","Dodge and Roll"],"picked":"Deadly Poison","floor":5},{"not_picked":["Underhanded Strike","Slice","Terror"],"picked":"SKIP","floor":7},{"not_picked":["Dodge and Roll","Underhanded Strike"],"picked":"Bullet Time","floor":8},{"not_picked":["Acrobatics","Quick Slash"],"picked":"Leg Sweep","floor":10},{"not_picked":["Escape Plan+1","PiercingWail+1"],"picked":"Slice","floor":11}],"player_experience":426145,"relics_obtained":[{"floor":2,"key":"Bag of Preparation"},{"floor":7,"key":"Bottled Lightning"},{"floor":7,"key":"Tiny Chest"},{"floor":9,"key":"Shuriken"},{"floor":10,"key":"Toxic Egg 2"},{"floor":10,"key":"Blood Vial"}],"event_choices":[],"is_beta":false,"boss_relics":[],"items_purged_floors":[],"is_endless":false,"potions_floor_spawned":[3,5,11],"killed_by":"3 Sentries","ascension_level":8}