{"path_per_floor":["M","M","M","$","M","R","M","?","T","R","M","M","M","?","R","B",null,"M","T","T","$","?","R","M","R","T","R","T","$","E","M","R","B",null,"M","T","M","M","$","E","R","M","T","?","R","M","M","M","R","B"],"character_chosen":"THE_SILENT","items_purchased":["Bouncing Flask","Paper Crane","Footwork","Apotheosis","Poisoned Stab"],"gold_per_floor":[113,127,142,29,43,43,63,63,138,138,151,170,186,136,136,238,238,249,249,249,7,7,7,22,22,22,22,322,43,70,84,84,185,185,202,226,246,257,157,186,186,206,206,206,206,226,240,255,255,255],"floor_reached":51,"campfire_rested":1,"playtime":5301,"current_hp_per_floor":[70,70,70,70,64,64,54,54,54,54,53,42,42,42,42,21,70,67,67,67,67,67,67,49,49,49,49,49,49,49,41,41,40,70,70,70,50,50,50,50,50,44,44,44,65,65,59,57,57,43],"items_purged":["Strike_G","Strike_G"],"gold":255,"play_id":"4d31651c-da25-43ca-b78f-4d645ccdafa3","is_prod":false,"is_daily":false,"campfire_rituals":0,"campfire_upgraded":7,"is_hardmode":false,"path_taken":["M","M","M","$","M","R","M","?","T","R","M","M","M","?","R","BOSS","M","?","?","?","?","R","M","R","T","R","?","$","E","?","R","BOSS","M","?","M","M","$","E","R","M","T","?","R","M","M","M","R","BOSS"],"build_version":"2018-01-11-PROD2","purchased_purges":3,"victory":true,"master_deck":["Defend_G","Defend_G","Defend_G","Defend_G","Survivor","Neutralize","Deflect","Prepared","Terror","Sucker Punch","Bouncing Flask","Footwork","Flying Knee","Flying Knee","Catalyst","Backflip","Adrenaline","Backflip","Caltrops","Footwork","Apotheosis","Poisoned Stab","Leg Sweep","Catalyst","Venomology","Noxious Fumes","Predator","Slice","Distraction","Tools of the Trade"],"max_hp_per_floor":[70,70,70,70,70,70,70,70,70,70,70,70,70,70,70,70,70,70,70,70,70,70,70,70,70,70,70,70,70,70,70,70,70,70,70,70,70,70,70,70,70,70,70,70,70,70,70,70,70,70],"relics":["Ring of the Snake","Tiny Chest","White Beast Statue","Calipers","Lantern","Paper Crane","Meat on the Bone","Old Coin","Peace Pipe","The Specimen","Molten Egg","Ice Cream","Ginger"],"campfire_meditates":0,"card_choices":[{"not_picked":["Caltrops","Infinite Blades"],"picked":"Deflect"},{"not_picked":["Deadly Poison","Dodge and Roll"],"picked":"Prepared"},{"not_picked":["Distraction","Malaise"],"picked":"Terror"},{"not_picked":["Envenom","Outmaneuver"],"picked":"Sucker Punch"},{"not_picked":["Bane","Finisher"],"picked":"Footwork"},{"not_picked":["Dodge and Roll","Malaise"],"picked":"Flying Knee"},{"not_picked":["Deadly Poison","Calculated Gamble"],"picked":"Flying Knee"},{"not_picked":["Bane","Flying Knee"],"picked":"Catalyst"},{"not_picked":["Dagger Spray","Calculated Gamble"],"picked":"Backflip"},{"not_picked":["Phantasmal Killer","Doppelganger"],"picked":"Adrenaline"},{"not_picked":["PiercingWail","Poisoned Stab"],"picked":"Backflip"},{"not_picked":["Deadly Poison","Prepared"],"picked":"Caltrops"},{"not_picked":["Calculated Gamble","PiercingWail"],"picked":"Leg Sweep"},{"not_picked":["Bane","Dagger Throw"],"picked":"Catalyst"},{"not_picked":["Wraith Form","Envenom"],"picked":"Venomology"},{"not_picked":["Flying Knee","Crippling Poison"],"picked":"Noxious Fumes"},{"not_picked":["PiercingWail","Prepared"],"picked":"Predator"},{"not_picked":["Dagger Throw","Backflip"],"picked":"Slice"},{"not_picked":["Sucker Punch","Quick Slash"],"picked":"Distraction"},{"not_picked":["Prepared","Quick Slash"],"picked":"Tools of the Trade"}],"player_experience":31394,"potions_floor_usage":[16,16,16,30,33,35,37,37,38,40,42,46,46,47,50,50],"damage_taken":[{"damage":0,"enemies":"Jaw Worm","floor":1,"turns":6},{"damage":0,"enemies":"Small Slimes","floor":2,"turns":4},{"damage":0,"enemies":"2 Louse","floor":3,"turns":3},{"damage":6,"enemies":"Exordium Wildlife","floor":5,"turns":3},{"damage":10,"enemies":"Lots of Slimes","floor":7,"turns":7},{"damage":1,"enemies":"Red Slaver","floor":11,"turns":3},{"damage":11,"enemies":"Exordium Thugs","floor":12,"turns":7},{"damage":0,"enemies":"Exordium Wildlife","floor":13,"turns":3},{"damage":51,"enemies":"Slime Boss","floor":16,"turns":18},{"damage":3,"enemies":"Chosen","floor":18,"turns":4},{"damage":18,"enemies":"3 Byrds","floor":24,"turns":6},{"damage":0,"enemies":"Book of Stabbing","floor":30,"turns":4},{"damage":8,"enemies":"Slaver and Parasite","floor":31,"turns":5},{"damage":1,"enemies":"Automaton","floor":33,"turns":9},{"damage":0,"enemies":"Orb Walker","floor":35,"turns":4},{"damage":20,"enemies":"3 Darklings","floor":37,"turns":8},{"damage":0,"enemies":"Maw","floor":38,"turns":5},{"damage":0,"enemies":"Giant Head","floor":40,"turns":7},{"damage":6,"enemies":"Sphere and 2 Shapes","floor":42,"turns":6},{"damage":0,"enemies":"3 Darklings","floor":46,"turns":4},{"damage":6,"enemies":"4 Shapes","floor":47,"turns":6},{"damage":2,"enemies":"Maw","floor":48,"turns":4},{"damage":14,"enemies":"Time Eater","floor":50,"turns":6}],"event_choices":[{"event_name":"Living Wall","player_choice":"Grow","floor":8,"damage_taken":0},{"event_name":"The Cleric","player_choice":"Card Removal","floor":14,"damage_taken":0},{"event_name":"Beggar","player_choice":"Ignored","floor":22,"damage_taken":0}],"boss_relics":[{"not_picked":["Runic Pyramid","Velvet Choker"],"picked":"White Beast Statue"},{"not_picked":["Cursed Key","Eternal Feather"],"picked":"The Specimen"}],"potions_floor_spawned":[2,5,11,12,13,18,24,30,31,33,35,37,38,40,42,46,47,48],"seed_played":"1925949111764109875","is_trial":false}