{"gold_per_floor":[113,128,145,145,161,161,189,189,266,279,279,293,293,324,324,450,450,466,490,490,509,509,509,525,525,525,7,21,21,21,21,21,147,147,171,190,190,208,231,231,275,275,275,275,291,291,312,28,28,28],"floor_reached":50,"playtime":1850,"items_purged":[],"score":854,"play_id":"fe85b528-f0b9-44f4-9dad-69f4ba8c5911","local_time":"20190201114912","is_ascension_mode":true,"campfire_choices":[{"floor":6,"key":"REST"},{"data":"Glass Knife","floor":8,"key":"SMITH"},{"data":"Adrenaline","floor":11,"key":"SMITH"},{"data":"Bane","floor":15,"key":"SMITH"},{"data":"Envenom","floor":23,"key":"SMITH"},{"data":"Catalyst","floor":25,"key":"SMITH"},{"floor":29,"key":"REST"},{"data":"Bouncing Flask","floor":32,"key":"SMITH"},{"floor":40,"key":"REST"},{"floor":42,"key":"REST"},{"floor":46,"key":"REST"},{"floor":49,"key":"REST"}],"neow_cost":"NONE","seed_source_timestamp":675854371542300,"circlet_count":0,"master_deck":["AscendersBane","Defend_G+1","Defend_G+1","Defend_G+1","Defend_G+1","Strike_G+1","Survivor","Neutralize+1","Bane+1","Dagger Spray","Adrenaline+1","Glass Knife+1","Bane+1","Flying Knee","Envenom+1","Poisoned Stab","Corpse Explosion","Calculated Gamble+1","Tactician+1","All Out Attack+1","Deadly Poison","Poisoned Stab","Catalyst+1","Bouncing Flask+1","Escape Plan","Calculated Gamble","Catalyst+1","Envenom+1","Deadly Poison","Terror","Prepared+1","Leg Sweep","Caltrops+1","Footwork+1"],"relics":["Ring of the Snake","Calipers","Pear","Golden Idol","Lantern","Astrolabe","Frozen Egg 2","Shuriken","Meat on the Bone","PreservedInsect","Fusion Hammer","Mercury Hourglass","Pantograph","Ornamental Fan"],"potions_floor_usage":[12,14,16,18,36,38,41,45,50,50],"damage_taken":[{"damage":2,"enemies":"Cultist","floor":1,"turns":5},{"damage":0,"enemies":"Small Slimes","floor":2,"turns":4},{"damage":7,"enemies":"Jaw Worm","floor":3,"turns":4},{"damage":9,"enemies":"Exordium Thugs","floor":5,"turns":6},{"damage":19,"enemies":"3 Sentries","floor":7,"turns":7},{"damage":2,"enemies":"3 Louse","floor":10,"turns":2},{"damage":0,"enemies":"Looter","floor":12,"turns":1},{"damage":0,"enemies":"Gremlin Nob","floor":14,"turns":3},{"damage":15,"enemies":"Slime Boss","floor":16,"turns":6},{"damage":1,"enemies":"2 Thieves","floor":18,"turns":2},{"damage":9,"enemies":"Chosen","floor":19,"turns":4},{"damage":2,"enemies":"Centurion and Healer","floor":21,"turns":5},{"damage":19,"enemies":"Sentry and Sphere","floor":24,"turns":6},{"damage":0,"enemies":"3 Cultists","floor":28,"turns":2},{"damage":62,"enemies":"Champ","floor":33,"turns":8},{"damage":2,"enemies":"Orb Walker","floor":35,"turns":3},{"damage":40,"enemies":"3 Darklings","floor":36,"turns":3},{"damage":21,"enemies":"Sphere and 2 Shapes","floor":38,"turns":6},{"damage":11,"enemies":"4 Shapes","floor":39,"turns":4},{"damage":57,"enemies":"Reptomancer","floor":41,"turns":5},{"damage":15,"enemies":"Jaw Worm Horde","floor":45,"turns":4},{"damage":5,"enemies":"3 Darklings","floor":47,"turns":3},{"damage":74,"enemies":"Awakened One","floor":50,"turns":5}],"seed_played":"-6376029919122702559","potions_obtained":[{"floor":3,"key":"GamblersBrew"},{"floor":7,"key":"PowerPotion"},{"floor":10,"key":"Strength Potion"},{"floor":12,"key":"GhostInAJar"},{"floor":16,"key":"Swift Potion"},{"floor":24,"key":"Regen Potion"},{"floor":36,"key":"Weak Potion"},{"floor":38,"key":"FearPotion"},{"floor":41,"key":"Swift Potion"},{"floor":47,"key":"SkillPotion"}],"is_trial":false,"path_per_floor":["M","M","M","?","M","R","E","R","T","M","R","M","?","E","R","B",null,"M","M","?","M","T","R","M","R","T","$","M","R","?","?","R","B",null,"M","M","?","M","M","R","E","R","T","?","M","R","M","$","R","B"],"character_chosen":"THE_SILENT","items_purchased":["Meat on the Bone","PreservedInsect","Escape Plan","SkillPotion","Footwork+1","Ornamental Fan"],"campfire_rested":6,"item_purchase_floors":[27,27,27,27,48,48],"current_hp_per_floor":[61,61,54,54,45,66,47,47,57,55,55,55,55,55,55,40,66,65,56,56,54,54,54,35,35,35,35,47,69,69,69,69,19,60,58,30,30,35,36,58,13,35,35,35,32,54,49,49,71,0],"gold":28,"neow_bonus":"UPGRADE_CARD","is_prod":false,"is_daily":false,"chose_seed":false,"campfire_upgraded":6,"win_rate":0,"timestamp":1549018152,"path_taken":["M","M","M","?","M","R","E","R","T","?","R","M","?","E","R","BOSS","M","M","?","M","?","R","M","R","T","$","?","R","?","?","R","BOSS","M","M","?","?","M","R","E","R","T","?","M","R","M","$","R","BOSS"],"build_version":"2019-01-23","purchased_purges":0,"victory":false,"max_hp_per_floor":[70,70,70,70,70,70,70,70,80,80,80,80,74,74,74,74,74,74,74,74,74,74,74,74,74,74,74,74,74,74,74,74,74,74,74,74,74,74,74,74,74,74,74,74,74,74,74,74,74,74],"card_choices":[{"not_picked":["Outmaneuver","Accuracy"],"picked":"Bane","floor":1},{"not_picked":["Quick Slash","Escape Plan"],"picked":"Dagger Spray","floor":2},{"not_picked":["Backflip","Dodge and Roll"],"picked":"Adrenaline","floor":3},{"not_picked":["PiercingWail","Blade Dance"],"picked":"Bane","floor":5},{"not_picked":["Underhanded Strike","Distraction"],"picked":"Flying Knee","floor":7},{"not_picked":["Blade Dance","Infinite Blades","Acrobatics"],"picked":"SKIP","floor":10},{"not_picked":["Prepared","Bane"],"picked":"Envenom","floor":12},{"not_picked":["Outmaneuver","Endless Agony"],"picked":"Poisoned Stab","floor":14},{"not_picked":["Glass Knife","Bullet Time"],"picked":"Corpse Explosion","floor":16},{"not_picked":["Sucker Punch","Underhanded Strike"],"picked":"Deadly Poison","floor":18},{"not_picked":["Finisher","Tactician"],"picked":"Poisoned Stab","floor":19},{"not_picked":["Poisoned Stab","Well Laid Plans"],"picked":"Catalyst","floor":21},{"not_picked":["Dagger Spray","Deflect"],"picked":"Bouncing Flask","floor":24},{"not_picked":["Endless Agony","Eviscerate"],"picked":"Calculated Gamble","floor":28},{"not_picked":["Doppelganger","Wraith Form v2+1"],"picked":"Envenom+1","floor":33},{"not_picked":["Flechettes","Acrobatics","Quick Slash"],"picked":"SKIP","floor":35},{"not_picked":["Blade Dance","Dagger Spray"],"picked":"Deadly Poison","floor":36},{"not_picked":["Outmaneuver+1","Masterful Stab"],"picked":"Terror","floor":38},{"not_picked":["Calculated Gamble","Flying Knee"],"picked":"Prepared+1","floor":39},{"not_picked":["Predator+1","Crippling Poison+1"],"picked":"Leg Sweep","floor":41},{"not_picked":["Unload","Endless Agony","Calculated Gamble"],"picked":"SKIP","floor":45},{"not_picked":["Prepared+1","Dodge and Roll"],"picked":"Caltrops+1","floor":47}],"player_experience":430090,"relics_obtained":[{"floor":7,"key":"Calipers"},{"floor":9,"key":"Pear"},{"floor":14,"key":"Lantern"},{"floor":22,"key":"Frozen Egg 2"},{"floor":26,"key":"Shuriken"},{"floor":41,"key":"Mercury Hourglass"},{"floor":43,"key":"Pantograph"}],"event_choices":[{"damage_healed":0,"gold_gain":0,"cards_transformed":["Strike_G"],"player_choice":"Transformed","damage_taken":0,"max_hp_gain":0,"max_hp_loss":0,"event_name":"Transmorgrifier","floor":4,"gold_loss":0,"cards_obtained":["Glass Knife"]},{"damage_healed":0,"gold_gain":0,"player_choice":"Lose Max HP","damage_taken":0,"relics_obtained":["Golden Idol"],"max_hp_gain":0,"max_hp_loss":6,"event_name":"Golden Idol","floor":13,"gold_loss":0},{"damage_healed":0,"gold_gain":0,"player_choice":"Simplicity","damage_taken":0,"max_hp_gain":0,"max_hp_loss":0,"event_name":"Back to Basics","floor":20,"gold_loss":0,"cards_upgraded":["Defend_G","Defend_G","Defend_G","Defend_G","Defend_G","Strike_G"]},{"damage_healed":0,"gold_gain":0,"player_choice":"Ignored","damage_taken":0,"max_hp_gain":0,"max_hp_loss":0,"event_name":"Ghosts","floor":30,"gold_loss":0},{"damage_healed":0,"gold_gain":0,"player_choice":"Copied","damage_taken":0,"max_hp_gain":0,"max_hp_loss":0,"event_name":"Duplicator","floor":31,"gold_loss":0,"cards_obtained":["Catalyst"]},{"damage_healed":0,"gold_gain":0,"player_choice":"Forge","damage_taken":0,"max_hp_gain":0,"max_hp_loss":0,"event_name":"Accursed Blacksmith","floor":37,"gold_loss":0,"cards_upgraded":["Bane"]},{"cards_removed":["Defend_G"],"damage_healed":0,"gold_gain":0,"player_choice":"Removed Skill","damage_taken":0,"max_hp_gain":0,"max_hp_loss":0,"event_name":"Falling","floor":44,"gold_loss":0}],"is_beta":false,"boss_relics":[{"not_picked":["Ectoplasm","Tiny House"],"picked":"Astrolabe"},{"not_picked":["Orrery","WristBlade"],"picked":"Fusion Hammer"}],"items_purged_floors":[],"is_endless":false,"potions_floor_spawned":[3,7,10,12,16,24,33,36,38,41,47],"killed_by":"Awakened One","ascension_level":12}