{"gold_per_floor":[116,126,126,51,68,102,102,134,134,134,152,182,182,182,182,287,287,307,150,150,169,169,194,194,220,220,236,61,72,82,82,82,184,184,196,196,210,485,504,504,523,539,539,202,202,213,213,233,233,233],"floor_reached":50,"playtime":5573,"items_purged":["Doubt"],"score":628,"play_id":"8dcd16fd-8afb-4d75-b1d5-2e15972dbb44","local_time":"20190305153923","is_ascension_mode":true,"campfire_choices":[{"floor":7.0,"key":"REST"},{"floor":10.0,"key":"REST"},{"floor":13.0,"key":"RECALL"},{"floor":15.0,"key":"REST"},{"floor":24.0,"key":"REST"},{"floor":32,"key":"REST"},{"floor":40,"key":"REST"},{"floor":45,"key":"REST"},{"floor":49,"key":"REST"}],"neow_cost":"CURSE","seed_source_timestamp":0,"circlet_count":0,"master_deck":["Defend_G","Defend_G","Defend_G","Defend_G","Strike_G","Strike_G","Strike_G","Survivor","Neutralize","Envenom+1","Backstab","PiercingWail","Endless Agony+1","Deadly Poison","Noxious Fumes","Bouncing Flask","Well Laid Plans","Predator","Envenom","Noxious Fumes","Poisoned Stab+1","Deadly Poison","Bouncing Flask+1","Well Laid Plans","Catalyst","Poisoned Stab","Bandage Up","Slice+1","Burst","Deadly Poison+1","Noxious Fumes","Catalyst+1","Deadly Poison+1","Noxious Fumes","Catalyst","Footwork+1"],"special_seed":0,"relics":["Ring of the Snake","Anchor","Letter Opener","Pear","Dodecahedron","Lizard Tail","Snake Skull","Omamori","Whetstone","Cursed Key","Question Card","ClockworkSouvenir"],"potions_floor_usage":[33,33,42,42,50,50],"damage_taken":[{"damage":0.0,"enemies":"Small Slimes","floor":1.0,"turns":4.0},{"damage":0.0,"enemies":"2 Louse","floor":2.0,"turns":2.0},{"damage":0.0,"enemies":"Jaw Worm","floor":5.0,"turns":3.0},{"damage":31.0,"enemies":"3 Sentries","floor":6.0,"turns":12.0},{"damage":14.0,"enemies":"Gremlin Nob","floor":8.0,"turns":4.0},{"damage":0.0,"enemies":"3 Louse","floor":11.0,"turns":3.0},{"damage":25.0,"enemies":"3 Sentries","floor":12.0,"turns":7.0},{"damage":34.0,"enemies":"The Guardian","floor":16.0,"turns":8.0},{"damage":13.0,"enemies":"Shell Parasite","floor":18.0,"turns":5.0},{"damage":0.0,"enemies":"Chosen","floor":21.0,"turns":4.0},{"damage":21.0,"enemies":"Book of Stabbing","floor":23.0,"turns":5.0},{"damage":25.0,"enemies":"Gremlin Leader","floor":25.0,"turns":6.0},{"damage":17.0,"enemies":"Snecko","floor":27.0,"turns":4.0},{"damage":22.0,"enemies":"Centurion and Healer","floor":29.0,"turns":7.0},{"damage":20.0,"enemies":"Cultist and Chosen","floor":30.0,"turns":5.0},{"damage":58,"enemies":"Automaton","floor":33,"turns":7},{"damage":0,"enemies":"3 Shapes","floor":35,"turns":3},{"damage":9,"enemies":"Orb Walker","floor":37,"turns":3},{"damage":36,"enemies":"Writhing Mass","floor":39,"turns":4},{"damage":0,"enemies":"Transient","floor":41,"turns":5},{"damage":12,"enemies":"Spire Growth","floor":42,"turns":3},{"damage":42,"enemies":"Jaw Worm Horde","floor":46,"turns":4},{"damage":0,"enemies":"Transient","floor":48,"turns":5},{"damage":68,"enemies":"Time Eater","floor":50,"turns":4}],"seed_played":"-2828718732068911338","potions_obtained":[{"floor":1.0,"key":"EssenceOfSteel"},{"floor":5.0,"key":"Explosive Potion"},{"floor":12.0,"key":"Swift Potion"},{"floor":16.0,"key":"FearPotion"},{"floor":18.0,"key":"Fire Potion"},{"floor":23.0,"key":"Strength Potion"},{"floor":30.0,"key":"SteroidPotion"},{"floor":31.0,"key":"SkillPotion"},{"floor":31.0,"key":"Energy Potion"},{"floor":33,"key":"SpeedPotion"},{"floor":35,"key":"SteroidPotion"},{"floor":39,"key":"SpeedPotion"},{"floor":48,"key":"PowerPotion"}],"is_trial":false,"path_per_floor":["M","M","?","$","M","E","R","E","T","R","M","E","R","?","R","B",null,"M","$","?","M","?","E","R","E","T","M","$","M","M","?","R","B",null,"M","?","M","?","M","R","M","M","T","$","R","M","?","M","R","B"],"character_chosen":"THE_SILENT","items_purchased":["Snake Skull","Catalyst","Poisoned Stab","Bandage Up","ClockworkSouvenir","Noxious Fumes","Catalyst"],"campfire_rested":8,"item_purchase_floors":[19,28,28,28,44,44,44],"current_hp_per_floor":[70,70,70,70,70,39,60,46,56,80,80,55,55,48,72,38,80,67,67,67,67,67,46,70,45,45,28,28,10,33,33,57,3,80,80,80,71,71,35,59,63,51,51,51,75,37,37,37,61,0],"gold":233,"neow_bonus":"TRANSFORM_TWO_CARDS","is_prod":false,"is_daily":false,"chose_seed":false,"campfire_upgraded":0,"win_rate":0,"timestamp":1551818363,"path_taken":["M","M","?","$","M","E","R","E","T","R","M","E","R","?","R","BOSS","M","$","?","M","?","E","R","E","T","M","$","M","M","?","R","BOSS","M","?","?","?","M","R","M","M","T","?","R","?","?","M","R","BOSS"],"build_version":"2019-01-23","purchased_purges":1,"victory":false,"max_hp_per_floor":[70,70,70,70,70,70,70,70,80,80,80,80,80,80,80,80,80,80,80,80,80,80,80,80,80,80,80,80,80,80,80,80,80,80,80,80,80,80,80,80,80,80,80,80,80,80,80,80,80,80],"card_choices":[{"not_picked":["Dagger Throw","Masterful Stab"],"picked":"PiercingWail","floor":1.0},{"not_picked":["Quick Slash","PiercingWail"],"picked":"Endless Agony","floor":2.0},{"not_picked":["Prepared","PiercingWail"],"picked":"Deadly Poison","floor":5.0},{"not_picked":["Tactician","Sucker Punch"],"picked":"Noxious Fumes","floor":6.0},{"not_picked":["Slice","Tactician"],"picked":"Bouncing Flask","floor":8.0},{"not_picked":["Wraith Form v2","Blade Dance"],"picked":"Well Laid Plans","floor":11.0},{"not_picked":["Distraction","Sucker Punch"],"picked":"Predator","floor":12.0},{"not_picked":["Phantasmal Killer","Wraith Form v2"],"picked":"Envenom","floor":16.0},{"not_picked":["Crippling Poison","Quick Slash"],"picked":"Noxious Fumes","floor":18.0},{"not_picked":["Blade Dance","Tactician+1"],"picked":"Poisoned Stab","floor":21.0},{"not_picked":["Acrobatics","Prepared"],"picked":"Deadly Poison","floor":23.0},{"not_picked":["Dagger Spray+1","Dodge and Roll"],"picked":"Bouncing Flask+1","floor":25.0},{"not_picked":["Skewer+1","Flying Knee+1"],"picked":"Well Laid Plans","floor":27.0},{"not_picked":["Flying Knee+1","Dagger Spray","Blur"],"picked":"SKIP","floor":29.0},{"not_picked":["Blur","Dagger Throw"],"picked":"Slice+1","floor":30.0},{"not_picked":["Unload","Tools of the Trade"],"picked":"Burst","floor":33},{"not_picked":["Blade Dance+1","Prepared+1"],"picked":"Deadly Poison+1","floor":35},{"not_picked":["Backflip","Flying Knee+1"],"picked":"Catalyst+1","floor":37},{"not_picked":["Skewer","Heel Hook","Infinite Blades+1"],"picked":"SKIP","floor":39},{"not_picked":["Poisoned Stab","Masterful Stab","Expertise"],"picked":"SKIP","floor":41},{"not_picked":["Doppelganger","Underhanded Strike"],"picked":"Deadly Poison+1","floor":42},{"not_picked":["Skewer+1","Escape Plan+1","Blade Dance"],"picked":"Footwork+1","floor":46},{"not_picked":["Deflect","Infinite Blades","Skewer+1","Prepared+1"],"picked":"SKIP","floor":48}],"player_experience":66612,"relics_obtained":[{"floor":6.0,"key":"Anchor"},{"floor":8.0,"key":"Letter Opener"},{"floor":9.0,"key":"Pear"},{"floor":12.0,"key":"Dodecahedron"},{"floor":23.0,"key":"Omamori"},{"floor":25.0,"key":"Whetstone"},{"floor":43,"key":"Question Card"}],"event_choices":[{"damage_healed":0.0,"max_hp_gain":0.0,"max_hp_loss":0.0,"gold_gain":0.0,"event_name":"Living Wall","player_choice":"Grow","floor":3.0,"gold_loss":0.0,"damage_taken":0.0,"cards_upgraded":["Envenom"]},{"cards_removed":["Strike_G"],"damage_healed":0.0,"max_hp_gain":0.0,"max_hp_loss":0.0,"gold_gain":0.0,"event_name":"Golden Wing","player_choice":"Card Removal","floor":14.0,"gold_loss":0.0,"damage_taken":7.0},{"damage_healed":0.0,"max_hp_gain":0.0,"max_hp_loss":0.0,"gold_gain":0.0,"event_name":"Ghosts","player_choice":"Ignored","floor":20.0,"gold_loss":0.0,"damage_taken":0.0},{"damage_healed":0.0,"max_hp_gain":0.0,"max_hp_loss":0.0,"gold_gain":0.0,"event_name":"Beggar","player_choice":"Ignored","floor":22.0,"gold_loss":0.0,"damage_taken":0.0},{"damage_healed":0.0,"max_hp_gain":0.0,"max_hp_loss":0.0,"gold_gain":0.0,"event_name":"Lab","player_choice":"Got Potions","floor":31.0,"gold_loss":0.0,"damage_taken":0.0},{"damage_healed":0,"gold_gain":0,"player_choice":"Copied","damage_taken":0,"max_hp_gain":0,"max_hp_loss":0,"event_name":"Duplicator","floor":36,"gold_loss":0,"cards_obtained":["Noxious Fumes"]},{"damage_healed":0,"gold_gain":275,"player_choice":"Desecrate","damage_taken":0,"max_hp_gain":0,"max_hp_loss":0,"event_name":"Golden Shrine","floor":38,"gold_loss":0,"cards_obtained":["Regret"]},{"damage_healed":0,"gold_gain":0,"player_choice":"Ignored","damage_taken":0,"max_hp_gain":0,"max_hp_loss":0,"event_name":"Tomb of Lord Red Mask","floor":47,"gold_loss":0}],"is_beta":false,"boss_relics":[{"not_picked":["Orrery","Tiny House"],"picked":"Lizard Tail"},{"not_picked":["Empty Cage","Runic Dome"],"picked":"Cursed Key"}],"items_purged_floors":[4],"is_endless":false,"potions_floor_spawned":[1,5,12,16,18,23,30,33,35,39,48],"killed_by":"Time Eater","ascension_level":1}