{"gold_per_floor":[110,129,144,159,159,184,184,197,197,214,224,256,267,292,292,387,387,405,418,434,453,463,463,477,490,490,518,532,532,16,29,29,129,129,148,159,159],"floor_reached":37,"playtime":2460,"items_purged":["Parasite"],"score":571,"play_id":"3107cece-428b-446b-916f-2305f52cded4","local_time":"20180929023238","is_ascension_mode":true,"campfire_choices":[{"data":"Whirlwind","floor":7,"key":"SMITH"},{"floor":15,"key":"REST"},{"data":"Body Slam","floor":23,"key":"SMITH"},{"data":"Evolve","floor":29,"key":"SMITH"},{"data":"Battle Trance","floor":32,"key":"SMITH"}],"neow_cost":"","seed_source_timestamp":441473678555468,"circlet_count":0,"master_deck":["Strike_R","Strike_R","Defend_R+1","Defend_R","Defend_R+1","Defend_R","Bash","Cleave","Body Slam+1","Fiend Fire","Whirlwind+1","Metallicize","Ghostly Armor","Evolve+1","Juggernaut","Inflame+1","Shrug It Off","Seeing Red","Shockwave","Battle Trance+1","Barricade","Body Slam"],"relics":["Burning Blood","War Paint","Meat on the Bone","Regal Pillow","Magic Flower","Cursed Key","Ice Cream","Kunai","Self Forming Clay","HandDrill","Empty Cage"],"potions_floor_usage":[8,12,12,14,16,19,24,27,33,37,37,37],"damage_taken":[{"damage":5,"enemies":"Cultist","floor":1,"turns":5},{"damage":13,"enemies":"Jaw Worm","floor":2,"turns":4},{"damage":0,"enemies":"Small Slimes","floor":3,"turns":3},{"damage":7,"enemies":"Looter","floor":4,"turns":3},{"damage":26,"enemies":"Gremlin Nob","floor":6,"turns":5},{"damage":2,"enemies":"Large Slime","floor":8,"turns":8},{"damage":0,"enemies":"2 Fungi Beasts","floor":10,"turns":2},{"damage":14,"enemies":"Red Slaver","floor":11,"turns":5},{"damage":9,"enemies":"Lagavulin","floor":12,"turns":8},{"damage":0,"enemies":"Gremlin Gang","floor":13,"turns":2},{"damage":21,"enemies":"Gremlin Nob","floor":14,"turns":5},{"damage":68,"enemies":"The Guardian","floor":16,"turns":17},{"damage":14,"enemies":"Chosen","floor":18,"turns":5},{"damage":0,"enemies":"Spheric Guardian","floor":19,"turns":3},{"damage":28,"enemies":"Snake Plant","floor":20,"turns":5},{"damage":17,"enemies":"Snecko","floor":21,"turns":5},{"damage":30,"enemies":"Sentry and Sphere","floor":22,"turns":6},{"damage":32,"enemies":"Snake Plant","floor":24,"turns":4},{"damage":22,"enemies":"Centurion and Healer","floor":25,"turns":7},{"damage":31,"enemies":"Book of Stabbing","floor":27,"turns":5},{"damage":31,"enemies":"Snecko","floor":28,"turns":6},{"damage":21,"enemies":"Sentry and Sphere","floor":31,"turns":6},{"damage":52,"enemies":"Collector","floor":33,"turns":9},{"damage":17,"enemies":"Orb Walker","floor":35,"turns":5},{"damage":15,"enemies":"3 Shapes","floor":36,"turns":6},{"damage":73,"enemies":"Mysterious Sphere","floor":37,"turns":3}],"seed_played":"-1575900450262844088","potions_obtained":[{"floor":1,"key":"Explosive Potion"},{"floor":2,"key":"Fire Potion"},{"floor":6,"key":"Explosive Potion"},{"floor":10,"key":"SpeedPotion"},{"floor":11,"key":"Block Potion"},{"floor":14,"key":"Strength Potion"},{"floor":16,"key":"Fire Potion"},{"floor":18,"key":"Poison Potion"},{"floor":20,"key":"BloodPotion"},{"floor":22,"key":"FearPotion"},{"floor":24,"key":"EssenceOfSteel"},{"floor":28,"key":"BloodPotion"},{"floor":35,"key":"Fire Potion"}],"is_trial":false,"path_per_floor":["M","M","M","M","?","E","R","M","T","M","M","E","M","E","R","B",null,"M","M","M","M","M","R","M","M","T","E","M","R","$","M","R","B",null,"M","M"],"character_chosen":"IRONCLAD","items_purchased":["Self Forming Clay","HandDrill"],"campfire_rested":1,"item_purchase_floors":[30,30],"current_hp_per_floor":[73,66,72,71,71,51,51,55,55,61,53,50,56,53,80,39,70,65,74,55,65,62,62,57,62,62,58,54,54,54,60,60,46,69,61,55,0],"gold":159,"neow_bonus":"","is_prod":false,"is_daily":false,"chose_seed":false,"campfire_upgraded":4,"win_rate":0,"timestamp":1538181158,"path_taken":["M","M","M","M","?","E","R","M","T","M","M","E","M","E","R","BOSS","M","M","M","M","M","R","M","M","T","E","M","R","$","M","R","BOSS","M","M","?"],"build_version":"2018-09-27","purchased_purges":1,"victory":false,"max_hp_per_floor":[80,80,80,80,80,80,80,80,80,80,80,80,80,80,80,80,80,80,80,80,80,80,80,80,80,80,80,80,80,77,77,77,77,77,77,77,77],"card_choices":[{"not_picked":["Sever Soul","Iron Wave"],"picked":"Cleave","floor":1},{"not_picked":["Havoc","Warcry"],"picked":"Body Slam","floor":2},{"not_picked":["Wild Strike","Dropkick"],"picked":"Fiend Fire","floor":3},{"not_picked":["True Grit","Fire Breathing"],"picked":"Whirlwind","floor":4},{"not_picked":["Thunderclap","Offering","Body Slam"],"picked":"SKIP","floor":6},{"not_picked":["Entrench","Armaments"],"picked":"Ghostly Armor","floor":8},{"not_picked":["Clash","Havoc","Dual Wield"],"picked":"SKIP","floor":10},{"not_picked":["Pommel Strike","Warcry"],"picked":"Evolve","floor":11},{"not_picked":["Cleave","Sentinel","Power Through"],"picked":"SKIP","floor":12},{"not_picked":["Iron Wave","Flex","Clash"],"picked":"SKIP","floor":13},{"not_picked":["Clash","Wild Strike","Perfected Strike"],"picked":"SKIP","floor":14},{"not_picked":["Feed","Immolate"],"picked":"Juggernaut","floor":16},{"not_picked":["Dual Wield","Metallicize","Hemokinesis"],"picked":"SKIP","floor":18},{"not_picked":["Sword Boomerang","Clash"],"picked":"Inflame+1","floor":19},{"not_picked":["Perfected Strike+1","Warcry+1","Entrench"],"picked":"SKIP","floor":20},{"not_picked":["Perfected Strike+1","Carnage+1"],"picked":"Shrug It Off","floor":21},{"not_picked":["Sentinel","Metallicize","Headbutt+1"],"picked":"SKIP","floor":22},{"not_picked":["Fire Breathing","Heavy Blade+1","Juggernaut"],"picked":"SKIP","floor":24},{"not_picked":["True Grit","Clash","Inflame"],"picked":"SKIP","floor":25},{"not_picked":["Cleave+1","True Grit"],"picked":"Seeing Red","floor":27},{"not_picked":["Thunderclap+1","Body Slam+1"],"picked":"Shockwave","floor":28},{"not_picked":["Thunderclap","Clothesline"],"picked":"Battle Trance","floor":31},{"not_picked":["Immolate","Offering"],"picked":"Barricade","floor":33},{"not_picked":["Clothesline","Second Wind","Wild Strike"],"picked":"SKIP","floor":35},{"not_picked":["Seeing Red+1","Havoc"],"picked":"Body Slam","floor":36}],"player_experience":517447,"relics_obtained":[{"floor":6,"key":"War Paint"},{"floor":9,"key":"Meat on the Bone"},{"floor":12,"key":"Regal Pillow"},{"floor":14,"key":"Magic Flower"},{"floor":26,"key":"Ice Cream"},{"floor":27,"key":"Kunai"}],"event_choices":[{"event_name":"Transmorgrifier","player_choice":"Transform","floor":5,"damage_taken":0},{"event_name":"Mysterious Sphere","player_choice":"Fight","floor":37,"damage_taken":0}],"is_beta":false,"boss_relics":[{"not_picked":["Eternal Feather","Busted Crown"],"picked":"Cursed Key"},{"not_picked":["Calling Bell","Orrery"],"picked":"Empty Cage"}],"items_purged_floors":[30],"is_endless":false,"potions_floor_spawned":[1,2,6,10,11,14,16,18,20,22,24,25,28,35,36],"killed_by":"Mysterious Sphere","ascension_level":7}