{"path_per_floor":["M","T","?","M","$","E","M","R","T","R","M","R","E","?","R","B",null,"M","M","$","M","?","R","E","R","T","?","M","R","$","M","R","B",null,"M","$","?","?","M","E","R","M","T","R","M","M","R","M","R","B"],"character_chosen":"DEFECT","items_purchased":["Jack Of All Trades","Happy Flower","Ice Cream","Energy Potion"],"gold_per_floor":[112,112,287,304,129,158,169,169,248,248,267,267,302,402,402,503,503,518,534,289,305,305,305,333,333,356,356,370,370,21,33,33,133,133,153,28,28,28,43,75,75,95,118,118,133,152,152,171,171,171],"floor_reached":51,"campfire_rested":7,"playtime":2247,"item_purchase_floors":[5,20,30,30],"current_hp_per_floor":[75,75,75,75,75,33,30,30,30,30,20,42,41,41,41,8,75,64,64,64,61,53,53,36,58,58,58,49,49,49,49,71,53,75,75,75,75,66,55,22,46,42,42,66,33,15,39,12,36,5],"items_purged":["Doubt","Strike_B","Defend_B"],"gold":171,"score":705,"play_id":"08d3c069-d93d-48b7-aac9-82a749fe0f80","local_time":"20180522215227","is_prod":false,"is_daily":false,"chose_seed":false,"is_ascension_mode":false,"campfire_upgraded":5,"timestamp":1527040347,"campfire_choices":[{"data":"Defragment","floor":8,"key":"SMITH"},{"data":"Jack Of All Trades","floor":10,"key":"SMITH"},{"floor":12,"key":"REST"},{"data":"Multi-Cast","floor":15,"key":"SMITH"},{"data":"Capacitor","floor":23,"key":"SMITH"},{"floor":25,"key":"REST"},{"data":"Zap","floor":29,"key":"SMITH"},{"floor":32,"key":"REST"},{"floor":41,"key":"REST"},{"floor":44,"key":"REST"},{"floor":47,"key":"REST"},{"floor":49,"key":"REST"}],"path_taken":["M","?","?","?","$","E","M","R","T","R","M","R","E","?","R","BOSS","M","M","$","M","?","R","E","R","T","?","?","R","$","M","R","BOSS","M","?","?","?","M","E","R","M","T","R","M","M","R","M","R","BOSS"],"build_version":"2018-05-21v2","seed_source_timestamp":113251502860374,"purchased_purges":3,"victory":true,"master_deck":["Strike_B+1","Strike_B+1","Strike_B","Defend_B+1","Defend_B","Zap+1","Dualcast+1","Defragment+1","Capacitor+1","Jack Of All Trades+1","Undo","Static Discharge","Multi-Cast+1","Echo Form","Ball Lightning+1","Tempest","Thunder Strike","Chill+1","Consume","Static Discharge","Madness","Madness","Darkness","Double Energy+1","Echo Form","Regret","Fusion+1"],"max_hp_per_floor":[75,75,75,75,75,75,75,75,75,75,75,75,75,75,75,75,75,75,75,75,75,75,75,75,75,75,75,75,75,75,75,75,75,75,75,75,75,75,75,82,82,82,82,82,82,82,82,82,82,82],"relics":["Cracked Core","War Paint","Bottled Flame","Symbiotic Virus","Tiny Chest","Mercury Hourglass","Nuclear Battery","Happy Flower","Oddly Smooth Stone","Bronze Scales","Ice Cream","Cursed Key","Strawberry","Whetstone"],"card_choices":[{"not_picked":["Ball Lightning","Steam"],"picked":"Defragment","floor":1},{"not_picked":["Sweeping Beam","BootSequence"],"picked":"Capacitor","floor":4},{"not_picked":["Beam Cell","Gash"],"picked":"Undo","floor":6},{"not_picked":["Cold Snap","Chill"],"picked":"Static Discharge","floor":7},{"not_picked":["Turbo","Rebound","Scrape"],"picked":"SKIP","floor":11},{"not_picked":["Conserve Battery","Sweeping Beam"],"picked":"Multi-Cast","floor":13},{"not_picked":["Multi-Cast","Thunder Strike"],"picked":"Echo Form","floor":16},{"not_picked":["Barrage+1","Loop"],"picked":"Ball Lightning+1","floor":18},{"not_picked":["Stack","Capacitor+1"],"picked":"Tempest","floor":19},{"not_picked":["Lockon","Beam Cell","Reprogram"],"picked":"SKIP","floor":21},{"not_picked":["Capacitor","Loop"],"picked":"Thunder Strike","floor":24},{"not_picked":["Barrage","Go for the Eyes+1"],"picked":"Chill+1","floor":28},{"not_picked":["Beam Cell","Ball Lightning+1"],"picked":"Consume","floor":31},{"not_picked":["Streamline","Blizzard+1","Reprogram"],"picked":"SKIP","floor":35},{"not_picked":["Reprogram","Sweeping Beam+1"],"picked":"Darkness","floor":39},{"not_picked":["Steam","Reinforced Body+1"],"picked":"Double Energy+1","floor":40},{"not_picked":["Steam","Streamline"],"picked":"Echo Form","floor":42},{"not_picked":["Steam","Stack","Lockon"],"picked":"SKIP","floor":45},{"not_picked":["Rebound","Turbo","Cold Snap+1"],"picked":"SKIP","floor":46},{"not_picked":["Streamline+1","Redo"],"picked":"Fusion+1","floor":48}],"player_experience":261506,"potions_floor_usage":[16,18,24,24,28,31,33,39,40,48,50,50],"damage_taken":[{"damage":0,"enemies":"Cultist","floor":1,"turns":3},{"damage":0,"enemies":"Small Slimes","floor":4,"turns":3},{"damage":42,"enemies":"Gremlin Nob","floor":6,"turns":5},{"damage":3,"enemies":"Jaw Worm","floor":7,"turns":4},{"damage":10,"enemies":"Looter","floor":11,"turns":3},{"damage":5,"enemies":"Lagavulin","floor":13,"turns":7},{"damage":33,"enemies":"Hexaghost","floor":16,"turns":8},{"damage":11,"enemies":"Shell Parasite","floor":18,"turns":4},{"damage":0,"enemies":"Spheric Guardian","floor":19,"turns":2},{"damage":3,"enemies":"Snecko","floor":21,"turns":3},{"damage":17,"enemies":"Book of Stabbing","floor":24,"turns":4},{"damage":9,"enemies":"Snake Plant","floor":28,"turns":2},{"damage":0,"enemies":"Cultist and Chosen","floor":31,"turns":3},{"damage":22,"enemies":"Automaton","floor":33,"turns":5},{"damage":0,"enemies":"3 Shapes","floor":35,"turns":3},{"damage":11,"enemies":"Orb Walker","floor":39,"turns":3},{"damage":40,"enemies":"Giant Head","floor":40,"turns":7},{"damage":4,"enemies":"Flame Bruiser 2 Orb","floor":42,"turns":6},{"damage":33,"enemies":"Spire Growth","floor":45,"turns":5},{"damage":18,"enemies":"Sphere and 2 Shapes","floor":46,"turns":4},{"damage":27,"enemies":"Transient","floor":48,"turns":5},{"damage":31,"enemies":"Time Eater","floor":50,"turns":4}],"relics_obtained":[{"floor":2,"key":"Bottled Flame"},{"floor":6,"key":"Symbiotic Virus"},{"floor":9,"key":"Tiny Chest"},{"floor":13,"key":"Mercury Hourglass"},{"floor":24,"key":"Oddly Smooth Stone"},{"floor":26,"key":"Bronze Scales"},{"floor":40,"key":"Strawberry"},{"floor":43,"key":"Whetstone"}],"event_choices":[{"event_name":"Liars Game","player_choice":"agreed","floor":3,"damage_taken":0},{"event_name":"Golden Shrine","player_choice":"Pray","floor":14,"damage_taken":0},{"event_name":"Knowing Skull","player_choice":"","floor":22,"damage_taken":0},{"event_name":"The Lab","player_choice":"Got Potions","floor":27,"damage_taken":0},{"event_name":"Transmorgrifier","player_choice":"Transform","floor":37,"damage_taken":0},{"event_name":"Winding Halls","player_choice":"Embrace Madness","floor":38,"damage_taken":0}],"boss_relics":[{"not_picked":["Runic Dome","Philosopher\u0027s Stone"],"picked":"Nuclear Battery"},{"not_picked":["Snecko Eye","Tiny House"],"picked":"Cursed Key"}],"items_purged_floors":[5,20,36],"potions_floor_spawned":[7,13,16,18,24,31,33,42,48],"seed_played":"8578903008165588397","ascension_level":0,"potions_obtained":[{"floor":7,"key":"Energy Potion"},{"floor":13,"key":"Fire Potion"},{"floor":16,"key":"Poison Potion"},{"floor":18,"key":"Swift Potion"},{"floor":24,"key":"Weak Potion"},{"floor":27,"key":"Block Potion"},{"floor":27,"key":"LiquidBronze"},{"floor":31,"key":"Dexterity Potion"},{"floor":33,"key":"Swift Potion"},{"floor":42,"key":"Fire Potion"},{"floor":48,"key":"GamblersBrew"}],"is_trial":false}