{"gold_per_floor":[17,30,3,3,3,37,57,92,92,125,137,179,191,90,90,189,189,170,170,85,85,99,99,109,123,148,163,173,173,96,115,115,213,213,232,247,264,264,277,277,277],"floor_reached":41,"playtime":5514,"items_purged":["Parasite"],"score":469,"play_id":"545d6493-1a07-4636-a83a-3de227226b81","local_time":"20190306112647","is_ascension_mode":true,"campfire_choices":[{"floor":11.0,"key":"REST"},{"floor":15.0,"key":"REST"},{"floor":23.0,"key":"RECALL"},{"floor":29.0,"key":"REST"},{"floor":32.0,"key":"REST"},{"floor":40,"key":"REST"}],"neow_cost":"NO_GOLD","seed_source_timestamp":0,"circlet_count":0,"master_deck":["Strike_B","Strike_B","Strike_B","Strike_B","Defend_B","Defend_B","Defend_B","Defend_B","Biased Cognition","Undo","Cold Snap","Cold Snap","Blizzard","Steam","Chill","Defragment","Echo Form","Sunder","Biased Cognition","Chill","Darkness","Conserve Battery","FTL","Reboot","White Noise","Blizzard","Reinforced Body","Echo Form","Coolheaded+1","Chill+1","Defragment","Chill"],"special_seed":0,"relics":["FrozenCore","Bag of Marbles","Ancient Tea Set","MawBank","Boot","Orichalcum","Happy Flower","Nuclear Battery"],"potions_floor_usage":[41],"damage_taken":[{"damage":3.0,"enemies":"Small Slimes","floor":1.0,"turns":2.0},{"damage":1.0,"enemies":"Cultist","floor":2.0,"turns":3.0},{"damage":12.0,"enemies":"Lagavulin","floor":6.0,"turns":6.0},{"damage":0.0,"enemies":"2 Louse","floor":7.0,"turns":2.0},{"damage":33.0,"enemies":"Gremlin Nob","floor":8.0,"turns":6.0},{"damage":8.0,"enemies":"3 Sentries","floor":10.0,"turns":11.0},{"damage":12.0,"enemies":"Lagavulin","floor":12.0,"turns":8.0},{"damage":15.0,"enemies":"Slime Boss","floor":16.0,"turns":10.0},{"damage":6.0,"enemies":"2 Thieves","floor":18.0,"turns":4.0},{"damage":10.0,"enemies":"Chosen","floor":22.0,"turns":6.0},{"damage":30.0,"enemies":"3 Cultists","floor":24.0,"turns":8.0},{"damage":5.0,"enemies":"Snake Plant","floor":25.0,"turns":7.0},{"damage":5.0,"enemies":"Shelled Parasite and Fungi","floor":27.0,"turns":6.0},{"damage":3.0,"enemies":"3 Cultists","floor":28.0,"turns":7.0},{"damage":5.0,"enemies":"Sentry and Sphere","floor":31.0,"turns":6.0},{"damage":28.0,"enemies":"Collector","floor":33.0,"turns":11.0},{"damage":9,"enemies":"3 Darklings","floor":35,"turns":6},{"damage":3,"enemies":"3 Shapes","floor":36,"turns":7},{"damage":5,"enemies":"Maw","floor":37,"turns":9},{"damage":5,"enemies":"3 Darklings","floor":39,"turns":4},{"damage":71,"enemies":"Giant Head","floor":41,"turns":12}],"seed_played":"-5339286358826735760","potions_obtained":[{"floor":1.0,"key":"SmokeBomb"},{"floor":4.0,"key":"GamblersBrew"},{"floor":4.0,"key":"Ancient Potion"},{"floor":10.0,"key":"Strength Potion"},{"floor":12.0,"key":"SkillPotion"},{"floor":16.0,"key":"SkillPotion"},{"floor":18.0,"key":"Dexterity Potion"},{"floor":28.0,"key":"Swift Potion"},{"floor":33.0,"key":"Strength Potion"},{"floor":35,"key":"FocusPotion"},{"floor":39,"key":"Dexterity Potion"}],"is_trial":false,"path_per_floor":["M","M","$","?","$","E","M","E","T","E","R","E","?","$","R","B",null,"M","?","?","?","M","R","M","M","T","M","M","R","$","M","R","B",null,"M","M","M","?","M","R","E"],"character_chosen":"DEFECT","items_purchased":["Cold Snap","Sunder","Blizzard"],"campfire_rested":5,"item_purchase_floors":[3,14,30],"current_hp_per_floor":[72,71,71,71,71,59,59,26,26,18,40,28,46,46,67,52,72,66,66,66,66,56,56,26,21,21,16,13,34,34,29,50,22,72,63,60,55,55,50,71,0],"gold":277,"neow_bonus":"THREE_RARE_CARDS","is_prod":false,"is_daily":false,"chose_seed":false,"campfire_upgraded":0,"win_rate":0,"timestamp":1551889607,"path_taken":["M","M","$","?","?","E","?","E","T","E","R","E","?","$","R","BOSS","M","?","?","?","M","R","M","M","T","M","M","R","?","?","R","BOSS","M","M","M","?","M","R","E"],"build_version":"2019-01-23","purchased_purges":1,"victory":false,"max_hp_per_floor":[75,75,75,75,75,75,75,75,75,75,75,75,75,72,72,72,72,72,72,72,72,72,72,72,72,72,72,72,72,72,72,72,72,72,72,72,72,72,72,72,72],"card_choices":[{"not_picked":["Multi-Cast","Meteor Strike"],"picked":"Biased Cognition","floor":0.0},{"not_picked":["Streamline","Compile Driver"],"picked":"Undo","floor":1.0},{"not_picked":["Hello World","Gash"],"picked":"Cold Snap","floor":2.0},{"not_picked":["Biased Cognition","Streamline"],"picked":"Blizzard","floor":6.0},{"not_picked":["Sweeping Beam","Consume"],"picked":"Steam","floor":7.0},{"not_picked":["Heatsinks","Streamline"],"picked":"Chill","floor":8.0},{"not_picked":["Sweeping Beam","Ball Lightning"],"picked":"Defragment","floor":10.0},{"not_picked":["Undo","Hyperbeam"],"picked":"Echo Form","floor":12.0},{"not_picked":["Meteor Strike","Hyperbeam"],"picked":"Biased Cognition","floor":16.0},{"not_picked":["Auto Shields","Sweeping Beam+1"],"picked":"Chill","floor":18.0},{"not_picked":["Compile Driver","Go for the Eyes+1"],"picked":"FTL","floor":22.0},{"not_picked":["Reprogram+1","Compile Driver","Chaos+1"],"picked":"SKIP","floor":24.0},{"not_picked":["Redo","Leap","Compile Driver"],"picked":"SKIP","floor":25.0},{"not_picked":["Barrage","Redo+1"],"picked":"Reboot","floor":27.0},{"not_picked":["Compile Driver","BootSequence"],"picked":"White Noise","floor":28.0},{"not_picked":["Scrape","Darkness"],"picked":"Reinforced Body","floor":31.0},{"not_picked":["Machine Learning","Rainbow"],"picked":"Echo Form","floor":33.0},{"not_picked":["BootSequence","Stack"],"picked":"Coolheaded+1","floor":35},{"not_picked":["Undo","Steam+1"],"picked":"Chill+1","floor":36},{"not_picked":["Beam Cell+1","Leap+1","Sweeping Beam"],"picked":"SKIP","floor":37},{"not_picked":["Leap+1","Turbo+1"],"picked":"Chill","floor":39}],"player_experience":73485,"relics_obtained":[{"floor":6.0,"key":"Bag of Marbles"},{"floor":8.0,"key":"Ancient Tea Set"},{"floor":10.0,"key":"MawBank"},{"floor":12.0,"key":"Boot"},{"floor":26.0,"key":"Happy Flower"}],"event_choices":[{"damage_healed":0.0,"max_hp_gain":0.0,"max_hp_loss":0.0,"gold_gain":0.0,"event_name":"Lab","player_choice":"Got Potions","floor":4.0,"gold_loss":0.0,"damage_taken":0.0},{"damage_healed":18.0,"max_hp_gain":0.0,"max_hp_loss":0.0,"gold_gain":0.0,"event_name":"Mushrooms","player_choice":"Healed and dodged fight","floor":13.0,"gold_loss":0.0,"damage_taken":0.0,"cards_obtained":["Parasite"]},{"damage_healed":0.0,"max_hp_gain":0.0,"max_hp_loss":0.0,"gold_gain":0.0,"cards_transformed":["Zap","Dualcast"],"event_name":"Drug Dealer","player_choice":"Became Test Subject","floor":19.0,"gold_loss":0.0,"damage_taken":0.0,"cards_obtained":["All For One","Darkness"]},{"damage_healed":0.0,"max_hp_gain":0.0,"max_hp_loss":0.0,"gold_gain":0.0,"event_name":"Addict","player_choice":"Obtained Relic","floor":20.0,"gold_loss":85.0,"damage_taken":0.0,"relics_obtained":["Orichalcum"]},{"damage_healed":0.0,"max_hp_gain":0.0,"max_hp_loss":0.0,"gold_gain":0.0,"event_name":"The Library","player_choice":"Read","floor":21.0,"gold_loss":0.0,"damage_taken":0.0,"cards_obtained":["Conserve Battery"]},{"damage_healed":0,"gold_gain":0,"cards_transformed":["All For One"],"player_choice":"Transformed","damage_taken":0,"max_hp_gain":0,"max_hp_loss":0,"event_name":"Transmorgrifier","floor":38,"gold_loss":0,"cards_obtained":["Defragment"]}],"is_beta":false,"boss_relics":[{"not_picked":["Calling Bell","Philosopher\u0027s Stone"],"picked":"FrozenCore"},{"not_picked":["Orrery","Black Star"],"picked":"Nuclear Battery"}],"items_purged_floors":[14],"is_endless":false,"potions_floor_spawned":[1,10,12,16,18,28,33,35,39],"killed_by":"Giant Head","ascension_level":1}