{"path_per_floor":["M","M","M","?","M","R","?","E","T","M","M","?","M","E","R"],"character_chosen":"IRONCLAD","items_purchased":[],"gold_per_floor":[117,132,152,327,346,346,346,373,447,465,477,477,494,519,519],"floor_reached":16,"campfire_rested":0,"playtime":1135,"current_hp_per_floor":[80,80,71,71,59,59,59,43,43,40,46,28,34,20,20],"items_purged":[],"gold":519,"score":114,"play_id":"4041c4d7-e3ae-4088-b33d-894dd128cc6a","is_prod":false,"is_daily":false,"is_ascension_mode":false,"campfire_upgraded":2,"path_taken":["M","?","M","?","?","R","?","E","T","M","?","?","M","E","R","BOSS"],"build_version":"2018-02-15-PROD1","purchased_purges":0,"victory":false,"master_deck":["Strike_R","Strike_R","Strike_R","Strike_R","Defend_R","Defend_R","Defend_R","Defend_R","Bash","Iron Wave","Uppercut+1","Spot Weakness","Doubt","Shrug It Off","Shockwave","Ghostly Armor+1","Flex"],"max_hp_per_floor":[80,80,80,80,80,80,80,80,80,80,80,80,80,80,80],"relics":["Burning Blood","Toolbox","Blue Candle","Molten Egg 2","Mummified Hand"],"card_choices":[{"not_picked":["Body Slam","Thunderclap"],"picked":"Iron Wave"},{"not_picked":["Bloodletting","Rupture"],"picked":"Uppercut"},{"not_picked":["True Grit","Uppercut"],"picked":"Spot Weakness"},{"not_picked":["Twin Strike","Intimidate"],"picked":"Shrug It Off"},{"not_picked":["Searing Blow","Bloodletting"],"picked":"Shockwave"},{"not_picked":["Immolate","Thunderclap"],"picked":"Ghostly Armor"},{"not_picked":["Perfected Strike","Cleave"],"picked":"Flex"}],"player_experience":113260,"potions_floor_usage":[8,14,14,16,16],"damage_taken":[{"damage":1,"enemies":"Cultist","floor":1,"turns":3},{"damage":2,"enemies":"2 Louse","floor":2,"turns":3},{"damage":15,"enemies":"Jaw Worm","floor":3,"turns":5},{"damage":18,"enemies":"Gremlin Gang","floor":5,"turns":7},{"damage":22,"enemies":"Lagavulin","floor":8,"turns":10},{"damage":9,"enemies":"Large Slime","floor":10,"turns":7},{"damage":0,"enemies":"Looter","floor":11,"turns":4},{"damage":0,"enemies":"Blue Slaver","floor":13,"turns":4},{"damage":20,"enemies":"Gremlin Nob","floor":14,"turns":5},{"damage":21,"enemies":"Slime Boss","floor":16,"turns":3}],"event_choices":[{"event_name":"Liars Game","player_choice":"agreed","floor":4,"damage_taken":0},{"event_name":"Living Wall","player_choice":"Forget","floor":7,"damage_taken":0},{"event_name":"Scrap Ooze","player_choice":"success","floor":12,"damage_taken":18}],"boss_relics":[],"potions_floor_spawned":[2,3,11,14],"seed_played":"-8983755055752307991","killed_by":"Slime Boss","ascension_level":0,"is_trial":false}