{"gold_per_floor":[109,125,143,160,180,180,209,209,209,222,236,253,253,268,268,373,373,387,387,401,171,191,191,191,191,244,244,272,272,286,286,286,286],"floor_reached":33,"playtime":1394,"items_purged":["Strike_B"],"score":271,"play_id":"fa0e3060-6ac2-48ac-8064-c5c3e049e56e","local_time":"20190220125336","is_ascension_mode":false,"campfire_choices":[{"data":"Redo","floor":6,"key":"SMITH"},{"floor":8,"key":"REST"},{"floor":13,"key":"REST"},{"data":"Zap","floor":15,"key":"SMITH"},{"floor":23,"key":"REST"},{"data":"Double Energy","floor":25,"key":"SMITH"},{"data":"Gash","floor":27,"key":"SMITH"},{"floor":32,"key":"REST"}],"neow_cost":"NONE","seed_source_timestamp":282219674598,"circlet_count":0,"master_deck":["Strike_B","Strike_B","Strike_B","Defend_B","Defend_B","Defend_B","Defend_B","Zap+1","Dualcast","Redo+1","Gash+1","Leap","Hologram","Stack","Double Energy+1","Ball Lightning","Scrape","Conserve Battery","Leap","Tempest","Seek","Reboot","BootSequence+1","Redo","Tempest","Finesse"],"relics":["Cracked Core","Dream Catcher","Ornamental Fan","Philosopher\u0027s Stone","PreservedInsect","Shuriken","Oddly Smooth Stone","Pantograph"],"potions_floor_usage":[0,4,7,16,16,19,30,33],"damage_taken":[{"damage":6,"enemies":"Small Slimes","floor":1,"turns":4},{"damage":0,"enemies":"2 Louse","floor":2,"turns":3},{"damage":0,"enemies":"Cultist","floor":3,"turns":3},{"damage":2,"enemies":"3 Louse","floor":4,"turns":3},{"damage":15,"enemies":"Exordium Wildlife","floor":5,"turns":4},{"damage":22,"enemies":"Gremlin Nob","floor":7,"turns":4},{"damage":0,"enemies":"Blue Slaver","floor":10,"turns":3},{"damage":5,"enemies":"Looter","floor":11,"turns":3},{"damage":0,"enemies":"3 Louse","floor":12,"turns":3},{"damage":7,"enemies":"Blue Slaver","floor":14,"turns":3},{"damage":39,"enemies":"Hexaghost","floor":16,"turns":8},{"damage":28,"enemies":"3 Byrds","floor":18,"turns":4},{"damage":0,"enemies":"Masked Bandits","floor":19,"turns":1},{"damage":0,"enemies":"Chosen","floor":20,"turns":3},{"damage":2,"enemies":"Centurion and Healer","floor":22,"turns":6},{"damage":45,"enemies":"Gremlin Leader","floor":28,"turns":6},{"damage":0,"enemies":"Snecko","floor":30,"turns":5},{"damage":78,"enemies":"Champ","floor":33,"turns":9}],"seed_played":"2035219597221568729","potions_obtained":[{"floor":0,"key":"SmokeBomb"},{"floor":0,"key":"Strength Potion"},{"floor":0,"key":"Fruit Juice"},{"floor":2,"key":"Block Potion"},{"floor":4,"key":"Weak Potion"},{"floor":5,"key":"Block Potion"},{"floor":11,"key":"FocusPotion"},{"floor":18,"key":"SmokeBomb"},{"floor":22,"key":"FocusPotion"},{"floor":28,"key":"Ancient Potion"}],"is_trial":false,"path_per_floor":["M","M","M","M","M","R","E","R","T","M","M","M","R","M","R","B",null,"M","?","M","$","M","R","?","R","T","R","E","?","M","?","R","B"],"character_chosen":"DEFECT","items_purchased":["PreservedInsect"],"campfire_rested":4,"item_purchase_floors":[21],"current_hp_per_floor":[74,74,74,72,57,57,35,59,59,59,54,54,78,71,71,32,80,52,52,52,52,50,74,74,74,74,74,29,29,29,29,53,0],"gold":286,"neow_bonus":"THREE_SMALL_POTIONS","is_prod":false,"is_daily":false,"chose_seed":false,"campfire_upgraded":4,"win_rate":0,"timestamp":1550688816,"path_taken":["M","M","M","M","M","R","E","R","T","M","M","M","R","M","R","BOSS","M","?","M","$","M","R","?","R","T","R","E","?","M","?","R","BOSS"],"build_version":"2019-01-23","purchased_purges":1,"victory":false,"max_hp_per_floor":[80,80,80,80,80,80,80,80,80,80,80,80,80,80,80,80,80,80,80,80,80,80,80,80,80,80,80,80,80,80,80,80,80],"card_choices":[{"not_picked":["Doom and Gloom","Barrage"],"picked":"Redo","floor":1},{"not_picked":["Conserve Battery","Ball Lightning"],"picked":"Gash","floor":2},{"not_picked":["Steam Power","Consume"],"picked":"Leap","floor":3},{"not_picked":["Consume","Coolheaded"],"picked":"Hologram","floor":4},{"not_picked":["Force Field","Consume"],"picked":"Stack","floor":5},{"not_picked":["Cold Snap","Tempest"],"picked":"Double Energy","floor":7},{"not_picked":["Blizzard","Conserve Battery"],"picked":"Ball Lightning","floor":8},{"not_picked":["Skim","Doom and Gloom"],"picked":"Scrape","floor":10},{"not_picked":["Compile Driver","Reboot"],"picked":"Conserve Battery","floor":11},{"not_picked":["Go for the Eyes","BootSequence"],"picked":"Leap","floor":12},{"not_picked":["Turbo","Heatsinks"],"picked":"Tempest","floor":13},{"not_picked":["Conserve Battery","Coolheaded"],"picked":"Seek","floor":14},{"not_picked":["Hyperbeam","Creative AI"],"picked":"Reboot","floor":16},{"not_picked":["Steam Power","Recycle"],"picked":"BootSequence+1","floor":18},{"not_picked":["Doom and Gloom","Genetic Algorithm"],"picked":"Redo","floor":20},{"not_picked":["Coolheaded","Turbo"],"picked":"Tempest","floor":22},{"not_picked":["Reboot","Compile Driver","Hologram"],"picked":"SKIP","floor":28},{"not_picked":["Chaos","Steam","Turbo"],"picked":"SKIP","floor":30}],"player_experience":266080,"relics_obtained":[{"floor":7,"key":"Dream Catcher"},{"floor":9,"key":"Ornamental Fan"},{"floor":26,"key":"Oddly Smooth Stone"},{"floor":28,"key":"Pantograph"}],"event_choices":[{"damage_healed":0,"gold_gain":0,"player_choice":"Fought Bandits","damage_taken":0,"max_hp_gain":0,"max_hp_loss":0,"event_name":"Masked Bandits","floor":19,"gold_loss":0},{"damage_healed":0,"gold_gain":0,"player_choice":"Opened","damage_taken":0,"relics_obtained":["Shuriken"],"max_hp_gain":0,"max_hp_loss":0,"event_name":"The Mausoleum","floor":24,"gold_loss":0},{"damage_healed":0,"gold_gain":0,"player_choice":"Ignored","damage_taken":0,"max_hp_gain":0,"max_hp_loss":0,"event_name":"Vampires","floor":29,"gold_loss":0},{"damage_healed":0,"gold_gain":0,"player_choice":"1 cards matched","damage_taken":0,"max_hp_gain":0,"max_hp_loss":0,"event_name":"Match and Keep!","floor":31,"gold_loss":0,"cards_obtained":["Finesse"]}],"is_beta":false,"boss_relics":[{"not_picked":["Busted Crown","Velvet Choker"],"picked":"Philosopher\u0027s Stone"}],"items_purged_floors":[21],"is_endless":false,"potions_floor_spawned":[2,4,5,11,18,22,28],"killed_by":"Champ","ascension_level":0}