{"gold_per_floor":[115,135,149,299,316,316,335,335,384,384,384,414,430,456,456,535,535,549,564,479,479,46,77,77,106,106,106,118,130,130,130,130,205,205,216,230,230,245,245,245,95,106,132,132,145,145,145,156,156,156],"floor_reached":51,"playtime":2672,"items_purged":["Strike_G","Strike_G+1"],"score":1458,"play_id":"20ff47ca-81fb-43f9-80f6-7424ecdf4682","local_time":"20190306202425","is_ascension_mode":true,"campfire_choices":[{"data":"Noxious Fumes","floor":6,"key":"SMITH"},{"data":"Dodge and Roll","floor":8,"key":"SMITH"},{"data":"Neutralize","floor":11,"key":"SMITH"},{"floor":15,"key":"REST"},{"floor":24,"key":"REST"},{"data":"Burst","floor":27,"key":"SMITH"},{"floor":30,"key":"REST"},{"floor":32,"key":"REST"},{"data":"Footwork","floor":40,"key":"SMITH"},{"data":"Concentrate","floor":44,"key":"SMITH"},{"data":"Caltrops","floor":46,"key":"SMITH"},{"floor":49,"key":"REST"}],"neow_cost":"NONE","seed_source_timestamp":214825392384000,"circlet_count":0,"master_deck":["AscendersBane","Defend_G+1","Defend_G+1","Defend_G+1","Defend_G+1","Defend_G+1","Survivor","Neutralize+1","Noxious Fumes+1","Leg Sweep","Backstab","Crippling Poison","Dodge and Roll+1","Deadly Poison","Poisoned Stab","Burst+1","Concentrate+1","Caltrops+1","Footwork+1","Dodge and Roll","Dagger Spray+1","Blur","Noxious Fumes+1","Backstab+1","Reflex+1","Leg Sweep","PiercingWail","Panacea","PiercingWail","Backflip+1","Blur","Well Laid Plans"],"relics":["Ring of the Snake","NeowsBlessing","Bag of Preparation","Darkstone Periapt","Bronze Scales","Runic Pyramid","Ice Cream","Anchor","Regal Pillow","Lantern","Strawberry","Astrolabe","Smiling Mask"],"potions_floor_usage":[23,29,50,50],"damage_taken":[{"damage":0,"enemies":"Jaw Worm","floor":1,"turns":1},{"damage":0,"enemies":"Small Slimes","floor":2,"turns":1},{"damage":0,"enemies":"2 Louse","floor":3,"turns":1},{"damage":22,"enemies":"Exordium Wildlife","floor":5,"turns":7},{"damage":4,"enemies":"Blue Slaver","floor":7,"turns":5},{"damage":0,"enemies":"3 Sentries","floor":12,"turns":7},{"damage":3,"enemies":"Looter","floor":13,"turns":4},{"damage":16,"enemies":"Lagavulin","floor":14,"turns":7},{"damage":11,"enemies":"Hexaghost","floor":16,"turns":8},{"damage":10,"enemies":"3 Byrds","floor":18,"turns":3},{"damage":3,"enemies":"Spheric Guardian","floor":19,"turns":5},{"damage":4,"enemies":"Gremlin Leader","floor":23,"turns":8},{"damage":28,"enemies":"Slavers","floor":25,"turns":6},{"damage":3,"enemies":"Snake Plant","floor":28,"turns":5},{"damage":29,"enemies":"3 Cultists","floor":29,"turns":7},{"damage":56,"enemies":"Champ","floor":33,"turns":16},{"damage":0,"enemies":"3 Shapes","floor":35,"turns":7},{"damage":9,"enemies":"3 Darklings","floor":36,"turns":5},{"damage":0,"enemies":"Maw","floor":38,"turns":9},{"damage":0,"enemies":"4 Shapes","floor":42,"turns":6},{"damage":0,"enemies":"Writhing Mass","floor":45,"turns":7},{"damage":0,"enemies":"Maw","floor":48,"turns":9},{"damage":0,"enemies":"Time Eater","floor":50,"turns":14}],"seed_played":"4221738028012308532","potions_obtained":[{"floor":3,"key":"GhostInAJar"},{"floor":7,"key":"GamblersBrew"},{"floor":12,"key":"SpeedPotion"},{"floor":23,"key":"FearPotion"},{"floor":25,"key":"Weak Potion"},{"floor":35,"key":"Weak Potion"}],"is_trial":false,"path_per_floor":["M","M","M","?","M","R","M","R","T","?","R","E","M","E","R","B",null,"M","M","?","?","$","E","R","E","T","R","M","M","R","?","R","B",null,"M","M","?","M","?","R","$","M","T","R","M","R","?","M","R","B",null],"character_chosen":"THE_SILENT","items_purchased":["Footwork","Anchor","Dodge and Roll","Dexterity Potion","PiercingWail"],"campfire_rested":5,"item_purchase_floors":[22,22,22,22,41],"current_hp_per_floor":[59,59,59,59,37,37,33,33,33,33,33,33,30,14,33,22,55,45,42,42,42,42,38,66,38,45,45,42,13,49,49,73,17,59,59,50,50,50,50,50,50,50,50,50,50,50,50,50,73,73],"gold":156,"neow_bonus":"THREE_ENEMY_KILL","is_prod":false,"is_daily":false,"chose_seed":false,"campfire_upgraded":7,"win_rate":0,"timestamp":1551900265,"path_taken":["M","M","M","?","M","R","M","R","T","?","R","E","M","E","R","BOSS","M","M","?","?","$","E","R","E","T","R","M","?","R","?","R","BOSS","M","M","?","M","?","R","$","M","T","R","M","R","?","?","R","BOSS"],"build_version":"2019-01-23","purchased_purges":2,"victory":true,"max_hp_per_floor":[66,66,66,66,66,66,66,66,66,66,66,66,66,66,66,66,66,66,66,66,66,66,66,66,66,73,73,73,73,73,73,73,73,73,73,73,73,73,73,73,73,73,73,73,73,73,73,73,73,73],"card_choices":[{"not_picked":["Deflect","Backflip"],"picked":"Noxious Fumes","floor":1},{"not_picked":["Masterful Stab","Blade Dance"],"picked":"Leg Sweep","floor":2},{"not_picked":["Backflip","Underhanded Strike"],"picked":"Backstab","floor":3},{"not_picked":["Quick Slash","Heel Hook"],"picked":"Crippling Poison","floor":5},{"not_picked":["Flechettes","Outmaneuver"],"picked":"Dodge and Roll","floor":7},{"not_picked":["Cloak And Dagger","Storm of Steel"],"picked":"Deadly Poison","floor":12},{"not_picked":["Heel Hook","Acrobatics","Tactician"],"picked":"SKIP","floor":13},{"not_picked":["Heel Hook","Cloak And Dagger"],"picked":"Poisoned Stab","floor":14},{"not_picked":["Malaise","Storm of Steel"],"picked":"Burst","floor":16},{"not_picked":["Quick Slash","Outmaneuver"],"picked":"Concentrate","floor":18},{"not_picked":["Underhanded Strike","Flying Knee","Accuracy"],"picked":"SKIP","floor":19},{"not_picked":["Distraction","Poisoned Stab","Dagger Throw"],"picked":"SKIP","floor":23},{"not_picked":["Choke","Slice"],"picked":"Dagger Spray+1","floor":25},{"not_picked":["Dagger Throw","Quick Slash"],"picked":"Blur","floor":28},{"not_picked":["Blade Dance","Prepared","Endless Agony+1"],"picked":"SKIP","floor":29},{"not_picked":["Slice","Dagger Throw"],"picked":"Leg Sweep","floor":35},{"not_picked":["Backflip","Sucker Punch"],"picked":"PiercingWail","floor":36},{"not_picked":["All Out Attack+1","Slice+1","Dash"],"picked":"SKIP","floor":38},{"not_picked":["Chrysalis","Transmutation"],"picked":"Panacea","floor":39},{"not_picked":["Riddle With Holes","All Out Attack"],"picked":"Backflip+1","floor":42},{"not_picked":["Backflip","Cloak And Dagger+1"],"picked":"Blur","floor":45},{"not_picked":["Backstab","Cloak And Dagger"],"picked":"Well Laid Plans","floor":48}],"player_experience":535942,"relics_obtained":[{"floor":9,"key":"Bag of Preparation"},{"floor":12,"key":"Darkstone Periapt"},{"floor":14,"key":"Bronze Scales"},{"floor":23,"key":"Regal Pillow"},{"floor":25,"key":"Lantern"},{"floor":26,"key":"Strawberry"},{"floor":43,"key":"Smiling Mask"}],"event_choices":[{"damage_healed":0,"gold_gain":150,"player_choice":"AGREE","damage_taken":0,"max_hp_gain":0,"max_hp_loss":0,"event_name":"Liars Game","floor":4,"gold_loss":0,"cards_obtained":["Doubt"]},{"cards_removed":["Doubt"],"damage_healed":0,"gold_gain":0,"player_choice":"Forget","damage_taken":0,"max_hp_gain":0,"max_hp_loss":0,"event_name":"Living Wall","floor":10,"gold_loss":0},{"damage_healed":0,"gold_gain":0,"player_choice":"Obtained Relic","damage_taken":0,"relics_obtained":["Ice Cream"],"max_hp_gain":0,"max_hp_loss":0,"event_name":"Addict","floor":20,"gold_loss":85},{"damage_healed":0,"gold_gain":0,"player_choice":"Read","damage_taken":0,"max_hp_gain":0,"max_hp_loss":0,"event_name":"The Library","floor":21,"gold_loss":0,"cards_obtained":["Caltrops"]},{"damage_healed":0,"gold_gain":0,"player_choice":"Simplicity","damage_taken":0,"max_hp_gain":0,"max_hp_loss":0,"event_name":"Back to Basics","floor":31,"gold_loss":0,"cards_upgraded":["Defend_G","Defend_G","Defend_G","Defend_G","Defend_G","Strike_G","Strike_G","Strike_G","Strike_G"]},{"damage_healed":0,"gold_gain":0,"player_choice":"Ignored","damage_taken":0,"max_hp_gain":0,"max_hp_loss":0,"event_name":"Mysterious Sphere","floor":37,"gold_loss":0},{"damage_healed":0,"gold_gain":0,"player_choice":"Memory 1","damage_taken":0,"max_hp_gain":0,"max_hp_loss":0,"event_name":"SensoryStone","floor":39,"gold_loss":0},{"damage_healed":0,"gold_gain":0,"player_choice":"Leave","damage_taken":0,"max_hp_gain":0,"max_hp_loss":0,"event_name":"FaceTrader","floor":47,"gold_loss":0}],"is_beta":false,"boss_relics":[{"not_picked":["Busted Crown","Pandora\u0027s Box"],"picked":"Runic Pyramid"},{"not_picked":["Fusion Hammer","Tiny House"],"picked":"Astrolabe"}],"items_purged_floors":[22,41],"is_endless":false,"potions_floor_spawned":[3,7,12,13,19,23,25,35,45,48],"ascension_level":19}