{"path_per_floor":["M","$","?","?","M","R","M","E","T","R","E","M","?","M","R","B",null,"M","M","$","M","M","E","M","R","T","R","?","$","M","?","R","B",null,"M","M","M","M","?","M","R","$","T","E","R","M","R","M","R","B"],"character_chosen":"DEFECT","items_purchased":["Rebound","Flash of Steel","Scrape"],"gold_per_floor":[116,17,17,17,33,33,43,73,150,150,185,202,152,167,167,269,269,287,301,45,64,81,108,127,127,127,127,127,2,16,16,16,116,116,127,144,160,176,0,17,17,17,17,42,42,58,58,74,74,74],"floor_reached":51,"campfire_rested":0,"playtime":3106,"item_purchase_floors":[2,20,20],"current_hp_per_floor":[67,67,60,60,59,59,59,46,46,46,46,46,46,46,46,40,68,68,66,66,61,61,49,49,49,49,49,49,49,49,49,49,42,68,68,60,59,66,66,66,66,66,66,72,72,72,72,72,72,35],"items_purged":["Strike_B","Defend_B","Strike_B+1"],"gold":74,"score":736,"play_id":"d9a9a1f9-4ffc-4889-bb3d-b5def7290542","local_time":"20180609172712","is_prod":false,"is_daily":false,"chose_seed":false,"is_ascension_mode":false,"campfire_upgraded":10,"win_rate":0,"timestamp":1528579632,"campfire_choices":[{"data":"Zap","floor":6,"key":"SMITH"},{"data":"Dualcast","floor":10,"key":"SMITH"},{"data":"Multi-Cast","floor":15,"key":"SMITH"},{"data":"Creative AI","floor":25,"key":"SMITH"},{"data":"Defragment","floor":27,"key":"SMITH"},{"data":"Reboot","floor":32,"key":"SMITH"},{"data":"Echo Form","floor":41,"key":"SMITH"},{"data":"Flash of Steel","floor":45,"key":"SMITH"},{"data":"Scrape","floor":47,"key":"SMITH"},{"data":"Reboot","floor":49,"key":"SMITH"}],"path_taken":["M","$","?","?","M","R","M","E","T","R","E","M","?","M","R","BOSS","M","M","$","M","M","E","M","R","T","R","?","?","?","?","R","BOSS","M","M","?","M","?","?","R","$","T","E","R","M","R","M","R","BOSS"],"build_version":"2018-06-08","seed_source_timestamp":770509734870789,"purchased_purges":3,"victory":true,"master_deck":["Zap+1","Dualcast+1","Rebound","Reboot+1","Go for the Eyes+1","Leap","FTL","Multi-Cast+1","All For One","Coolheaded+1","Leap+1","Flash of Steel+1","Scrape+1","Defragment+1","Creative AI+1","White Noise+1","Echo Form+1","Streamline+1","Reboot+1"],"max_hp_per_floor":[68,68,68,68,68,68,68,68,68,68,68,68,68,68,68,68,68,68,68,68,68,68,68,68,68,68,68,68,68,68,68,68,68,68,68,68,68,68,68,68,68,68,68,78,78,78,78,78,78,78],"relics":["Cracked Core","Whetstone","Letter Opener","Ancient Tea Set","Sozu","Calipers","Mummified Hand","Philosopher\u0027s Stone","Red Mask","Bottled Flame","Pear"],"card_choices":[{"not_picked":["Sweeping Beam","Gash","Barrage"],"picked":"SKIP","floor":1},{"not_picked":["Rip and Tear","Hologram"],"picked":"Go for the Eyes","floor":5},{"not_picked":["Heatsinks","Hologram"],"picked":"Leap","floor":7},{"not_picked":["Steam Power","Compile Driver"],"picked":"FTL","floor":8},{"not_picked":["Conserve Battery","Barrage"],"picked":"Multi-Cast","floor":11},{"not_picked":["Compile Driver","Reprogram","Hologram"],"picked":"SKIP","floor":12},{"not_picked":["Steam","Turbo","Rebound"],"picked":"SKIP","floor":14},{"not_picked":["Buffer","Creative AI"],"picked":"All For One","floor":16},{"not_picked":["Steam Power+1","Redo"],"picked":"Coolheaded+1","floor":18},{"not_picked":["Cold Snap","Turbo"],"picked":"Leap+1","floor":19},{"not_picked":["Coolheaded","Turbo"],"picked":"Defragment","floor":21},{"not_picked":["Darkness","Chaos+1","Ball Lightning+1"],"picked":"SKIP","floor":22},{"not_picked":["Tempest","Fusion"],"picked":"Creative AI","floor":23},{"not_picked":["Leap+1","Coolheaded+1"],"picked":"White Noise+1","floor":24},{"not_picked":["Go for the Eyes","Redo","Sweeping Beam"],"picked":"SKIP","floor":30},{"not_picked":["Machine Learning","Biased Cognition"],"picked":"Echo Form","floor":33},{"not_picked":["Steam+1","Reinforced Body+1"],"picked":"Streamline+1","floor":35},{"not_picked":["Blizzard","Sunder","Turbo+1"],"picked":"SKIP","floor":36},{"not_picked":["Barrage+1","Redo+1","Blizzard"],"picked":"SKIP","floor":37},{"not_picked":["Beam Cell","Recycle","Static Discharge+1"],"picked":"SKIP","floor":38},{"not_picked":["Beam Cell","Recycle","Static Discharge+1"],"picked":"SKIP","floor":38},{"not_picked":["Leap+1","Chaos+1","Scrape"],"picked":"SKIP","floor":40},{"not_picked":["Static Discharge","Go for the Eyes+1","FTL"],"picked":"SKIP","floor":44},{"not_picked":["Turbo","Stack+1","Chaos+1"],"picked":"SKIP","floor":46},{"not_picked":["Compile Driver+1","Double Energy"],"picked":"Reboot","floor":48}],"player_experience":267099,"potions_floor_usage":[22,33],"damage_taken":[{"damage":1,"enemies":"Cultist","floor":1,"turns":3},{"damage":1,"enemies":"Jaw Worm","floor":5,"turns":3},{"damage":0,"enemies":"2 Louse","floor":7,"turns":2},{"damage":13,"enemies":"Lagavulin","floor":8,"turns":7},{"damage":0,"enemies":"Gremlin Nob","floor":11,"turns":2},{"damage":0,"enemies":"Lots of Slimes","floor":12,"turns":2},{"damage":0,"enemies":"Large Slime","floor":14,"turns":3},{"damage":6,"enemies":"Slime Boss","floor":16,"turns":6},{"damage":0,"enemies":"Chosen","floor":18,"turns":2},{"damage":2,"enemies":"2 Thieves","floor":19,"turns":2},{"damage":5,"enemies":"Snake Plant","floor":21,"turns":3},{"damage":0,"enemies":"Centurion and Healer","floor":22,"turns":2},{"damage":12,"enemies":"Slavers","floor":23,"turns":3},{"damage":0,"enemies":"3 Cultists","floor":24,"turns":3},{"damage":0,"enemies":"Sentry and Sphere","floor":30,"turns":2},{"damage":7,"enemies":"Champ","floor":33,"turns":5},{"damage":0,"enemies":"3 Shapes","floor":35,"turns":2},{"damage":8,"enemies":"3 Darklings","floor":36,"turns":3},{"damage":1,"enemies":"Spire Growth","floor":37,"turns":3},{"damage":0,"enemies":"Transient","floor":38,"turns":5},{"damage":0,"enemies":"4 Shapes","floor":40,"turns":3},{"damage":4,"enemies":"Nemesis","floor":44,"turns":3},{"damage":0,"enemies":"3 Darklings","floor":46,"turns":3},{"damage":0,"enemies":"Maw","floor":48,"turns":4},{"damage":37,"enemies":"Donu and Deca","floor":50,"turns":6}],"relics_obtained":[{"floor":8,"key":"Whetstone"},{"floor":9,"key":"Letter Opener"},{"floor":11,"key":"Ancient Tea Set"},{"floor":23,"key":"Calipers"},{"floor":26,"key":"Mummified Hand"},{"floor":43,"key":"Bottled Flame"},{"floor":44,"key":"Pear"}],"event_choices":[{"event_name":"Golden Wing","player_choice":"Card Removal","floor":3,"damage_taken":0},{"event_name":"Transmorgrifier","player_choice":"Transform","floor":4,"damage_taken":0},{"event_name":"The Cleric","player_choice":"Card Removal","floor":13,"damage_taken":0},{"event_name":"Cursed Tome","player_choice":"Ignored","floor":28,"damage_taken":0},{"event_name":"Addict","player_choice":"Ignored","floor":31,"damage_taken":0},{"event_name":"Tomb of Lord Red Mask","player_choice":"Paid","floor":39,"damage_taken":0}],"boss_relics":[{"not_picked":["Astrolabe","White Beast Statue"],"picked":"Sozu"},{"not_picked":["Cursed Key","Black Star"],"picked":"Philosopher\u0027s Stone"}],"items_purged_floors":[2,20,29],"potions_floor_spawned":[8,12,14,18,24,30,33,46,48],"seed_played":"341391401329907596","ascension_level":0,"potions_obtained":[{"floor":8,"key":"SmokeBomb"},{"floor":12,"key":"EssenceOfSteel"},{"floor":14,"key":"Block Potion"}],"is_trial":false}