{"gold_per_floor":[110,121,50,69,69,69,94,107,107,107,32,32,44,54,54,153,153,124,141,152,17,29,29,60,73,73,87,104,29,29,4,4,4],"floor_reached":33,"playtime":1493,"items_purged":["Strike_B","Strike_B"],"score":311,"play_id":"7128f7b0-511e-4bf5-94b7-699d2c560d46","local_time":"20190219110115","is_ascension_mode":false,"campfire_choices":[{"data":"Zap","floor":6,"key":"SMITH"},{"data":"Gash","floor":10,"key":"SMITH"},{"data":"Leap","floor":12,"key":"SMITH"},{"data":"Leap","floor":15,"key":"SMITH"},{"floor":23,"key":"REST"},{"floor":30,"key":"REST"},{"floor":32,"key":"REST"}],"neow_cost":"NONE","seed_source_timestamp":7973712803402,"circlet_count":0,"master_deck":["Strike_B","Defend_B","Defend_B","Defend_B","Defend_B","Zap+1","Dualcast","Conserve Battery","Melter","Leap+1","Gash+1","Stack","Leap+1","Ball Lightning","All For One","Chaos+1","Beam Cell+1","Leap","Melter","Stack","Glacier","Ball Lightning","Sweeping Beam+1","Echo Form","Redo"],"relics":["Cracked Core","Happy Flower","Gremlin Horn","Pantograph"],"potions_floor_usage":[1,16,16,16,22,24,27,33,33],"damage_taken":[{"damage":0,"enemies":"Cultist","floor":1,"turns":4},{"damage":0,"enemies":"Small Slimes","floor":2,"turns":3},{"damage":0,"enemies":"Jaw Worm","floor":4,"turns":3},{"damage":0,"enemies":"Lots of Slimes","floor":8,"turns":5},{"damage":0,"enemies":"Blue Slaver","floor":13,"turns":3},{"damage":0,"enemies":"Large Slime","floor":14,"turns":7},{"damage":0,"enemies":"Slime Boss","floor":16,"turns":8},{"damage":13,"enemies":"2 Thieves","floor":18,"turns":5},{"damage":0,"enemies":"Chosen","floor":19,"turns":4},{"damage":18,"enemies":"Shelled Parasite and Fungi","floor":20,"turns":4},{"damage":2,"enemies":"Snecko","floor":22,"turns":6},{"damage":17,"enemies":"Book of Stabbing","floor":24,"turns":6},{"damage":22,"enemies":"3 Cultists","floor":25,"turns":8},{"damage":0,"enemies":"Centurion and Healer","floor":27,"turns":8},{"damage":1,"enemies":"Snecko","floor":28,"turns":7},{"damage":82,"enemies":"Champ","floor":33,"turns":13}],"seed_played":"-8384575315292132419","potions_obtained":[{"floor":0,"key":"SteroidPotion"},{"floor":0,"key":"SteroidPotion"},{"floor":0,"key":"LiquidBronze"},{"floor":2,"key":"Weak Potion"},{"floor":4,"key":"Poison Potion"},{"floor":16,"key":"GamblersBrew"},{"floor":20,"key":"Poison Potion"},{"floor":22,"key":"Energy Potion"},{"floor":25,"key":"Dexterity Potion"},{"floor":28,"key":"Weak Potion"}],"is_trial":false,"path_per_floor":["M","M","$","M","?","R","T","M","T","R","$","R","M","M","R","B",null,"M","M","M","$","M","R","E","M","T","M","M","?","R","$","R","B"],"character_chosen":"DEFECT","items_purchased":["Leap","Gash","Melter","Redo"],"campfire_rested":3,"item_purchase_floors":[3,3,21,31],"current_hp_per_floor":[75,75,75,75,75,75,75,75,75,75,75,75,75,75,75,75,75,62,62,44,44,42,64,47,25,25,25,24,24,46,46,68,0],"gold":4,"neow_bonus":"THREE_SMALL_POTIONS","is_prod":false,"is_daily":false,"chose_seed":false,"campfire_upgraded":4,"win_rate":0,"timestamp":1550595675,"path_taken":["M","?","?","M","?","R","?","?","T","R","$","R","M","M","R","BOSS","M","M","M","$","M","R","E","M","T","M","M","?","R","$","R","BOSS"],"build_version":"2019-01-23","purchased_purges":2,"victory":false,"max_hp_per_floor":[75,75,75,75,75,75,75,75,75,75,75,75,75,75,75,75,75,75,75,75,75,75,75,75,75,75,75,75,75,75,75,75,75],"card_choices":[{"not_picked":["Beam Cell","Compile Driver"],"picked":"Conserve Battery","floor":1},{"not_picked":["Storm","Turbo"],"picked":"Melter","floor":2},{"not_picked":["Turbo","Go for the Eyes"],"picked":"Stack","floor":4},{"not_picked":["Thunder Strike","Streamline"],"picked":"Leap","floor":8},{"not_picked":["Cold Snap","Steam","Beam Cell"],"picked":"SKIP","floor":13},{"not_picked":["Sweeping Beam","Rebound"],"picked":"Ball Lightning","floor":14},{"not_picked":["Rainbow","Core Surge"],"picked":"All For One","floor":16},{"not_picked":["Turbo+1","Double Energy"],"picked":"Chaos+1","floor":18},{"not_picked":["Sweeping Beam+1","Coolheaded"],"picked":"Beam Cell+1","floor":19},{"not_picked":["Static Discharge","Loop"],"picked":"Leap","floor":20},{"not_picked":["Meteor Strike","Coolheaded"],"picked":"Stack","floor":22},{"not_picked":["Coolheaded","Sweeping Beam+1"],"picked":"Glacier","floor":24},{"not_picked":["Steam","Chill+1"],"picked":"Ball Lightning","floor":25},{"not_picked":["Ball Lightning","Leap"],"picked":"Sweeping Beam+1","floor":27},{"not_picked":["Cold Snap+1","Stack"],"picked":"Echo Form","floor":28}],"player_experience":240165,"relics_obtained":[{"floor":7,"key":"Happy Flower"},{"floor":9,"key":"Gremlin Horn"},{"floor":26,"key":"Pantograph"}],"event_choices":[{"damage_healed":0,"gold_gain":0,"player_choice":"Ignored","damage_taken":0,"max_hp_gain":0,"max_hp_loss":0,"event_name":"Liars Game","floor":5,"gold_loss":0},{"cards_removed":["Strike_B"],"damage_healed":0,"gold_gain":0,"player_choice":"Gave Gold","damage_taken":0,"max_hp_gain":0,"max_hp_loss":0,"event_name":"Beggar","floor":29,"gold_loss":75}],"is_beta":false,"boss_relics":[{"not_picked":["Ectoplasm","Calling Bell","FrozenCore"]}],"items_purged_floors":[11,21],"is_endless":false,"potions_floor_spawned":[2,4,8,16,20,22,25,28],"killed_by":"Champ","ascension_level":0}