{"gold_per_floor":[213,223,223,234,244,244,279,47,47,47,47,63,81,98,98,195,195,215,215,228,228,245,275,275,275],"floor_reached":25,"playtime":849,"items_purged":["Strike_B"],"score":227,"play_id":"a4813326-a11e-4d9b-917e-5bf71c788989","local_time":"20190304234249","is_ascension_mode":false,"campfire_choices":[{"floor":6,"key":"RECALL"},{"data":"Rebound","floor":10,"key":"SMITH"},{"data":"Darkness","floor":15,"key":"SMITH"},{"floor":24,"key":"REST"}],"neow_cost":"NONE","seed_source_timestamp":50005720636717,"circlet_count":0,"master_deck":["Strike_B","Strike_B","Defend_B","Defend_B","Defend_B","Defend_B","Zap","Dualcast","Rebound+1","Sunder+1","Ball Lightning","Double Energy","Darkness+1","Echo Form","Stack+1","Barrage","Reinforced Body"],"relics":["Cracked Core","Anchor","DataDisk","Inserter","Gambling Chip"],"potions_floor_usage":[7,16,18,21,22,25],"damage_taken":[{"damage":0,"enemies":"Cultist","floor":1,"turns":3},{"damage":0,"enemies":"2 Louse","floor":2,"turns":2},{"damage":0,"enemies":"Small Slimes","floor":4,"turns":2},{"damage":0,"enemies":"Exordium Thugs","floor":5,"turns":3},{"damage":4,"enemies":"3 Sentries","floor":7,"turns":3},{"damage":0,"enemies":"Looter","floor":12,"turns":3},{"damage":0,"enemies":"2 Fungi Beasts","floor":13,"turns":2},{"damage":7,"enemies":"Large Slime","floor":14,"turns":5},{"damage":38,"enemies":"Hexaghost","floor":16,"turns":6},{"damage":0,"enemies":"Spheric Guardian","floor":18,"turns":3},{"damage":0,"enemies":"Chosen","floor":20,"turns":4},{"damage":0,"enemies":"Snake Plant","floor":21,"turns":1},{"damage":21,"enemies":"Chosen and Byrds","floor":22,"turns":5},{"damage":47,"enemies":"Slavers","floor":23,"turns":5},{"damage":37,"enemies":"3 Cultists","floor":25,"turns":4}],"seed_played":"-2726391449290518704","potions_obtained":[{"floor":2,"key":"Explosive Potion"},{"floor":5,"key":"SmokeBomb"},{"floor":12,"key":"Regen Potion"},{"floor":16,"key":"AttackPotion"},{"floor":18,"key":"Regen Potion"},{"floor":23,"key":"EssenceOfSteel"}],"is_trial":false,"path_per_floor":["M","M","?","M","M","R","E","$","T","R","?","M","M","M","R","B",null,"M","?","M","M","M","E","R","M"],"character_chosen":"DEFECT","items_purchased":["DataDisk"],"campfire_rested":1,"item_purchase_floors":[8],"current_hp_per_floor":[75,75,75,75,75,75,71,71,71,71,71,71,71,64,64,40,75,75,61,61,61,54,7,31,0],"gold":275,"neow_bonus":"HUNDRED_GOLD","is_prod":false,"is_daily":false,"chose_seed":false,"campfire_upgraded":2,"win_rate":0,"timestamp":1551764569,"path_taken":["M","?","?","M","M","R","E","?","T","R","?","M","?","M","R","BOSS","M","?","M","M","M","E","R","M"],"build_version":"2019-01-23","purchased_purges":1,"victory":false,"max_hp_per_floor":[75,75,75,75,75,75,75,75,75,75,75,75,75,75,75,75,75,75,80,80,80,80,80,80,80],"card_choices":[{"not_picked":["Leap","Force Field"],"picked":"Rebound","floor":1},{"not_picked":["Compile Driver","Redo"],"picked":"Sunder","floor":2},{"not_picked":["Barrage","Streamline","Heatsinks"],"picked":"SKIP","floor":4},{"not_picked":["Streamline","Consume","Beam Cell"],"picked":"SKIP","floor":5},{"not_picked":["Steam","Barrage","Rebound"],"picked":"SKIP","floor":7},{"not_picked":["Skim","Beam Cell","Multi-Cast"],"picked":"SKIP","floor":12},{"not_picked":["Gash","Beam Cell"],"picked":"Double Energy","floor":13},{"not_picked":["Steam","Turbo"],"picked":"Darkness","floor":14},{"not_picked":["Machine Learning","All For One"],"picked":"Echo Form","floor":16},{"not_picked":["Sweeping Beam+1","Aggregate"],"picked":"Stack+1","floor":18},{"not_picked":["Gash","Streamline+1"],"picked":"Barrage","floor":20},{"not_picked":["Scrape+1","Reprogram","Seek"],"picked":"SKIP","floor":22},{"not_picked":["Streamline","Doom and Gloom"],"picked":"Reinforced Body","floor":23}],"player_experience":543050,"relics_obtained":[{"floor":7,"key":"Anchor"},{"floor":23,"key":"Gambling Chip"}],"event_choices":[{"damage_healed":0,"gold_gain":0,"player_choice":"Upgraded","damage_taken":0,"max_hp_gain":0,"max_hp_loss":0,"event_name":"Upgrade Shrine","floor":3,"gold_loss":0,"cards_upgraded":["Sunder"]},{"damage_healed":0,"gold_gain":0,"cards_transformed":["Strike_B"],"player_choice":"Transformed","damage_taken":0,"max_hp_gain":0,"max_hp_loss":0,"event_name":"Transmorgrifier","floor":11,"gold_loss":0,"cards_obtained":["Ball Lightning"]},{"damage_healed":0,"gold_gain":0,"player_choice":"Shed Blood","damage_taken":19,"max_hp_gain":5,"max_hp_loss":0,"event_name":"Forgotten Altar","floor":19,"gold_loss":0}],"is_beta":false,"boss_relics":[{"not_picked":["White Beast Statue","Ectoplasm"],"picked":"Inserter"}],"items_purged_floors":[8],"is_endless":false,"potions_floor_spawned":[2,5,12,16,18,23],"killed_by":"3 Cultists","ascension_level":0}