{"gold_per_floor":[118,137,137,149,161,161,189,189,189,189,200,200,220,30,30,130,130,150,150,83,100,100,100,131,131,131,131],"floor_reached":27,"playtime":902,"items_purged":["Strike_R"],"score":289,"play_id":"cd636615-2a47-4cf7-afb8-e899c4ffd988","local_time":"20180804145542","is_ascension_mode":true,"campfire_choices":[{"data":"Twin Strike","floor":6,"key":"SMITH"},{"data":"Juggernaut","floor":8,"key":"SMITH"},{"data":"Metallicize","floor":10,"key":"SMITH"},{"data":"Bash","floor":12,"key":"SMITH"},{"data":"Evolve","floor":15,"key":"SMITH"},{"data":"Rampage","floor":23,"key":"SMITH"},{"floor":25,"key":"REST"}],"neow_cost":"","seed_source_timestamp":239474270662332,"circlet_count":0,"master_deck":["Strike_R","Strike_R","Strike_R","Strike_R","Defend_R","Defend_R+1","Defend_R","Defend_R","Bash+1","Metallicize+1","Twin Strike+1","Juggernaut+1","Headbutt","Shockwave","Evolve+1","Demon Form","Shrug It Off+1","Rampage+1","Iron Wave"],"relics":["Burning Blood","Happy Flower","Potion Belt","Mark of Pain","Kunai","War Paint"],"potions_floor_usage":[7,16,16,24,24,27],"damage_taken":[{"damage":13,"enemies":"Jaw Worm","floor":1,"turns":4},{"damage":7,"enemies":"Cultist","floor":2,"turns":6},{"damage":1,"enemies":"2 Louse","floor":4,"turns":4},{"damage":12,"enemies":"2 Fungi Beasts","floor":5,"turns":4},{"damage":29,"enemies":"Gremlin Nob","floor":7,"turns":5},{"damage":5,"enemies":"Red Slaver","floor":11,"turns":4},{"damage":6,"enemies":"Exordium Thugs","floor":13,"turns":4},{"damage":13,"enemies":"Slime Boss","floor":16,"turns":10},{"damage":29,"enemies":"Shell Parasite","floor":18,"turns":5},{"damage":14,"enemies":"Chosen","floor":21,"turns":5},{"damage":39,"enemies":"Gremlin Leader","floor":24,"turns":5},{"damage":31,"enemies":"Book of Stabbing","floor":27,"turns":5}],"seed_played":"-5249151650688750825","potions_obtained":[{"floor":2,"key":"SpeedPotion"},{"floor":5,"key":"Energy Potion"},{"floor":11,"key":"Weak Potion"},{"floor":13,"key":"LiquidBronze"},{"floor":16,"key":"Ancient Potion"},{"floor":18,"key":"LiquidBronze"}],"is_trial":false,"path_per_floor":["M","M","?","M","M","R","E","R","T","R","M","R","M","$","R","B",null,"M","?","$","M","?","R","E","R","T"],"character_chosen":"IRONCLAD","items_purchased":["Shockwave","Evolve","Rampage"],"campfire_rested":1,"item_purchase_floors":[14,14,20],"current_hp_per_floor":[73,72,72,77,71,71,48,48,48,48,49,49,49,49,49,42,71,48,48,48,40,40,40,7,31,31,0],"gold":131,"neow_bonus":"","is_prod":false,"is_daily":false,"chose_seed":false,"campfire_upgraded":6,"win_rate":0,"timestamp":1533387342,"path_taken":["M","M","?","M","M","R","E","R","T","R","M","R","M","$","R","BOSS","M","?","$","?","?","R","E","R","T","E"],"build_version":"2018-08-02","purchased_purges":1,"victory":false,"max_hp_per_floor":[80,80,80,80,80,80,80,80,80,80,80,80,80,80,80,80,80,80,80,80,80,80,80,80,80,80,80],"card_choices":[{"not_picked":["True Grit","Corruption"],"picked":"Metallicize","floor":1},{"not_picked":["Sentinel","Searing Blow","Warcry"],"picked":"SKIP","floor":2},{"not_picked":["Hemokinesis","Sword Boomerang","Flex"],"picked":"SKIP","floor":4},{"not_picked":["Wild Strike","Flex"],"picked":"Twin Strike","floor":5},{"not_picked":["Shrug It Off","Uppercut"],"picked":"Juggernaut","floor":7},{"not_picked":["Anger","Reckless Charge","Wild Strike"],"picked":"SKIP","floor":11},{"not_picked":["Warcry","Wild Strike"],"picked":"Headbutt","floor":13},{"not_picked":["Exhume","Immolate"],"picked":"Demon Form","floor":16},{"not_picked":["Evolve+1","Thunderclap","Sword Boomerang+1"],"picked":"SKIP","floor":18},{"not_picked":["Dual Wield","Warcry+1"],"picked":"Iron Wave","floor":21},{"not_picked":["Armaments","Evolve","Sever Soul"],"picked":"SKIP","floor":24}],"player_experience":496325,"relics_obtained":[{"floor":7,"key":"Happy Flower"},{"floor":9,"key":"Potion Belt"},{"floor":24,"key":"Kunai"},{"floor":26,"key":"War Paint"}],"event_choices":[{"event_name":"Liars Game","player_choice":"disagreed","floor":3,"damage_taken":0},{"event_name":"The Library","player_choice":"Read","floor":19,"damage_taken":0},{"event_name":"Vampires","player_choice":"Ignored","floor":22,"damage_taken":0}],"is_beta":false,"boss_relics":[{"not_picked":["Lizard Tail","Calling Bell"],"picked":"Mark of Pain"}],"items_purged_floors":[14],"is_endless":false,"potions_floor_spawned":[2,5,11,13,16,18],"killed_by":"Book of Stabbing","ascension_level":5}