{"gold_per_floor":[119,119,138,61,61,61,78,109,109,141,118,130,142,182,194,309,321,347,377,405,417],"floor_reached":21,"playtime":2106,"items_purged":[],"score":296,"play_id":"c24f420f-9c2b-43bf-89e6-2cced75a9e61","local_time":"20181219231314","is_ascension_mode":true,"campfire_choices":[{"data":"Rupture","floor":6.0,"key":"SMITH"},{"data":"1","floor":12.0,"key":"LIFT"},{"floor":15,"key":"REST"}],"neow_cost":"CURSE","seed_source_timestamp":620880566720800,"circlet_count":0,"master_deck":["Strike_R","Strike_R+1","Strike_R","Strike_R","Strike_R","Defend_R+1","Defend_R","Defend_R","Defend_R","Bash","Decay","True Grit","Power Through","Rupture+1","Combust","Ghostly Armor","Limit Break","Immolate","Pain","Parasite","Regret","Heavy Blade+1","Intimidate+1","Pommel Strike+1","Warcry+1","Demon Form","Warcry+1"],"special_seed":0,"relics":["Burning Blood","Prayer Wheel","Anchor","Girya","MawBank","Darkstone Periapt","Calling Bell","Blood Vial","Question Card","Ice Cream"],"potions_floor_usage":[19,19,21],"damage_taken":[{"damage":15.0,"enemies":"Cultist","floor":1.0,"turns":5.0},{"damage":10.0,"enemies":"2 Louse","floor":3.0,"turns":4.0},{"damage":6.0,"enemies":"Small Slimes","floor":7.0,"turns":3.0},{"damage":20.0,"enemies":"Gremlin Nob","floor":8.0,"turns":5.0},{"damage":14.0,"enemies":"3 Sentries","floor":10.0,"turns":8.0},{"damage":0.0,"enemies":"2 Fungi Beasts","floor":14.0,"turns":5.0},{"damage":57,"enemies":"Hexaghost","floor":16,"turns":14},{"damage":13,"enemies":"2 Thieves","floor":18,"turns":4},{"damage":29,"enemies":"3 Byrds","floor":19,"turns":5},{"damage":49,"enemies":"Snecko","floor":20,"turns":6},{"damage":35,"enemies":"Centurion and Healer","floor":21,"turns":5}],"seed_played":"-4340961972440437557","potions_obtained":[{"floor":1.0,"key":"SkillPotion"},{"floor":10.0,"key":"Explosive Potion"},{"floor":16,"key":"SpeedPotion"},{"floor":20,"key":"Explosive Potion"}],"is_trial":false,"path_per_floor":["M","?","M","$","?","R","M","E","T","E","?","R","?","M","M","R","B",null,"M","M","M","M"],"character_chosen":"IRONCLAD","items_purchased":["Combust"],"campfire_rested":1,"item_purchase_floors":[4],"current_hp_per_floor":[79,79,75,75,56,56,56,42,42,34,58,58,25,31,59,8,92,87,66,25,0],"gold":417,"neow_bonus":"TWENTY_PERCENT_HP_BONUS","is_prod":false,"is_daily":false,"chose_seed":false,"campfire_upgraded":1,"win_rate":0,"timestamp":1545286394,"path_taken":["M","?","M","?","?","R","M","E","T","E","?","R","?","M","R","BOSS","M","M","M","M"],"build_version":"2018-12-13","purchased_purges":0,"victory":false,"max_hp_per_floor":[96,96,96,96,96,96,96,96,96,96,96,96,96,96,96,96,114,114,114,114,114],"card_choices":[{"not_picked":["Clothesline","Armaments"],"picked":"True Grit","floor":1.0},{"not_picked":["Pommel Strike","Twin Strike"],"picked":"Power Through","floor":3.0},{"not_picked":["Iron Wave","Headbutt"],"picked":"Rupture","floor":3.0},{"not_picked":["Havoc","Clash"],"picked":"Ghostly Armor","floor":7.0},{"not_picked":["Iron Wave","Warcry","Twin Strike"],"picked":"SKIP","floor":7.0},{"not_picked":["Searing Blow","Headbutt"],"picked":"Limit Break","floor":8.0},{"not_picked":["Ghostly Armor","Iron Wave","Shrug It Off"],"picked":"SKIP","floor":10.0},{"not_picked":["Headbutt","Disarm","Twin Strike"],"picked":"SKIP","floor":14},{"not_picked":["Ghostly Armor","Uppercut","Twin Strike"],"picked":"SKIP","floor":14},{"not_picked":["Impervious","Exhume"],"picked":"Immolate","floor":16},{"not_picked":["Intimidate","Sword Boomerang","Warcry+1"],"picked":"Heavy Blade+1","floor":18},{"not_picked":["Infernal Blade","Entrench","Body Slam"],"picked":"Intimidate+1","floor":18},{"not_picked":["Body Slam","Power Through","Sword Boomerang"],"picked":"Pommel Strike+1","floor":19},{"not_picked":["Disarm+1","Body Slam","Flame Barrier"],"picked":"Warcry+1","floor":19},{"not_picked":["Pommel Strike","Seeing Red","Dropkick"],"picked":"Demon Form","floor":20},{"not_picked":["Wild Strike","Shrug It Off","Clash"],"picked":"Warcry+1","floor":20}],"player_experience":280833,"relics_obtained":[{"floor":8.0,"key":"Anchor"},{"floor":9.0,"key":"Girya"},{"floor":10.0,"key":"MawBank"},{"floor":17,"key":"Blood Vial"},{"floor":17,"key":"Question Card"},{"floor":17,"key":"Ice Cream"}],"event_choices":[{"damage_healed":0.0,"max_hp_gain":0.0,"max_hp_loss":0.0,"gold_gain":0.0,"event_name":"WeMeetAgain","player_choice":"Gave Potion","floor":2.0,"gold_loss":0.0,"damage_taken":0.0,"relics_obtained":["Prayer Wheel"]},{"damage_healed":0.0,"max_hp_gain":0.0,"max_hp_loss":0.0,"gold_gain":0.0,"event_name":"Shining Light","player_choice":"Entered Light","floor":5.0,"gold_loss":0.0,"damage_taken":19.0,"cards_upgraded":["Strike_R","Defend_R"]},{"damage_healed":24.0,"max_hp_gain":0.0,"max_hp_loss":0.0,"gold_gain":0.0,"event_name":"The Cleric","player_choice":"Healed","floor":11.0,"gold_loss":35.0,"damage_taken":0.0},{"damage_healed":0.0,"max_hp_gain":0.0,"max_hp_loss":0.0,"gold_gain":0.0,"event_name":"Scrap Ooze","player_choice":"Success","floor":13.0,"gold_loss":0.0,"damage_taken":33.0,"relics_obtained":["Darkstone Periapt"]}],"is_beta":false,"boss_relics":[{"not_picked":["Mark of Pain","Black Blood"],"picked":"Calling Bell"}],"items_purged_floors":[],"is_endless":false,"potions_floor_spawned":[1,10,16,20],"killed_by":"Centurion and Healer","ascension_level":6}