{"path_per_floor":["M","M","M","M","?","R","M","R","T","$","M","M","?","?","R","B",null,"M","?","M","$","?","R","?","R","T","M","?"],"character_chosen":"IRONCLAD","items_purchased":["Frozen Egg 2","Evolve","Power Through"],"gold_per_floor":[109,127,146,162,237,237,253,253,253,0,10,28,28,28,28,132,132,146,146,161,24,24,24,24,24,51,69,69],"floor_reached":29,"campfire_rested":0,"playtime":1310,"current_hp_per_floor":[78,80,80,74,63,63,69,69,69,69,75,80,80,80,80,29,80,67,52,29,29,29,29,29,29,29,18,18],"items_purged":[],"gold":69,"score":215,"play_id":"9277c5fe-04c4-4d5e-86de-5736d0c22170","is_prod":false,"is_daily":false,"is_ascension_mode":false,"campfire_upgraded":5,"path_taken":["M","M","M","M","?","R","M","R","T","$","M","M","?","?","R","BOSS","M","?","M","$","?","R","?","R","T","?","?","E"],"build_version":"2018-02-15-PROD1","purchased_purges":0,"victory":false,"master_deck":["Strike_R","Strike_R","Strike_R","Defend_R","Defend_R","Defend_R","Bash","Whirlwind+1","Sever Soul+1","Limit Break+1","Headbutt","Fire Breathing","Impervious","Clash+1","Blood for Blood","Offering","Flex","Clothesline","Evolve+1","Power Through+1","Combust+1","Blood for Blood"],"max_hp_per_floor":[80,80,80,80,80,80,80,80,80,80,80,80,80,80,80,80,80,80,85,85,85,85,85,85,85,85,85,85],"relics":["Burning Blood","Ice Cream","Frozen Egg 2","Philosopher\u0027s Stone","Prayer Wheel","Omamori"],"card_choices":[{"not_picked":["Anger","Perfected Strike"],"picked":"Whirlwind"},{"not_picked":["Iron Wave","Hemokinesis"],"picked":"Sever Soul"},{"not_picked":["Shrug It Off","Bloodletting"],"picked":"Limit Break"},{"not_picked":["Body Slam","Shrug It Off"],"picked":"Headbutt"},{"not_picked":["Anger","True Grit"],"picked":"Fire Breathing"},{"not_picked":["Headbutt","Twin Strike"],"picked":"Impervious"},{"not_picked":["Body Slam","Disarm"],"picked":"Clash"},{"not_picked":["Dark Embrace","Immolate"],"picked":"Offering"},{"not_picked":["Clash","Armaments"],"picked":"Flex"},{"not_picked":["Iron Wave","Armaments"],"picked":"Clothesline"},{"not_picked":["Thunderclap","Perfected Strike"],"picked":"Combust"}],"player_experience":75987,"potions_floor_usage":[27,29,29],"damage_taken":[{"damage":8,"enemies":"2 Louse","floor":1,"turns":4},{"damage":0,"enemies":"Small Slimes","floor":2,"turns":3},{"damage":1,"enemies":"Jaw Worm","floor":3,"turns":4},{"damage":12,"enemies":"Looter","floor":4,"turns":4},{"damage":0,"enemies":"Lots of Slimes","floor":7,"turns":1},{"damage":0,"enemies":"Large Slime","floor":11,"turns":3},{"damage":1,"enemies":"Exordium Wildlife","floor":12,"turns":4},{"damage":57,"enemies":"Slime Boss","floor":16,"turns":10},{"damage":19,"enemies":"2 Thieves","floor":18,"turns":2},{"damage":29,"enemies":"3 Byrds","floor":20,"turns":3},{"damage":17,"enemies":"Snake Plant","floor":27,"turns":4},{"damage":22,"enemies":"Gremlin Leader","floor":29,"turns":1}],"event_choices":[{"event_name":"World of Goop","player_choice":"Gather Gold","floor":5,"damage_taken":0},{"event_name":"Liars Game","player_choice":"disagreed","floor":13,"damage_taken":0},{"event_name":"Transmorgrifier","player_choice":"Transform","floor":14,"damage_taken":0},{"event_name":"Forgotten Altar","player_choice":"Shed Blood","floor":19,"damage_taken":0},{"event_name":"Accursed Blacksmith","player_choice":"Rummage","floor":22,"damage_taken":0},{"event_name":"Drug Dealer","player_choice":"Ignored","floor":24,"damage_taken":0},{"event_name":"Transmorgrifier","player_choice":"Transform","floor":28,"damage_taken":0}],"boss_relics":[{"not_picked":["Eternal Feather","Ectoplasm"],"picked":"Philosopher\u0027s Stone"}],"potions_floor_spawned":[3,7,11,16,18],"seed_played":"5521998644505601148","killed_by":"Gremlin Leader","ascension_level":0,"is_trial":false}