{"path_per_floor":["M","M","?","?","?","E","R","E","T","M","M"],"character_chosen":"IRONCLAD","items_purchased":[],"gold_per_floor":[112,129,129,129,204,244,244,283,361,386,407,407],"floor_reached":12,"campfire_rested":0,"playtime":425,"item_purchase_floors":[],"current_hp_per_floor":[79,75,75,55,44,25,25,7,7,16,9,0],"items_purged":[],"gold":407,"score":88,"play_id":"675eea4d-d10b-4a6a-85b8-385c9586653c","local_time":"20180525161711","is_prod":false,"is_daily":false,"chose_seed":false,"is_ascension_mode":false,"campfire_upgraded":1,"win_rate":0,"timestamp":1527257831,"campfire_choices":[{"data":"Feed","floor":7,"key":"SMITH"}],"path_taken":["M","M","?","?","?","E","R","E","T","?","M","M"],"build_version":"2018-05-24","seed_source_timestamp":263166943589240,"purchased_purges":0,"victory":false,"master_deck":["Strike_R","Strike_R","Strike_R","Strike_R","Strike_R","Defend_R","Defend_R","Defend_R","Defend_R","Bash","Evolve","Feed+1","Shockwave","Thunderclap"],"max_hp_per_floor":[80,80,80,80,80,80,80,84,84,88,88,88],"relics":["Burning Blood","Golden Idol","Vajra","Dream Catcher","Bottled Tornado"],"card_choices":[{"not_picked":["Sword Boomerang","True Grit","Twin Strike"],"picked":"SKIP","floor":1},{"not_picked":["Heavy Blade","Sever Soul"],"picked":"Evolve","floor":2},{"not_picked":["Pummel","Bloodletting"],"picked":"Feed","floor":6},{"not_picked":["Burning Pact","Havoc"],"picked":"Shockwave","floor":8},{"not_picked":["Body Slam","Cleave","Pommel Strike"],"picked":"SKIP","floor":10},{"not_picked":["Blood for Blood","Armaments"],"picked":"Thunderclap","floor":11}],"player_experience":268253,"potions_floor_usage":[6,8],"damage_taken":[{"damage":7,"enemies":"Small Slimes","floor":1,"turns":4},{"damage":10,"enemies":"Jaw Worm","floor":2,"turns":4},{"damage":39,"enemies":"Gremlin Nob","floor":6,"turns":6},{"damage":28,"enemies":"3 Sentries","floor":8,"turns":11},{"damage":1,"enemies":"2 Louse","floor":10,"turns":2},{"damage":13,"enemies":"Blue Slaver","floor":11,"turns":6},{"damage":13,"enemies":"Large Slime","floor":12,"turns":2}],"relics_obtained":[{"floor":6,"key":"Vajra"},{"floor":8,"key":"Dream Catcher"},{"floor":9,"key":"Bottled Tornado"}],"event_choices":[{"event_name":"Liars Game","player_choice":"disagreed","floor":3,"damage_taken":0},{"event_name":"Golden Idol","player_choice":"Take Damage","floor":4,"damage_taken":0},{"event_name":"World of Goop","player_choice":"Gather Gold","floor":5,"damage_taken":0}],"boss_relics":[],"items_purged_floors":[],"potions_floor_spawned":[2,6,11],"seed_played":"4986596634001199705","killed_by":"Large Slime","ascension_level":0,"potions_obtained":[{"floor":2,"key":"Regen Potion"},{"floor":6,"key":"Ancient Potion"},{"floor":11,"key":"Poison Potion"}],"is_trial":false}