{"gold_per_floor":[115,115,133,133,133,133,133,133,156,175,175,202,230,230,230,230],"floor_reached":16,"playtime":473,"items_purged":[],"score":110,"play_id":"04aa62f5-361c-458f-9508-54a956ee837b","local_time":"20190218152518","is_ascension_mode":true,"campfire_choices":[{"data":"Shrug It Off","floor":6,"key":"SMITH"},{"data":"Shrug It Off","floor":8,"key":"SMITH"},{"data":"Body Slam","floor":11,"key":"SMITH"},{"floor":15,"key":"REST"}],"neow_cost":"PERCENT_DAMAGE","seed_source_timestamp":18917331070638,"circlet_count":0,"master_deck":["Strike_R","Strike_R+1","Strike_R","Strike_R","Defend_R","Defend_R","Defend_R+1","Defend_R","Bash","Shrug It Off+1","Shrug It Off+1","Body Slam+1","Headbutt","Pommel Strike"],"relics":["Burning Blood","Incense Burner","Meat on the Bone","Pear","Smiling Mask","PreservedInsect","Odd Mushroom"],"potions_floor_usage":[16],"damage_taken":[{"damage":13,"enemies":"Jaw Worm","floor":1,"turns":4},{"damage":1,"enemies":"Cultist","floor":3,"turns":3},{"damage":0,"enemies":"2 Louse","floor":10,"turns":4},{"damage":41,"enemies":"Gremlin Nob","floor":12,"turns":5},{"damage":1,"enemies":"The Mushroom Lair","floor":13,"turns":5},{"damage":60,"enemies":"Hexaghost","floor":16,"turns":16}],"seed_played":"-6352650391460701095","potions_obtained":[{"floor":1,"key":"Block Potion"},{"floor":12,"key":"AttackPotion"}],"is_trial":false,"path_per_floor":["M","?","M","$","?","R","?","R","T","M","R","E","?","?","R","B"],"character_chosen":"IRONCLAD","items_purchased":[],"campfire_rested":1,"item_purchase_floors":[],"current_hp_per_floor":[49,49,54,54,36,36,46,46,46,52,52,29,46,28,55,0],"gold":230,"neow_bonus":"ONE_RARE_RELIC","is_prod":false,"is_daily":false,"chose_seed":false,"campfire_upgraded":3,"win_rate":0,"timestamp":1550525118,"path_taken":["M","?","?","$","?","R","?","R","T","?","R","E","?","?","R","BOSS"],"build_version":"2019-01-23","purchased_purges":0,"victory":false,"max_hp_per_floor":[80,80,80,80,80,80,90,90,90,90,90,90,90,90,90,90],"card_choices":[{"not_picked":["Anger","Corruption"],"picked":"Shrug It Off","floor":1},{"not_picked":["Pummel","Battle Trance"],"picked":"Shrug It Off","floor":3},{"not_picked":["Twin Strike","Wild Strike"],"picked":"Body Slam","floor":10},{"not_picked":["Demon Form","Searing Blow"],"picked":"Headbutt","floor":12},{"not_picked":["Reckless Charge","Wild Strike"],"picked":"Pommel Strike","floor":13}],"player_experience":211591,"relics_obtained":[{"floor":9,"key":"Smiling Mask"},{"floor":12,"key":"PreservedInsect"},{"floor":13,"key":"Odd Mushroom"}],"event_choices":[{"cards_removed":["Strike_R"],"damage_healed":0,"gold_gain":0,"player_choice":"Purged","damage_taken":0,"max_hp_gain":0,"max_hp_loss":0,"event_name":"Purifier","floor":2,"gold_loss":0},{"damage_healed":0,"gold_gain":0,"player_choice":"Success","damage_taken":18,"relics_obtained":["Meat on the Bone"],"max_hp_gain":0,"max_hp_loss":0,"event_name":"Scrap Ooze","floor":5,"gold_loss":0},{"damage_healed":0,"gold_gain":0,"player_choice":"Gave Potion","damage_taken":0,"relics_obtained":["Pear"],"max_hp_gain":0,"max_hp_loss":0,"event_name":"WeMeetAgain","floor":7,"gold_loss":0},{"damage_healed":0,"gold_gain":0,"player_choice":"Fought Mushrooms","damage_taken":0,"max_hp_gain":0,"max_hp_loss":0,"event_name":"Mushrooms","floor":13,"gold_loss":0},{"damage_healed":0,"gold_gain":0,"player_choice":"Entered Light","damage_taken":18,"max_hp_gain":0,"max_hp_loss":0,"event_name":"Shining Light","floor":14,"gold_loss":0,"cards_upgraded":["Defend_R","Strike_R"]}],"is_beta":false,"boss_relics":[],"items_purged_floors":[],"is_endless":false,"potions_floor_spawned":[1,12],"killed_by":"Hexaghost","ascension_level":3}