{"gold_per_floor":[212,212,212,223,223,223,223,223,250,291,303,327,371,383,395,511,523,554,566,590,337,351,351,14,14,41,57,0,28,28,48,48,149,149,160,178,3,0,0,0,100,100,100,100,113,113,131,158,158,158,158,158,9,9],"floor_reached":54,"playtime":1869,"items_purged":["Strike_B","Strike_B"],"score":659,"play_id":"e493b312-e315-4d02-b944-1e9074fcb864","local_time":"20190305154023","is_ascension_mode":false,"campfire_choices":[{"data":"Zap","floor":6,"key":"SMITH"},{"data":"Dualcast","floor":8,"key":"SMITH"},{"floor":11,"key":"REST"},{"floor":15,"key":"REST"},{"floor":25,"key":"RECALL"},{"data":"Loop","floor":30,"key":"SMITH"},{"floor":32,"key":"REST"},{"floor":40,"key":"REST"},{"floor":42,"key":"REST"},{"data":"Defragment","floor":44,"key":"SMITH"},{"floor":49,"key":"REST"},{"data":"Leap","floor":52,"key":"SMITH"}],"neow_cost":"NONE","seed_source_timestamp":20990448233635,"circlet_count":0,"master_deck":["Strike_B","Strike_B","Defend_B","Defend_B","Defend_B","Defend_B","Zap+1","Dualcast+1","Gash","Barrage","Gash","Storm+1","Echo Form","Double Energy+1","Leap","Loop+1","Ball Lightning","Bandage Up","Writhe","Leap+1","Loop","Parasite","Defragment+1","Force Field","Stack","Multi-Cast","Stack+1","Ball Lightning+1","Static Discharge","Pain","Gash","Stack+1","Doubt"],"relics":["Cracked Core","Art of War","MawBank","Strawberry","Mummified Hand","Cursed Key","Cables","Lee\u0027s Waffle","Anchor","Gambling Chip","Sozu","Red Mask","Incense Burner","Juzu Bracelet","Oddly Smooth Stone"],"potions_floor_usage":[16,18,29,31,31],"damage_taken":[{"damage":0,"enemies":"Small Slimes","floor":1,"turns":3},{"damage":0,"enemies":"2 Louse","floor":4,"turns":1},{"damage":36,"enemies":"Lagavulin","floor":10,"turns":8},{"damage":1,"enemies":"Cultist","floor":12,"turns":3},{"damage":42,"enemies":"Gremlin Nob","floor":13,"turns":5},{"damage":32,"enemies":"Slime Boss","floor":16,"turns":9},{"damage":17,"enemies":"Shell Parasite","floor":18,"turns":5},{"damage":10,"enemies":"Chosen","floor":20,"turns":4},{"damage":49,"enemies":"Shelled Parasite and Fungi","floor":22,"turns":5},{"damage":11,"enemies":"Snecko","floor":27,"turns":5},{"damage":8,"enemies":"Gremlin Leader","floor":29,"turns":5},{"damage":29,"enemies":"3 Cultists","floor":31,"turns":5},{"damage":45,"enemies":"Champ","floor":33,"turns":10},{"damage":7,"enemies":"3 Shapes","floor":35,"turns":4},{"damage":24,"enemies":"3 Darklings","floor":36,"turns":6},{"damage":40,"enemies":"Mind Bloom Boss Battle","floor":41,"turns":5},{"damage":9,"enemies":"Spire Growth","floor":45,"turns":4},{"damage":21,"enemies":"Transient","floor":47,"turns":5},{"damage":71,"enemies":"Donu and Deca","floor":50,"turns":9},{"damage":92,"enemies":"Shield and Spear","floor":54,"turns":5}],"seed_played":"-4486999571986948369","potions_obtained":[{"floor":1,"key":"LiquidBronze"},{"floor":13,"key":"PowerPotion"},{"floor":18,"key":"Energy Potion"},{"floor":27,"key":"SkillPotion"},{"floor":29,"key":"Strength Potion"}],"is_trial":false,"path_per_floor":["M","?","?","M","?","R","?","R","T","E","R","M","E","?","R","B",null,"M","?","M","$","M","T","$","R","T","M","?","E","R","M","R","B",null,"M","M","$","?","?","R","?","R","T","R","M","?","M","T","R","B",null,"R","$","E"],"character_chosen":"DEFECT","items_purchased":["Loop","Ball Lightning","Bandage Up","Lee\u0027s Waffle","Leap","Loop","Static Discharge","Oddly Smooth Stone"],"campfire_rested":6,"item_purchase_floors":[21,21,21,24,24,24,37,53],"current_hp_per_floor":[75,72,72,72,72,72,77,77,77,48,74,73,31,31,57,25,87,70,70,60,60,15,15,94,94,94,83,83,75,75,54,82,41,94,87,67,67,67,67,94,62,90,90,90,89,89,72,72,89,22,89,89,89,0],"gold":9,"neow_bonus":"HUNDRED_GOLD","is_prod":false,"is_daily":false,"chose_seed":false,"campfire_upgraded":5,"win_rate":0,"timestamp":1551822023,"path_taken":["M","?","?","M","?","R","?","R","T","E","R","M","E","?","R","BOSS","M","?","?","?","M","?","$","R","T","?","?","E","R","M","R","BOSS","M","M","$","?","?","R","?","R","T","R","?","?","M","?","R","BOSS","R","$","E"],"build_version":"2019-01-23","purchased_purges":2,"victory":false,"max_hp_per_floor":[75,75,75,75,75,75,80,80,80,87,87,87,87,87,87,87,87,87,87,87,87,87,87,94,94,94,94,94,94,94,94,94,94,94,94,94,94,94,94,94,94,94,94,94,94,89,89,89,89,89,89,89,89,89],"card_choices":[{"not_picked":["Recycle","BootSequence"],"picked":"Gash","floor":1},{"not_picked":["Stack","Coolheaded","Force Field"],"picked":"SKIP","floor":4},{"not_picked":["Darkness","Turbo"],"picked":"Barrage","floor":10},{"not_picked":["Consume","Stack"],"picked":"Gash","floor":12},{"not_picked":["Barrage","Multi-Cast"],"picked":"Storm","floor":13},{"not_picked":["Electrodynamics","Core Surge"],"picked":"Echo Form","floor":16},{"not_picked":["Compile Driver","Beam Cell"],"picked":"Double Energy+1","floor":18},{"not_picked":["Turbo","Beam Cell+1"],"picked":"Leap","floor":20},{"not_picked":["Go for the Eyes","Recycle+1","Steam Power"],"picked":"SKIP","floor":22},{"not_picked":["Fusion","Doom and Gloom"],"picked":"Defragment","floor":27},{"not_picked":["Capacitor","Fusion"],"picked":"Force Field","floor":29},{"not_picked":["Redo","Streamline"],"picked":"Stack","floor":31},{"not_picked":["Reboot","Meteor Strike"],"picked":"Multi-Cast","floor":33},{"not_picked":["Sunder","Streamline"],"picked":"Stack+1","floor":35},{"not_picked":["Doom and Gloom+1","Double Energy"],"picked":"Ball Lightning+1","floor":36},{"not_picked":["Double Energy","Heatsinks+1"],"picked":"Gash","floor":45},{"not_picked":["Undo+1","Core Surge"],"picked":"Stack+1","floor":47}],"player_experience":556258,"relics_obtained":[{"floor":9,"key":"MawBank"},{"floor":10,"key":"Strawberry"},{"floor":13,"key":"Mummified Hand"},{"floor":23,"key":"Cables"},{"floor":26,"key":"Anchor"},{"floor":29,"key":"Gambling Chip"},{"floor":41,"key":"Incense Burner"},{"floor":48,"key":"Juzu Bracelet"}],"event_choices":[{"damage_healed":0,"gold_gain":0,"player_choice":"Success","damage_taken":3,"relics_obtained":["Art of War"],"max_hp_gain":0,"max_hp_loss":0,"event_name":"Scrap Ooze","floor":2,"gold_loss":0},{"damage_healed":0,"gold_gain":0,"player_choice":"Ignored","damage_taken":0,"max_hp_gain":0,"max_hp_loss":0,"event_name":"Golden Wing","floor":3,"gold_loss":0},{"damage_healed":0,"gold_gain":0,"player_choice":"Leave","damage_taken":0,"max_hp_gain":0,"max_hp_loss":0,"event_name":"The Cleric","floor":5,"gold_loss":0},{"damage_healed":0,"gold_gain":0,"player_choice":"Donut","damage_taken":0,"max_hp_gain":5,"max_hp_loss":0,"event_name":"Big Fish","floor":7,"gold_loss":0},{"damage_healed":0,"gold_gain":0,"player_choice":"Grow","damage_taken":0,"max_hp_gain":0,"max_hp_loss":0,"event_name":"Living Wall","floor":14,"gold_loss":0,"cards_upgraded":["Storm"]},{"damage_healed":0,"gold_gain":0,"player_choice":"0 cards matched","damage_taken":0,"max_hp_gain":0,"max_hp_loss":0,"event_name":"Match and Keep!","floor":19,"gold_loss":0,"cards_obtained":[]},{"damage_healed":0,"gold_gain":0,"player_choice":"Paid Fearfully","damage_taken":0,"max_hp_gain":0,"max_hp_loss":0,"event_name":"Masked Bandits","floor":28,"gold_loss":57},{"damage_healed":0,"gold_gain":0,"player_choice":"Paid","damage_taken":0,"relics_obtained":["Red Mask"],"max_hp_gain":0,"max_hp_loss":0,"event_name":"Tomb of Lord Red Mask","floor":38,"gold_loss":3},{"damage_healed":0,"gold_gain":0,"player_choice":"Ignored","damage_taken":0,"max_hp_gain":0,"max_hp_loss":0,"event_name":"Mysterious Sphere","floor":39,"gold_loss":0},{"damage_healed":0,"gold_gain":0,"player_choice":"Fight","damage_taken":0,"max_hp_gain":0,"max_hp_loss":0,"event_name":"MindBloom","floor":41,"gold_loss":0},{"damage_healed":0,"gold_gain":0,"player_choice":"Max HP","damage_taken":0,"max_hp_gain":0,"max_hp_loss":5,"event_name":"Winding Halls","floor":46,"gold_loss":0}],"is_beta":false,"boss_relics":[{"not_picked":["Tiny House","Velvet Choker"],"picked":"Cursed Key"},{"not_picked":["White Beast Statue","Runic Dome"],"picked":"Sozu"}],"items_purged_floors":[21,37],"is_endless":false,"potions_floor_spawned":[1,13,18,27,29,35,45,47],"killed_by":"Shield and Spear","ascension_level":0}