{"gold_per_floor":[217,232,56,71,85,113,128,128,200,41,61,88,88,101,101,101],"floor_reached":16,"playtime":828,"items_purged":["Defend_G"],"score":120,"play_id":"1e62bdf2-5251-4821-8bcc-09dc5a7cacf6","local_time":"20190217155651","is_ascension_mode":true,"campfire_choices":[{"floor":8,"key":"REST"},{"floor":13,"key":"REST"},{"floor":15,"key":"REST"}],"neow_cost":"NONE","seed_source_timestamp":16994174399749,"circlet_count":0,"master_deck":["Defend_G","Defend_G","Defend_G","Defend_G","Strike_G","Strike_G","Strike_G","Strike_G","Strike_G","Survivor","Neutralize","Masterful Stab","Escape Plan","Cloak And Dagger","Flying Knee","Cloak And Dagger","Backflip","Calculated Gamble","PiercingWail","Backflip","Calculated Gamble"],"relics":["Ring of the Snake","Bottled Lightning","The Courier","Sling","Peace Pipe"],"potions_floor_usage":[4,6,14,16,16],"damage_taken":[{"damage":0,"enemies":"2 Louse","floor":1,"turns":3},{"damage":0,"enemies":"Small Slimes","floor":2,"turns":3},{"damage":0,"enemies":"Jaw Worm","floor":4,"turns":1},{"damage":3,"enemies":"Large Slime","floor":5,"turns":8},{"damage":29,"enemies":"Lagavulin","floor":6,"turns":9},{"damage":0,"enemies":"Exordium Thugs","floor":7,"turns":4},{"damage":0,"enemies":"Exordium Wildlife","floor":11,"turns":3},{"damage":28,"enemies":"Gremlin Nob","floor":12,"turns":4},{"damage":2,"enemies":"Blue Slaver","floor":14,"turns":3},{"damage":79,"enemies":"The Guardian","floor":16,"turns":17}],"seed_played":"-9103878990714343167","potions_obtained":[{"floor":1,"key":"SpeedPotion"},{"floor":2,"key":"SteroidPotion"},{"floor":5,"key":"Fruit Juice"},{"floor":12,"key":"Ancient Potion"},{"floor":14,"key":"GamblersBrew"}],"is_trial":false,"path_per_floor":["M","M","$","M","M","E","M","R","T","$","M","E","R","M","R","B"],"character_chosen":"THE_SILENT","items_purchased":["Cloak And Dagger","Flying Knee","Sling"],"campfire_rested":3,"item_purchase_floors":[3,3,10],"current_hp_per_floor":[70,70,70,70,67,38,38,59,59,59,59,31,52,55,75,0],"gold":101,"neow_bonus":"HUNDRED_GOLD","is_prod":false,"is_daily":false,"chose_seed":false,"campfire_upgraded":0,"win_rate":0,"timestamp":1550440611,"path_taken":["M","M","$","M","M","E","M","R","T","$","M","E","R","M","R","BOSS"],"build_version":"2019-01-23","purchased_purges":1,"victory":false,"max_hp_per_floor":[70,70,70,70,70,70,70,70,70,70,70,70,70,75,75,75],"card_choices":[{"not_picked":["Well Laid Plans","Choke"],"picked":"Masterful Stab","floor":1},{"not_picked":["Bane","Blade Dance"],"picked":"Escape Plan","floor":2},{"not_picked":["Leg Sweep","Caltrops"],"picked":"Cloak And Dagger","floor":4},{"not_picked":["All Out Attack","Dodge and Roll"],"picked":"Backflip","floor":5},{"not_picked":["Escape Plan","Backflip"],"picked":"Calculated Gamble","floor":6},{"not_picked":["Dodge and Roll","Slice"],"picked":"PiercingWail","floor":7},{"not_picked":["Sucker Punch","Dodge and Roll","Setup"],"picked":"SKIP","floor":11},{"not_picked":["Eviscerate","Predator"],"picked":"Backflip","floor":12},{"not_picked":["Riddle With Holes","Bane"],"picked":"Calculated Gamble","floor":14}],"player_experience":183550,"relics_obtained":[{"floor":6,"key":"Bottled Lightning"},{"floor":9,"key":"The Courier"},{"floor":12,"key":"Peace Pipe"}],"event_choices":[],"is_beta":false,"boss_relics":[],"items_purged_floors":[3],"is_endless":false,"potions_floor_spawned":[1,2,5,12,14],"killed_by":"The Guardian","ascension_level":1}