{"gold_per_floor":[116,130,130,140,140,140,168,23,23,38,38,38,63,77,77,181,181,194,213,233,87,97,97],"floor_reached":23,"playtime":1403,"items_purged":["Strike_B"],"score":213,"play_id":"b1251a44-f59c-4bbf-addb-bc057ee7fd11","local_time":"20190219180118","is_ascension_mode":true,"campfire_choices":[{"floor":6,"key":"REST"},{"data":"Redo","floor":11,"key":"SMITH"},{"floor":15,"key":"REST"}],"neow_cost":"TEN_PERCENT_HP_LOSS","seed_source_timestamp":33266562776103,"circlet_count":0,"master_deck":["Strike_B","Strike_B","Defend_B","Defend_B","Defend_B+1","Defend_B+1","Zap","Dualcast","Gash","Redo+1","Reinforced Body","Leap","Defragment","Undo","Multi-Cast","Cold Snap+1","Melter+1","FTL","Gash"],"relics":["Cracked Core","Incense Burner","Pocketwatch","Question Card","Unceasing Top","Nuclear Battery","Happy Flower"],"potions_floor_usage":[10,18,22,22,23],"damage_taken":[{"damage":0,"enemies":"Cultist","floor":1,"turns":3},{"damage":5,"enemies":"Small Slimes","floor":2,"turns":2},{"damage":1,"enemies":"Jaw Worm","floor":4,"turns":3},{"damage":24,"enemies":"Lagavulin","floor":7,"turns":7},{"damage":0,"enemies":"Exordium Thugs","floor":10,"turns":5},{"damage":6,"enemies":"3 Sentries","floor":13,"turns":9},{"damage":0,"enemies":"Gremlin Gang","floor":14,"turns":4},{"damage":12,"enemies":"Slime Boss","floor":16,"turns":13},{"damage":17,"enemies":"Spheric Guardian","floor":18,"turns":8},{"damage":12,"enemies":"Chosen","floor":19,"turns":7},{"damage":0,"enemies":"Centurion and Healer","floor":20,"turns":10},{"damage":19,"enemies":"3 Cultists","floor":22,"turns":4},{"damage":22,"enemies":"Gremlin Leader","floor":23,"turns":4}],"seed_played":"-1022711380601711116","potions_obtained":[{"floor":2,"key":"PowerPotion"},{"floor":4,"key":"SmokeBomb"},{"floor":16,"key":"Swift Potion"},{"floor":18,"key":"FocusPotion"},{"floor":20,"key":"PowerPotion"},{"floor":22,"key":"EssenceOfSteel"}],"is_trial":false,"path_per_floor":["M","M","?","M","?","R","E","$","T","M","R","$","E","M","R","B",null,"M","M","M","$","M","E"],"character_chosen":"DEFECT","items_purchased":["Reinforced Body","Happy Flower"],"campfire_rested":2,"item_purchase_floors":[8,21],"current_hp_per_floor":[68,63,56,55,41,61,37,37,37,37,37,37,31,31,51,39,68,51,39,39,39,20,0],"gold":97,"neow_bonus":"ONE_RARE_RELIC","is_prod":false,"is_daily":false,"chose_seed":false,"campfire_upgraded":1,"win_rate":0,"timestamp":1550620878,"path_taken":["M","M","?","M","?","R","E","?","T","M","R","$","E","M","R","BOSS","M","M","M","$","M","E"],"build_version":"2019-01-23","purchased_purges":1,"victory":false,"max_hp_per_floor":[68,68,68,68,68,68,68,68,68,68,68,68,68,68,68,68,68,68,68,68,68,68,68],"card_choices":[{"not_picked":["Beam Cell","Rebound","Fusion"],"picked":"SKIP","floor":1},{"not_picked":["Steam","Stack"],"picked":"Gash","floor":2},{"not_picked":["Streamline","Doom and Gloom","Beam Cell"],"picked":"SKIP","floor":4},{"not_picked":["White Noise","Storm"],"picked":"Redo","floor":7},{"not_picked":["Self Repair","Skim","Go for the Eyes"],"picked":"Leap","floor":10},{"not_picked":["Seek","Redo","Loop"],"picked":"Defragment","floor":13},{"not_picked":["Force Field","Stack","Beam Cell"],"picked":"Undo","floor":14},{"not_picked":["Fission","Core Surge","Machine Learning"],"picked":"Multi-Cast","floor":16},{"not_picked":["Beam Cell","Sweeping Beam+1","Steam+1"],"picked":"Cold Snap+1","floor":18},{"not_picked":["Hello World","Compile Driver+1","Leap"],"picked":"Melter+1","floor":19},{"not_picked":["Recycle","Hologram","Streamline"],"picked":"FTL","floor":20},{"not_picked":["Leap","Double Energy","Genetic Algorithm+1"],"picked":"Gash","floor":22}],"player_experience":264677,"relics_obtained":[{"floor":7,"key":"Pocketwatch"},{"floor":9,"key":"Question Card"},{"floor":13,"key":"Unceasing Top"}],"event_choices":[{"cards_removed":["Strike_B"],"damage_healed":0,"gold_gain":0,"player_choice":"Card Removal","damage_taken":7,"max_hp_gain":0,"max_hp_loss":0,"event_name":"Golden Wing","floor":3,"gold_loss":0},{"damage_healed":0,"gold_gain":0,"player_choice":"Entered Light","damage_taken":14,"max_hp_gain":0,"max_hp_loss":0,"event_name":"Shining Light","floor":5,"gold_loss":0,"cards_upgraded":["Defend_B","Defend_B"]}],"is_beta":false,"boss_relics":[{"not_picked":["Busted Crown","Fusion Hammer"],"picked":"Nuclear Battery"}],"items_purged_floors":[8],"is_endless":false,"potions_floor_spawned":[2,4,16,18,20,22],"killed_by":"Gremlin Leader","ascension_level":1}