{"path_per_floor":["M","M","?","T","M","R","E","R","T","R","E","$","E","M","R","B",null,"M","M","M","?","?","$","R","E","T","$","R","?","R","M","R","B",null,"M","$","M","?","M","R","E","R","T","E","M","?","M","M","R","B"],"character_chosen":"IRONCLAD","items_purchased":["Singing Bowl","Flex","Deep Breath"],"gold_per_floor":[112,127,77,133,153,153,178,178,201,201,229,7,39,57,57,153,183,201,219,232,232,232,83,83,110,110,9,9,109,109,119,119,224,224,237,112,123,123,135,135,163,163,163,196,211,211,225,241,241,241],"floor_reached":51,"campfire_rested":2,"playtime":2335,"current_hp_per_floor":[72,72,72,72,70,70,48,69,69,69,49,49,44,52,52,33,81,83,85,62,62,46,46,72,61,61,61,61,61,61,64,64,55,91,88,88,66,66,75,75,89,89,89,97,99,99,101,103,103,100],"items_purged":["Defend_R","Defend_R","Bash"],"gold":241,"score":893,"play_id":"d448c724-ed09-44b2-8da2-d67f8ca41f07","local_time":"20180417191754","is_prod":false,"is_daily":false,"chose_seed":false,"is_ascension_mode":false,"campfire_upgraded":9,"timestamp":1524007074,"path_taken":["M","?","?","?","M","R","E","R","T","R","E","$","E","M","R","BOSS","M","M","M","?","?","$","R","E","T","$","R","?","R","M","R","BOSS","M","$","M","?","M","R","E","R","T","E","M","?","M","M","R","BOSS"],"build_version":"2018-04-12","seed_source_timestamp":10600980225021,"purchased_purges":3,"victory":true,"master_deck":["Strike_R","Strike_R+1","Strike_R","Defend_R","Anger+1","Rage","Fire Breathing+1","Anger+1","Fire Breathing+1","Flex+1","Rage+1","Deep Breath+1","Anger+1","Finesse","Seeing Red+1"],"max_hp_per_floor":[72,72,72,72,72,72,72,72,72,72,72,72,72,72,72,74,81,83,85,87,87,87,87,87,87,87,87,87,87,87,89,89,91,91,93,93,93,93,93,93,95,95,95,97,99,99,101,103,103,103],"relics":["Black Blood","Unceasing Top","Tiny Chest","Toolbox","Blood Vial","Pen Nib","Singing Bowl","Shuriken","Tiny House","Enchiridion","Bag of Preparation","Matryoshka","Thread and Needle","Orichalcum","Oddly Smooth Stone","Bag of Marbles"],"card_choices":[{"not_picked":["Entrench","Spot Weakness"],"picked":"Anger","floor":1},{"not_picked":["Sword Boomerang","Bloodletting"],"picked":"Rage","floor":2},{"not_picked":["Perfected Strike","Armaments"],"picked":"Fire Breathing","floor":5},{"not_picked":["Burning Pact","Cleave"],"picked":"Anger","floor":13},{"not_picked":["Fiend Fire","Havoc"],"picked":"Fire Breathing","floor":14},{"not_picked":["Searing Blow","Second Wind"],"picked":"Rage","floor":25},{"not_picked":["Disarm","Headbutt"],"picked":"Anger","floor":37},{"not_picked":["Master of Strategy","Dark Shackles"],"picked":"Finesse","floor":38},{"not_picked":["Intimidate","Carnage"],"picked":"Seeing Red","floor":39}],"player_experience":193221,"potions_floor_usage":[11,13,19,33,50,50,50],"damage_taken":[{"damage":6,"enemies":"Cultist","floor":1,"turns":3},{"damage":5,"enemies":"2 Louse","floor":2,"turns":2},{"damage":8,"enemies":"Jaw Worm","floor":5,"turns":4},{"damage":28,"enemies":"3 Sentries","floor":7,"turns":9},{"damage":28,"enemies":"Lagavulin","floor":11,"turns":6},{"damage":17,"enemies":"Gremlin Nob","floor":13,"turns":4},{"damage":0,"enemies":"Large Slime","floor":14,"turns":4},{"damage":29,"enemies":"Slime Boss","floor":16,"turns":8},{"damage":5,"enemies":"Spheric Guardian","floor":18,"turns":3},{"damage":0,"enemies":"3 Byrds","floor":19,"turns":4},{"damage":31,"enemies":"Centurion and Healer","floor":20,"turns":5},{"damage":19,"enemies":"Gremlin Leader","floor":25,"turns":5},{"damage":7,"enemies":"Snake Plant","floor":31,"turns":3},{"damage":25,"enemies":"Automaton","floor":33,"turns":5},{"damage":15,"enemies":"3 Darklings","floor":35,"turns":3},{"damage":34,"enemies":"3 Shapes","floor":37,"turns":4},{"damage":3,"enemies":"Maw","floor":39,"turns":4},{"damage":0,"enemies":"Nemesis","floor":41,"turns":2},{"damage":0,"enemies":"2 Orb Walkers","floor":44,"turns":2},{"damage":0,"enemies":"3 Darklings","floor":45,"turns":2},{"damage":3,"enemies":"4 Shapes","floor":47,"turns":2},{"damage":0,"enemies":"Maw","floor":48,"turns":3},{"damage":13,"enemies":"Donu and Deca","floor":50,"turns":3}],"event_choices":[{"event_name":"The Cleric","player_choice":"Card Removal","floor":3,"damage_taken":0},{"event_name":"Back to Basics","player_choice":"Elegance","floor":21,"damage_taken":0},{"event_name":"Cursed Tome","player_choice":"Obtained Book","floor":22,"damage_taken":0},{"event_name":"Golden Shrine","player_choice":"Pray","floor":29,"damage_taken":0},{"event_name":"SensoryStone","player_choice":"Memory 1","floor":38,"damage_taken":0},{"event_name":"Bonfire Elementals","player_choice":"BASIC","floor":46,"damage_taken":0}],"boss_relics":[{"not_picked":["Mark of Pain","Eternal Feather"],"picked":"Tiny House"},{"not_picked":["Lizard Tail","Philosopher\u0027s Stone"],"picked":"Black Blood"}],"potions_floor_spawned":[1,2,11,13,16,20,25,31,33,37,39,45],"seed_played":"-8060280752570060854","ascension_level":0,"is_trial":false}