{"gold_per_floor":[114,69,244,259,259,259,289,289,289,319,334,9,39,54,54,154,154,169,190,105,105,5,35,35,35,35,65,65,80,80,110,110,210,210,225,100,115,115,337,367,367,397,397,397,427,442,472,72,72,72],"floor_reached":51,"playtime":3318,"items_purged":["Meteor Strike","Doubt","All For One"],"score":1083,"play_id":"9d3278a0-11d0-464a-a194-49305873f945","local_time":"20180916150800","daily_mods":["Shiny","Elite Swarm","Vintage"],"is_ascension_mode":false,"campfire_choices":[{"data":"Buffer","floor":6,"key":"SMITH"},{"data":"Electrodynamics","floor":8,"key":"SMITH"},{"data":"Hyperbeam","floor":15,"key":"SMITH"},{"data":"Echo Form","floor":24,"key":"SMITH"},{"data":"Seek","floor":32,"key":"SMITH"},{"data":"Fission","floor":41,"key":"SMITH"},{"data":"Writhe","floor":44,"key":"PURGE"},{"data":"Rainbow","floor":49,"key":"SMITH"}],"neow_cost":"","seed_source_timestamp":0,"circlet_count":0,"master_deck":["Multi-Cast","Hyperbeam+1","Thunder Strike","Biased Cognition","Machine Learning","Electrodynamics+1","Buffer+1","Rainbow+1","Seek+1","Echo Form+1","Reboot","Amplify","Creative AI","Fission+1","Leap","Core Surge+1","Core Surge+1","Core Surge+1","Leap+1","Seek","Seek","Fission","Creative AI+1","Thunder Strike+1","Fission","Buffer+1"],"special_seed":17790,"relics":["Cracked Core","Shuriken","Molten Egg 2","Omamori","Ice Cream","Singing Bowl","Incense Burner","Bronze Scales","Pantograph","Bird Faced Urn","Bottled Flame","Juzu Bracelet","Calling Bell","DataDisk","Kunai","Calipers","Pen Nib","Red Mask","Prayer Wheel","Bottled Tornado","Frozen Egg 2","Meat on the Bone","Matryoshka","Mercury Hourglass","Bottled Lightning","Cursed Key","Pear","Boot","Peace Pipe","Sundial","Bag of Preparation","Symbiotic Virus","Dream Catcher","Letter Opener","Gremlin Horn","Mummified Hand","Ancient Tea Set"],"potions_floor_usage":[18,33,40,50],"damage_taken":[{"damage":11,"enemies":"Jaw Worm","floor":1,"turns":2},{"damage":0,"enemies":"Small Slimes","floor":4,"turns":2},{"damage":0,"enemies":"Lagavulin","floor":7,"turns":5},{"damage":0,"enemies":"Gremlin Nob","floor":10,"turns":4},{"damage":0,"enemies":"2 Louse","floor":11,"turns":1},{"damage":0,"enemies":"3 Sentries","floor":13,"turns":2},{"damage":11,"enemies":"Lots of Slimes","floor":14,"turns":3},{"damage":42,"enemies":"Hexaghost","floor":16,"turns":6},{"damage":10,"enemies":"2 Thieves","floor":18,"turns":3},{"damage":0,"enemies":"Masked Bandits","floor":19,"turns":1},{"damage":3,"enemies":"Gremlin Leader","floor":23,"turns":4},{"damage":0,"enemies":"Slavers","floor":27,"turns":3},{"damage":0,"enemies":"Chosen","floor":29,"turns":4},{"damage":7,"enemies":"Gremlin Leader","floor":31,"turns":5},{"damage":27,"enemies":"Automaton","floor":33,"turns":8},{"damage":17,"enemies":"3 Darklings","floor":35,"turns":2},{"damage":0,"enemies":"Orb Walker","floor":37,"turns":3},{"damage":26,"enemies":"Giant Head","floor":40,"turns":7},{"damage":6,"enemies":"Nemesis","floor":42,"turns":7},{"damage":0,"enemies":"Giant Head","floor":45,"turns":6},{"damage":0,"enemies":"Transient","floor":46,"turns":5},{"damage":3,"enemies":"2 Orb Walkers","floor":47,"turns":3},{"damage":0,"enemies":"Awakened One","floor":50,"turns":7}],"seed_played":"-2272757281198237477","potions_obtained":[{"floor":1,"key":"Ancient Potion"},{"floor":10,"key":"Weak Potion"},{"floor":16,"key":"Fruit Juice"},{"floor":27,"key":"Swift Potion"},{"floor":29,"key":"EntropicBrew"},{"floor":33,"key":"Swift Potion"},{"floor":46,"key":"Energy Potion"},{"floor":47,"key":"Block Potion"}],"is_trial":false,"path_per_floor":["M","$","?","M","?","R","E","R","T","E","M","$","E","M","R","B",null,"M","?","?","?","$","E","R","$","T","E","?","M","?","E","R","B",null,"M","$","M","?","?","E","R","E","T","R","E","M","E","$","R","B"],"character_chosen":"DEFECT","items_purchased":["Leap","Pantograph","Mummified Hand","Ancient Tea Set"],"campfire_rested":0,"item_purchase_floors":[2,12,48,48],"current_hp_per_floor":[64,64,64,64,46,46,46,46,46,46,46,46,46,41,41,40,77,76,76,76,76,76,77,77,77,77,77,77,79,89,87,87,86,89,86,86,99,99,99,82,82,93,93,93,99,99,101,101,101,101],"gold":72,"neow_bonus":"","is_prod":false,"is_daily":true,"chose_seed":false,"campfire_upgraded":7,"win_rate":0,"timestamp":1537124880,"path_taken":["M","$","?","?","?","R","E","R","T","E","M","$","E","?","R","BOSS","M","?","?","?","?","E","R","$","T","E","?","M","?","E","R","BOSS","M","$","M","?","?","E","R","E","T","R","E","M","E","$","R","BOSS"],"build_version":"2018-09-12","purchased_purges":3,"victory":true,"max_hp_per_floor":[75,75,75,75,75,75,75,75,75,75,75,75,75,75,75,77,77,82,82,82,82,82,82,82,82,82,82,79,79,89,89,89,89,89,99,99,99,99,99,99,99,99,99,99,99,99,101,101,101,101],"card_choices":[{"not_picked":["Seek","Fission"],"picked":"Core Surge+1","floor":7},{"not_picked":["Electrodynamics","Hyperbeam+1"],"picked":"Core Surge+1","floor":10},{"not_picked":["Rainbow","Meteor Strike+1"],"picked":"Core Surge+1","floor":13},{"not_picked":["Multi-Cast","Hyperbeam+1","Creative AI"],"picked":"Singing Bowl","floor":16},{"not_picked":["Sweeping Beam+1","Steam"],"picked":"Leap+1","floor":19},{"not_picked":["All For One+1","Buffer"],"picked":"Seek","floor":23},{"not_picked":["Rainbow","Biased Cognition+1"],"picked":"Seek","floor":27},{"not_picked":["All For One+1","Buffer+1"],"picked":"Fission","floor":31},{"not_picked":["Seek","Electrodynamics+1"],"picked":"Creative AI+1","floor":33},{"not_picked":["Multi-Cast","Core Surge+1"],"picked":"Thunder Strike+1","floor":40},{"not_picked":["Electrodynamics+1","Core Surge+1"],"picked":"Fission","floor":42},{"not_picked":["All For One+1","Machine Learning+1"],"picked":"Buffer+1","floor":45},{"not_picked":["Hyperbeam+1","Creative AI+1","Core Surge+1"],"picked":"Singing Bowl","floor":47}],"player_experience":301441,"relics_obtained":[{"floor":1,"key":"Shuriken"},{"floor":4,"key":"Molten Egg 2"},{"floor":7,"key":"Ice Cream"},{"floor":9,"key":"Singing Bowl"},{"floor":10,"key":"Incense Burner"},{"floor":11,"key":"Bronze Scales"},{"floor":13,"key":"Bird Faced Urn"},{"floor":14,"key":"Bottled Flame"},{"floor":16,"key":"Juzu Bracelet"},{"floor":17,"key":"DataDisk"},{"floor":17,"key":"Kunai"},{"floor":17,"key":"Calipers"},{"floor":18,"key":"Pen Nib"},{"floor":19,"key":"Red Mask"},{"floor":23,"key":"Bottled Tornado"},{"floor":26,"key":"Frozen Egg 2"},{"floor":27,"key":"Meat on the Bone"},{"floor":29,"key":"Matryoshka"},{"floor":31,"key":"Mercury Hourglass"},{"floor":33,"key":"Bottled Lightning"},{"floor":35,"key":"Pear"},{"floor":37,"key":"Boot"},{"floor":40,"key":"Peace Pipe"},{"floor":42,"key":"Sundial"},{"floor":43,"key":"Bag of Preparation"},{"floor":43,"key":"Symbiotic Virus"},{"floor":45,"key":"Dream Catcher"},{"floor":46,"key":"Letter Opener"},{"floor":47,"key":"Gremlin Horn"}],"event_choices":[{"event_name":"Liars Game","player_choice":"agreed","floor":3,"damage_taken":0},{"event_name":"Scrap Ooze","player_choice":"success","floor":5,"damage_taken":18},{"event_name":"Masked Bandits","player_choice":"Fought Bandits","floor":19,"damage_taken":0},{"event_name":"Addict","player_choice":"Obtained Relic","floor":20,"damage_taken":0},{"event_name":"Duplicator","player_choice":"One dupe","floor":21,"damage_taken":0},{"event_name":"Purifier","player_choice":"One Purge","floor":28,"damage_taken":0},{"event_name":"Bonfire Elementals","player_choice":"RARE","floor":30,"damage_taken":0},{"event_name":"Purifier","player_choice":"One Purge","floor":38,"damage_taken":0},{"event_name":"Tomb of Lord Red Mask","player_choice":"Wore Mask","floor":39,"damage_taken":0}],"is_beta":true,"boss_relics":[{"not_picked":["Ectoplasm","Snecko Eye"],"picked":"Calling Bell"},{"not_picked":["Empty Cage","Velvet Choker"],"picked":"Cursed Key"}],"items_purged_floors":[12,22,36],"is_endless":false,"potions_floor_spawned":[1,10,16,27,29,31,33,35,46,47],"ascension_level":0}