{"gold_per_floor":[11,11,28,44,44,70,70,21,21,35,35,35,35,48,48,146,146,159,178,0,0,100,100],"floor_reached":23,"playtime":734,"items_purged":["Pain"],"score":239,"play_id":"fcfb09dc-fcf2-476f-b80e-5a36c874dc55","local_time":"20190226175942","is_ascension_mode":true,"campfire_choices":[{"floor":11,"key":"REST"},{"floor":13,"key":"REST"},{"floor":15,"key":"REST"}],"neow_cost":"NO_GOLD","seed_source_timestamp":27566844907651,"circlet_count":0,"master_deck":["Strike_B","Strike_B","Strike_B","Strike_B","Defend_B","Defend_B","Defend_B","Defend_B","Zap","Dualcast","Rebound","Hologram","Tempest","Leap","Conserve Battery","Doom and Gloom","Chill","Creative AI","White Noise","Reinforced Body","Storm","Coolheaded"],"relics":["Cracked Core","Turnip","WarpedTongs","Ginger","Cables","Mercury Hourglass","Philosopher\u0027s Stone"],"potions_floor_usage":[14,16,16,21],"damage_taken":[{"damage":8,"enemies":"Small Slimes","floor":1,"turns":2},{"damage":9,"enemies":"Cultist","floor":3,"turns":3},{"damage":8,"enemies":"Jaw Worm","floor":4,"turns":4},{"damage":41,"enemies":"Gremlin Nob","floor":6,"turns":4},{"damage":4,"enemies":"2 Fungi Beasts","floor":10,"turns":3},{"damage":0,"enemies":"Gremlin Gang","floor":14,"turns":3},{"damage":20,"enemies":"Hexaghost","floor":16,"turns":6},{"damage":39,"enemies":"3 Byrds","floor":18,"turns":5},{"damage":5,"enemies":"Chosen","floor":19,"turns":4},{"damage":0,"enemies":"Snake Plant","floor":21,"turns":1},{"damage":30,"enemies":"Gremlin Leader","floor":23,"turns":5}],"seed_played":"1378086266498450532","potions_obtained":[{"floor":6,"key":"Energy Potion"},{"floor":7,"key":"SmokeBomb"},{"floor":7,"key":"Energy Potion"},{"floor":10,"key":"Block Potion"},{"floor":14,"key":"Swift Potion"},{"floor":16,"key":"SpeedPotion"}],"is_trial":false,"path_per_floor":["M","?","M","M","?","E","?","$","T","M","R","T","R","M","R","B",null,"M","M","$","M","?","E"],"character_chosen":"DEFECT","items_purchased":["Conserve Battery","Storm","Coolheaded"],"campfire_rested":3,"item_purchase_floors":[8,20,20],"current_hp_per_floor":[67,67,58,50,50,9,9,9,9,5,27,27,49,49,71,51,69,30,25,25,25,25,0],"gold":100,"neow_bonus":"ONE_RARE_RELIC","is_prod":false,"is_daily":false,"chose_seed":false,"campfire_upgraded":0,"win_rate":0,"timestamp":1551225582,"path_taken":["M","?","M","?","?","E","?","$","T","?","R","?","R","M","R","BOSS","M","M","$","M","?","E"],"build_version":"2019-01-23","purchased_purges":1,"victory":false,"max_hp_per_floor":[75,75,75,75,75,75,75,75,75,75,75,75,75,75,75,75,75,75,75,75,75,75,75],"card_choices":[{"not_picked":["Streamline","Blizzard"],"picked":"Rebound","floor":1},{"not_picked":["Turbo","Storm"],"picked":"Hologram","floor":3},{"not_picked":["Stack","Turbo"],"picked":"Tempest","floor":4},{"not_picked":["Scrape","All For One"],"picked":"Leap","floor":6},{"not_picked":["Compile Driver","Hologram"],"picked":"Doom and Gloom","floor":10},{"not_picked":["Barrage","Turbo"],"picked":"Chill","floor":14},{"not_picked":["Reboot","Amplify"],"picked":"Creative AI","floor":16},{"not_picked":["Leap","Compile Driver"],"picked":"White Noise","floor":18},{"not_picked":["Ball Lightning","Conserve Battery"],"picked":"Reinforced Body","floor":19}],"player_experience":444648,"relics_obtained":[{"floor":6,"key":"Ginger"},{"floor":9,"key":"Cables"},{"floor":12,"key":"Mercury Hourglass"}],"event_choices":[{"damage_healed":0,"gold_gain":0,"player_choice":"Rummage","damage_taken":0,"relics_obtained":["WarpedTongs"],"max_hp_gain":0,"max_hp_loss":0,"event_name":"Accursed Blacksmith","floor":2,"gold_loss":0,"cards_obtained":["Pain"]},{"damage_healed":0,"gold_gain":0,"player_choice":"Ignored","damage_taken":0,"max_hp_gain":0,"max_hp_loss":0,"event_name":"Liars Game","floor":5,"gold_loss":0},{"damage_healed":0,"gold_gain":0,"player_choice":"Got Potions","damage_taken":0,"max_hp_gain":0,"max_hp_loss":0,"event_name":"Lab","floor":7,"gold_loss":0},{"damage_healed":0,"gold_gain":100,"player_choice":"Pray","damage_taken":0,"max_hp_gain":0,"max_hp_loss":0,"event_name":"Golden Shrine","floor":22,"gold_loss":0}],"is_beta":false,"boss_relics":[{"not_picked":["Eternal Feather","Pandora\u0027s Box"],"picked":"Philosopher\u0027s Stone"}],"items_purged_floors":[20],"is_endless":false,"potions_floor_spawned":[6,10,14,16],"killed_by":"Gremlin Leader","ascension_level":5}