{"gold_per_floor":[117,6,6,20,38,38,79,109,191,205,236,236,236,186,186,310,310,333,333,27,126,150,150,65,65,65,98,122,136,136,154,154,275,275,290,290,305,104,104,104,104,104,104,125,148,128,128,148,148,148],"floor_reached":51,"playtime":1852,"items_purged":["Strike_B","Strike_B"],"score":1047,"play_id":"24e90cc2-f3c4-45f7-be92-98dcf2002f13","local_time":"20190206200819","is_ascension_mode":true,"campfire_choices":[{"data":"Lockon","floor":6.0,"key":"SMITH"},{"floor":12.0,"key":"REST"},{"data":"Loop","floor":15.0,"key":"SMITH"},{"floor":23.0,"key":"REST"},{"data":"Creative AI","floor":25.0,"key":"SMITH"},{"floor":30.0,"key":"REST"},{"data":"Panacea","floor":32.0,"key":"SMITH"},{"data":"Capacitor","floor":40.0,"key":"SMITH"},{"data":"Chill","floor":42.0,"key":"SMITH"},{"floor":47.0,"key":"REST"},{"data":"Reboot","floor":49,"key":"SMITH"}],"neow_cost":"NONE","seed_source_timestamp":28471474197700,"circlet_count":0,"master_deck":["AscendersBane","Defend_B","Defend_B","Defend_B","Zap","Dualcast","Sweeping Beam","Lockon+1","Loop+1","Reboot+1","Ball Lightning","Ball Lightning","Steam","BootSequence","Creative AI+1","Panacea+1","Melter+1","Chill+1","Glacier","Capacitor+1","Writhe"],"special_seed":0,"relics":["Cracked Core","NeowsBlessing","Golden Idol","Centennial Puzzle","Kunai","Oddly Smooth Stone","Busted Crown","Nilry\u0027s Codex","DataDisk","Art of War","Mummified Hand","Regal Pillow","Cursed Key","Letter Opener"],"potions_floor_usage":[48,50],"damage_taken":[{"damage":0.0,"enemies":"Small Slimes","floor":1.0,"turns":1.0},{"damage":0.0,"enemies":"Jaw Worm","floor":4.0,"turns":1.0},{"damage":0.0,"enemies":"2 Louse","floor":5.0,"turns":1.0},{"damage":35.0,"enemies":"Lagavulin","floor":7.0,"turns":6.0},{"damage":4.0,"enemies":"Exordium Wildlife","floor":10.0,"turns":3.0},{"damage":16.0,"enemies":"Gremlin Nob","floor":11.0,"turns":3.0},{"damage":17.0,"enemies":"Hexaghost","floor":16.0,"turns":8.0},{"damage":0.0,"enemies":"Chosen","floor":18.0,"turns":4.0},{"damage":0.0,"enemies":"Spheric Guardian","floor":22.0,"turns":4.0},{"damage":24.0,"enemies":"Gremlin Leader","floor":27.0,"turns":4.0},{"damage":6.0,"enemies":"Cultist and Chosen","floor":28.0,"turns":4.0},{"damage":1.0,"enemies":"Chosen and Byrds","floor":29.0,"turns":5.0},{"damage":11.0,"enemies":"Snecko","floor":31.0,"turns":5.0},{"damage":2.0,"enemies":"Automaton","floor":33.0,"turns":9.0},{"damage":6.0,"enemies":"3 Shapes","floor":35.0,"turns":3.0},{"damage":6.0,"enemies":"Orb Walker","floor":37.0,"turns":3.0},{"damage":1.0,"enemies":"Spire Growth","floor":44.0,"turns":5.0},{"damage":25.0,"enemies":"Jaw Worm Horde","floor":45.0,"turns":4.0},{"damage":0,"enemies":"Maw","floor":48,"turns":8},{"damage":22,"enemies":"Awakened One","floor":50,"turns":9}],"seed_played":"7505632334572395244","potions_obtained":[{"floor":4.0,"key":"SteroidPotion"},{"floor":5.0,"key":"Regen Potion"},{"floor":11.0,"key":"Swift Potion"},{"floor":18.0,"key":"Fruit Juice"},{"floor":29.0,"key":"Dexterity Potion"},{"floor":33.0,"key":"Block Potion"},{"floor":37.0,"key":"AttackPotion"},{"floor":46.0,"key":"FearPotion"},{"floor":48,"key":"Weak Potion"}],"is_trial":false,"path_per_floor":["M","$","?","M","M","R","E","?","T","M","E","R","?","?","R","B",null,"M","?","$","?","M","R","?","R","T","E","M","M","R","M","R","B",null,"M","?","M","$","?","R","?","R","T","M","M","?","R","M","R","B",null],"character_chosen":"DEFECT","items_purchased":["Lockon","Loop","DataDisk","Panacea","Glacier","Capacitor"],"campfire_rested":4,"item_purchase_floors":[2,2,20,20,38,38],"current_hp_per_floor":[68,68,68,68,68,68,33,33,33,29,22,42,35,35,35,18,56,61,45,45,45,45,67,67,67,67,43,37,36,73,62,62,60,71,65,65,59,59,59,59,59,59,59,58,33,33,69,69,69,47],"gold":148,"neow_bonus":"THREE_ENEMY_KILL","is_prod":false,"is_daily":false,"chose_seed":false,"campfire_upgraded":7,"win_rate":0,"timestamp":1549501699,"path_taken":["M","$","?","M","M","R","E","?","T","M","E","R","?","?","R","BOSS","M","?","$","?","M","R","?","R","T","E","M","M","R","M","R","BOSS","M","?","M","$","?","R","?","R","T","M","M","?","R","M","R","BOSS"],"build_version":"2019-01-23","purchased_purges":2,"victory":true,"max_hp_per_floor":[75,75,69,69,69,69,69,69,69,69,69,69,69,69,69,69,69,74,74,74,74,74,74,74,74,74,74,74,74,74,74,74,74,74,74,70,70,70,70,70,70,70,70,70,70,70,70,70,70,70],"card_choices":[{"not_picked":["Tempest","Steam"],"picked":"Sweeping Beam","floor":1.0},{"not_picked":["Leap","Barrage"],"picked":"Reboot","floor":4.0},{"not_picked":["Auto Shields","Stack"],"picked":"Ball Lightning","floor":5.0},{"not_picked":["Hologram","Redo"],"picked":"Ball Lightning","floor":7.0},{"not_picked":["Hello World","Heatsinks"],"picked":"Steam","floor":10.0},{"not_picked":["Ball Lightning","Steam Power"],"picked":"BootSequence","floor":11.0},{"not_picked":["Meteor Strike","Hyperbeam"],"picked":"Creative AI","floor":16.0},{"not_picked":["Redo"],"picked":"SKIP","floor":18.0},{"not_picked":[],"picked":"Melter+1","floor":22.0},{"not_picked":["Lockon"],"picked":"SKIP","floor":27.0},{"not_picked":["BootSequence"],"picked":"SKIP","floor":28.0},{"not_picked":[],"picked":"Chill","floor":29.0},{"not_picked":["Sunder"],"picked":"SKIP","floor":31.0},{"not_picked":["Beam Cell"],"picked":"SKIP","floor":35.0},{"not_picked":["Chaos"],"picked":"SKIP","floor":37.0},{"not_picked":["Barrage"],"picked":"SKIP","floor":44.0},{"not_picked":["Ball Lightning"],"picked":"SKIP","floor":45.0},{"not_picked":["Go for the Eyes"],"picked":"SKIP","floor":48}],"player_experience":592177,"relics_obtained":[{"floor":7.0,"key":"Centennial Puzzle"},{"floor":9.0,"key":"Kunai"},{"floor":11.0,"key":"Oddly Smooth Stone"},{"floor":19.0,"key":"Nilry\u0027s Codex"},{"floor":26.0,"key":"Mummified Hand"},{"floor":27.0,"key":"Regal Pillow"},{"floor":43.0,"key":"Letter Opener"}],"event_choices":[{"damage_healed":0.0,"max_hp_gain":0.0,"max_hp_loss":6.0,"gold_gain":0.0,"event_name":"Golden Idol","player_choice":"Lose Max HP","floor":3.0,"gold_loss":0.0,"damage_taken":0.0,"relics_obtained":["Golden Idol"]},{"damage_healed":0.0,"max_hp_gain":0.0,"max_hp_loss":0.0,"gold_gain":30.0,"event_name":"Dead Adventurer","player_choice":"Searched \u00272\u0027 times","floor":8.0,"gold_loss":0.0,"damage_taken":0.0},{"cards_removed":["Strike_B"],"damage_healed":0.0,"max_hp_gain":0.0,"max_hp_loss":0.0,"gold_gain":0.0,"event_name":"Golden Wing","player_choice":"Card Removal","floor":13.0,"gold_loss":0.0,"damage_taken":7.0},{"cards_removed":["Strike_B"],"damage_healed":0.0,"max_hp_gain":0.0,"max_hp_loss":0.0,"gold_gain":0.0,"event_name":"The Cleric","player_choice":"Card Removal","floor":14.0,"gold_loss":50.0,"damage_taken":0.0},{"damage_healed":0.0,"max_hp_gain":0.0,"max_hp_loss":0.0,"gold_gain":0.0,"event_name":"Cursed Tome","player_choice":"Obtained Book","floor":19.0,"gold_loss":0.0,"damage_taken":16.0},{"damage_healed":0.0,"max_hp_gain":0.0,"max_hp_loss":0.0,"gold_gain":99.0,"event_name":"Nest","player_choice":"Stole From Cult","floor":21.0,"gold_loss":0.0,"damage_taken":0.0},{"damage_healed":0.0,"max_hp_gain":0.0,"max_hp_loss":0.0,"gold_gain":0.0,"event_name":"Addict","player_choice":"Obtained Relic","floor":24.0,"gold_loss":85.0,"damage_taken":0.0,"relics_obtained":["Art of War"]},{"damage_healed":0.0,"max_hp_gain":0.0,"max_hp_loss":4.0,"gold_gain":0.0,"event_name":"Winding Halls","player_choice":"Max HP","floor":36.0,"gold_loss":0.0,"damage_taken":0.0},{"damage_healed":0.0,"max_hp_gain":0.0,"max_hp_loss":0.0,"gold_gain":0.0,"event_name":"Mysterious Sphere","player_choice":"Ignored","floor":39.0,"gold_loss":0.0,"damage_taken":0.0},{"cards_removed":["Defend_B"],"damage_healed":0.0,"max_hp_gain":0.0,"max_hp_loss":0.0,"gold_gain":0.0,"event_name":"Falling","player_choice":"Removed Skill","floor":41.0,"gold_loss":0.0,"damage_taken":0.0},{"damage_healed":0.0,"max_hp_gain":0.0,"max_hp_loss":0.0,"gold_gain":0.0,"event_name":"The Woman in Blue","player_choice":"Bought 1 Potion","floor":46.0,"gold_loss":0.0,"damage_taken":0.0}],"is_beta":true,"boss_relics":[{"not_picked":["Ectoplasm","Calling Bell"],"picked":"Busted Crown"},{"not_picked":["White Beast Statue","Snecko Eye"],"picked":"Cursed Key"}],"items_purged_floors":[20,38],"is_endless":false,"potions_floor_spawned":[4,5,11,18,29,33,37,44,48],"ascension_level":12}