{"gold_per_floor":[109,121,133,1,76,76,111,123,160,172,184,225,287,309,321,411,423,451,301,313,313,53,53],"floor_reached":23,"playtime":710,"items_purged":["Strike_B","Strike_B"],"score":364,"play_id":"5f956b24-0f02-4ab9-86f3-51e82e885898","local_time":"20190202220449","is_ascension_mode":true,"campfire_choices":[{"data":"Sunder","floor":6,"key":"SMITH"},{"data":"Zap","floor":8,"key":"SMITH"},{"floor":15,"key":"REST"}],"neow_cost":"NONE","seed_source_timestamp":800374930016100,"circlet_count":0,"master_deck":["AscendersBane","Strike_B","Strike_B+1","Defend_B","Defend_B","Defend_B","Defend_B","Zap+1","Dualcast","Cold Snap","Cold Snap","Sweeping Beam+1","Sunder+1","Leap","Fission+1","Reboot","Core Surge","Gash","Self Repair","Consume"],"relics":["Cracked Core","NeowsBlessing","MawBank","Whetstone","Shuriken","Sozu","Lantern"],"potions_floor_usage":[20],"damage_taken":[{"damage":0,"enemies":"Cultist","floor":1,"turns":1},{"damage":0,"enemies":"2 Louse","floor":2,"turns":1},{"damage":0,"enemies":"Small Slimes","floor":3,"turns":1},{"damage":22,"enemies":"Gremlin Nob","floor":7,"turns":4},{"damage":14,"enemies":"3 Sentries","floor":12,"turns":5},{"damage":0,"enemies":"Red Slaver","floor":14,"turns":3},{"damage":14,"enemies":"The Guardian","floor":16,"turns":13},{"damage":13,"enemies":"2 Thieves","floor":18,"turns":3},{"damage":0,"enemies":"Chosen","floor":20,"turns":4},{"damage":57,"enemies":"Book of Stabbing","floor":23,"turns":5}],"seed_played":"-5917446853476657276","potions_obtained":[{"floor":3,"key":"Energy Potion"},{"floor":12,"key":"Energy Potion"},{"floor":16,"key":"SkillPotion"}],"is_trial":false,"path_per_floor":["M","M","M","$","?","R","E","R","T","$","?","E","?","M","R","B",null,"M","$","M","?","$","E"],"character_chosen":"DEFECT","items_purchased":["Sunder","Leap","Self Repair","Lantern"],"campfire_rested":1,"item_purchase_floors":[4,4,19,22],"current_hp_per_floor":[64,64,64,64,53,53,31,31,31,31,31,17,17,17,38,24,59,46,46,53,53,53,0],"gold":53,"neow_bonus":"THREE_ENEMY_KILL","is_prod":false,"is_daily":false,"chose_seed":false,"campfire_upgraded":2,"win_rate":0,"timestamp":1549141489,"path_taken":["M","?","M","?","?","R","E","R","T","$","?","E","?","?","R","BOSS","M","$","M","?","$","E"],"build_version":"2019-01-23","purchased_purges":2,"victory":false,"max_hp_per_floor":[71,71,71,71,71,71,71,71,71,71,71,71,71,71,71,71,71,71,71,71,71,71,71],"card_choices":[{"not_picked":["Heatsinks","Reprogram"],"picked":"Cold Snap","floor":1},{"not_picked":["Redo","Steam"],"picked":"Cold Snap","floor":2},{"not_picked":["Steam Power","Compile Driver"],"picked":"Sweeping Beam","floor":3},{"not_picked":["Redo","Undo"],"picked":"Fission","floor":7},{"not_picked":["Tempest","Reprogram"],"picked":"Reboot","floor":12},{"not_picked":["Hologram","Sunder","Sweeping Beam"],"picked":"SKIP","floor":14},{"not_picked":["Multi-Cast","Meteor Strike"],"picked":"Core Surge","floor":16},{"not_picked":["Hologram","Cold Snap"],"picked":"Gash","floor":18},{"not_picked":["Reinforced Body","Capacitor"],"picked":"Consume","floor":20}],"player_experience":446715,"relics_obtained":[{"floor":7,"key":"MawBank"},{"floor":9,"key":"Whetstone"},{"floor":12,"key":"Shuriken"}],"event_choices":[{"damage_healed":0,"gold_gain":75,"player_choice":"Gather Gold","damage_taken":11,"max_hp_gain":0,"max_hp_loss":0,"event_name":"World of Goop","floor":5,"gold_loss":0},{"damage_healed":0,"gold_gain":0,"player_choice":"Ignored","damage_taken":0,"max_hp_gain":0,"max_hp_loss":0,"event_name":"Liars Game","floor":11,"gold_loss":0},{"damage_healed":0,"gold_gain":50,"player_choice":"Pray","damage_taken":0,"max_hp_gain":0,"max_hp_loss":0,"event_name":"Golden Shrine","floor":13,"gold_loss":0},{"damage_healed":0,"gold_gain":0,"player_choice":"Forge","damage_taken":0,"max_hp_gain":0,"max_hp_loss":0,"event_name":"Accursed Blacksmith","floor":21,"gold_loss":0,"cards_upgraded":["Fission"]}],"is_beta":false,"boss_relics":[{"not_picked":["Runic Pyramid","Lizard Tail"],"picked":"Sozu"}],"items_purged_floors":[19,22],"is_endless":false,"potions_floor_spawned":[3,12,14,16,20],"killed_by":"Book of Stabbing","ascension_level":17}