{"gold_per_floor":[119,135,149,166,166,166,91,111,111,124,149,99,99,126,126,224,224,237,265,20,20,39,68,68,68,68,31,63,63,78,93,93,188,188,202,215,227,240,255,477,477,512,591,591,138,155,155],"floor_reached":47,"playtime":9097,"items_purged":["Pain","Strike_G","Writhe"],"score":865,"play_id":"04984587-6734-4a77-844d-9157bd15153f","local_time":"20190126194911","is_ascension_mode":true,"campfire_choices":[{"data":"Poisoned Stab","floor":6.0,"key":"SMITH"},{"data":"Poisoned Stab","floor":13.0,"key":"SMITH"},{"floor":15.0,"key":"REST"},{"data":"Footwork","floor":25.0,"key":"SMITH"},{"data":"Glass Knife","floor":32.0,"key":"SMITH"},{"data":"Catalyst","floor":41.0,"key":"SMITH"}],"neow_cost":"CURSE","seed_source_timestamp":0,"circlet_count":0,"master_deck":["Defend_G","Defend_G","Defend_G","Defend_G","Defend_G","Strike_G","Strike_G","Strike_G","Strike_G","Survivor","Neutralize","Well Laid Plans","Poisoned Stab+1","Terror","Bane","Bouncing Flask","Poisoned Stab+1","Footwork+1","Corpse Explosion","Backflip+1","Leg Sweep+1","Shame","Blur","Deadly Poison","Glass Knife+1","Envenom","Parasite","Catalyst+1","Crippling Poison+1","Footwork"],"special_seed":0,"relics":["Ring of the Serpent","WarpedTongs","Shuriken","Dead Branch","Meat on the Bone","Velvet Choker","Red Mask","Art of War","Singing Bowl","FossilizedHelix","Turnip","Matryoshka","Boot","Bronze Scales","Omamori","Pantograph"],"potions_floor_usage":[],"damage_taken":[{"damage":4.0,"enemies":"Cultist","floor":1.0,"turns":5.0},{"damage":10.0,"enemies":"Jaw Worm","floor":2.0,"turns":4.0},{"damage":4.0,"enemies":"2 Louse","floor":3.0,"turns":4.0},{"damage":3.0,"enemies":"Exordium Wildlife","floor":4.0,"turns":4.0},{"damage":9.0,"enemies":"2 Fungi Beasts","floor":8.0,"turns":4.0},{"damage":0.0,"enemies":"Large Slime","floor":10.0,"turns":3.0},{"damage":8.0,"enemies":"Gremlin Nob","floor":11.0,"turns":3.0},{"damage":14.0,"enemies":"3 Sentries","floor":14.0,"turns":5.0},{"damage":2.0,"enemies":"Slime Boss","floor":16.0,"turns":9.0},{"damage":1.0,"enemies":"3 Byrds","floor":18.0,"turns":4.0},{"damage":20.0,"enemies":"Masked Bandits","floor":19.0,"turns":3.0},{"damage":13.0,"enemies":"Colosseum Slavers","floor":21.0,"turns":3.0},{"damage":3.0,"enemies":"Spheric Guardian","floor":22.0,"turns":4.0},{"damage":11.0,"enemies":"Gremlin Leader","floor":23.0,"turns":6.0},{"damage":0.0,"enemies":"Book of Stabbing","floor":28.0,"turns":5.0},{"damage":0.0,"enemies":"Centurion and Healer","floor":30.0,"turns":4.0},{"damage":0.0,"enemies":"Sentry and Sphere","floor":31.0,"turns":3.0},{"damage":7.0,"enemies":"Collector","floor":33.0,"turns":9.0},{"damage":5.0,"enemies":"Orb Walker","floor":35.0,"turns":4.0},{"damage":4.0,"enemies":"3 Shapes","floor":36.0,"turns":3.0},{"damage":0.0,"enemies":"Writhing Mass","floor":37.0,"turns":7.0},{"damage":1.0,"enemies":"4 Shapes","floor":38.0,"turns":6.0},{"damage":18.0,"enemies":"3 Darklings","floor":39.0,"turns":4.0},{"damage":0.0,"enemies":"Nemesis","floor":42.0,"turns":7.0},{"damage":9.0,"enemies":"Sphere and 2 Shapes","floor":46.0,"turns":6.0},{"damage":67,"enemies":"Giant Head","floor":47,"turns":7}],"seed_played":"4564300619570539752","potions_obtained":[{"floor":2.0,"key":"GamblersBrew"},{"floor":8.0,"key":"Dexterity Potion"},{"floor":10.0,"key":"Fire Potion"},{"floor":14.0,"key":"Poison Potion"},{"floor":16.0,"key":"Dexterity Potion"},{"floor":18.0,"key":"FearPotion"},{"floor":30.0,"key":"GamblersBrew"},{"floor":35.0,"key":"LiquidBronze"},{"floor":39.0,"key":"GamblersBrew"},{"floor":42.0,"key":"Weak Potion"},{"floor":46.0,"key":"Fruit Juice"}],"is_trial":false,"path_per_floor":["M","M","M","M","?","R","$","M","T","M","E","?","R","E","R","B",null,"M","?","$","?","M","E","?","R","T","$","E","?","M","M","R","B",null,"M","M","M","M","M","?","R","E","T","?","$","M","E"],"character_chosen":"THE_SILENT","items_purchased":["Art of War","Blur","Footwork","Pantograph"],"campfire_rested":1,"item_purchase_floors":[20,27,45,45],"current_hp_per_floor":[73,63,59,56,56,56,56,47,47,47,39,39,39,25,50,48,75,74,54,54,53,50,53,53,53,53,53,53,53,53,55,55,48,78,75,73,73,72,56,56,56,58,58,58,58,56,0],"gold":155,"neow_bonus":"TWENTY_PERCENT_HP_BONUS","is_prod":false,"is_daily":false,"chose_seed":false,"campfire_upgraded":5,"win_rate":0,"timestamp":1548557351,"path_taken":["M","M","M","?","?","R","?","M","T","M","E","?","R","E","R","BOSS","M","?","$","?","M","E","?","R","T","$","E","?","M","M","R","BOSS","M","M","M","M","M","?","R","E","T","?","?","M","E"],"build_version":"2019-01-23","purchased_purges":3,"victory":false,"max_hp_per_floor":[84,84,84,84,84,84,84,84,84,84,84,84,84,84,84,84,84,84,84,84,84,84,86,86,86,86,86,86,86,86,88,88,88,88,90,92,92,92,94,94,94,96,96,96,96,103,103],"card_choices":[{"not_picked":["Dagger Spray","Cloak And Dagger"],"picked":"Well Laid Plans","floor":1.0},{"not_picked":["Reflex","Blade Dance"],"picked":"Poisoned Stab","floor":2.0},{"not_picked":["Backflip","Storm of Steel"],"picked":"Terror","floor":3.0},{"not_picked":["Prepared","Underhanded Strike"],"picked":"Bane","floor":4.0},{"not_picked":["Outmaneuver","Acrobatics"],"picked":"Bouncing Flask","floor":8.0},{"not_picked":["Reflex","Cloak And Dagger","A Thousand Cuts"],"picked":"SKIP","floor":10.0},{"not_picked":["Deadly Poison","Deflect"],"picked":"Poisoned Stab","floor":11.0},{"not_picked":["Eviscerate","Dodge and Roll"],"picked":"Footwork","floor":14.0},{"not_picked":["Storm of Steel","Unload"],"picked":"Corpse Explosion","floor":16.0},{"not_picked":["Cloak And Dagger","Terror","Skewer"],"picked":"SKIP","floor":18.0},{"not_picked":["Escape Plan","Deflect"],"picked":"Backflip+1","floor":19.0},{"not_picked":["Predator","Dodge and Roll"],"picked":"Leg Sweep+1","floor":22.0},{"not_picked":["Dagger Spray","Deflect","Backflip+1"],"picked":"Singing Bowl","floor":23.0},{"not_picked":["Outmaneuver","Dagger Spray+1"],"picked":"Deadly Poison","floor":28.0},{"not_picked":["Dagger Spray","Terror"],"picked":"Glass Knife","floor":30.0},{"not_picked":["Dodge and Roll","Deflect","Tactician"],"picked":"Singing Bowl","floor":31.0},{"not_picked":["Glass Knife","A Thousand Cuts"],"picked":"Envenom","floor":33.0},{"not_picked":["Caltrops","Bouncing Flask","Masterful Stab"],"picked":"Singing Bowl","floor":35.0},{"not_picked":["Endless Agony+1","Blade Dance+1","Flying Knee+1"],"picked":"Singing Bowl","floor":36.0},{"not_picked":["Distraction","Crippling Poison+1"],"picked":"Catalyst","floor":37.0},{"not_picked":["Dagger Throw+1","Flying Knee"],"picked":"Crippling Poison+1","floor":38.0},{"not_picked":["Reflex","Backflip","Expertise"],"picked":"Singing Bowl","floor":39.0},{"not_picked":["Outmaneuver","Masterful Stab+1","Dagger Throw"],"picked":"Singing Bowl","floor":42.0},{"not_picked":["Poisoned Stab+1","Sucker Punch","Dodge and Roll"],"picked":"Singing Bowl","floor":46.0}],"player_experience":413808,"relics_obtained":[{"floor":9.0,"key":"Shuriken"},{"floor":11.0,"key":"Dead Branch"},{"floor":14.0,"key":"Meat on the Bone"},{"floor":19.0,"key":"Red Mask"},{"floor":23.0,"key":"Singing Bowl"},{"floor":26.0,"key":"Turnip"},{"floor":28.0,"key":"Matryoshka"},{"floor":42.0,"key":"Bronze Scales"},{"floor":43.0,"key":"Omamori"}],"event_choices":[{"damage_healed":0.0,"max_hp_gain":0.0,"max_hp_loss":0.0,"gold_gain":0.0,"event_name":"Accursed Blacksmith","player_choice":"Rummage","floor":5.0,"gold_loss":0.0,"damage_taken":0.0,"relics_obtained":["WarpedTongs"],"cards_obtained":["Pain"]},{"cards_removed":["Regret"],"damage_healed":0.0,"max_hp_gain":0.0,"max_hp_loss":0.0,"gold_gain":0.0,"event_name":"The Cleric","player_choice":"Card Removal","floor":12.0,"gold_loss":50.0,"damage_taken":0.0},{"damage_healed":0.0,"max_hp_gain":0.0,"max_hp_loss":0.0,"gold_gain":0.0,"event_name":"Masked Bandits","player_choice":"Fought Bandits","floor":19.0,"gold_loss":0.0,"damage_taken":0.0},{"damage_healed":0.0,"max_hp_gain":0.0,"max_hp_loss":0.0,"gold_gain":0.0,"event_name":"Colosseum","player_choice":"Fight","floor":21.0,"gold_loss":0.0,"damage_taken":0.0},{"damage_healed":0.0,"max_hp_gain":0.0,"max_hp_loss":0.0,"gold_gain":0.0,"event_name":"Colosseum","player_choice":"Fled From Nobs","floor":21.0,"gold_loss":0.0,"damage_taken":0.0},{"damage_healed":0.0,"max_hp_gain":0.0,"max_hp_loss":0.0,"gold_gain":0.0,"event_name":"Addict","player_choice":"Stole Relic","floor":24.0,"gold_loss":0.0,"damage_taken":0.0,"relics_obtained":["FossilizedHelix"],"cards_obtained":["Shame"]},{"damage_healed":0.0,"max_hp_gain":0.0,"max_hp_loss":0.0,"gold_gain":0.0,"event_name":"The Mausoleum","player_choice":"Opened","floor":29.0,"gold_loss":0.0,"damage_taken":0.0,"relics_obtained":["Boot"],"cards_obtained":["Writhe"]},{"damage_healed":0.0,"max_hp_gain":0.0,"max_hp_loss":0.0,"gold_gain":222.0,"event_name":"Tomb of Lord Red Mask","player_choice":"Wore Mask","floor":40.0,"gold_loss":0.0,"damage_taken":0.0},{"damage_healed":0.0,"max_hp_gain":0.0,"max_hp_loss":0.0,"gold_gain":0.0,"event_name":"Mysterious Sphere","player_choice":"Ignored","floor":44.0,"gold_loss":0.0,"damage_taken":0.0}],"is_beta":false,"boss_relics":[{"not_picked":["Fusion Hammer","Cursed Key"],"picked":"Velvet Choker"},{"not_picked":["Snecko Eye","Sozu"],"picked":"Ring of the Serpent"}],"items_purged_floors":[7,20,45],"is_endless":false,"potions_floor_spawned":[2,8,10,14,16,18,30,31,35,39,42,46],"killed_by":"Giant Head","ascension_level":8}