{"gold_per_floor":[118,118,138,138,66,66,76,91,91,91,10,30,30,48,78,78],"floor_reached":16,"playtime":1492,"items_purged":[],"score":92,"play_id":"36e311b1-3941-441d-816e-b08a7fe4cd98","local_time":"20190212192332","is_ascension_mode":false,"campfire_choices":[{"floor":6,"key":"DIG"},{"floor":10,"key":"DIG"},{"floor":15,"key":"DIG"}],"neow_cost":"TEN_PERCENT_HP_LOSS","seed_source_timestamp":27757416755747,"circlet_count":0,"master_deck":["Defend_G","Defend_G","Defend_G","Defend_G","Defend_G","Strike_G","Strike_G","Strike_G","Strike_G","Survivor","Neutralize","Leg Sweep","Catalyst","Finisher","Infinite Blades","Skewer","Blur","Dodge and Roll"],"relics":["Ring of the Snake","Shovel","Ninja Scroll","Bottled Tornado","Dream Catcher","Tiny Chest"],"potions_floor_usage":[16],"damage_taken":[{"damage":0,"enemies":"2 Louse","floor":1,"turns":3},{"damage":0,"enemies":"Small Slimes","floor":3,"turns":6},{"damage":2,"enemies":"Jaw Worm","floor":7,"turns":7},{"damage":3,"enemies":"Exordium Wildlife","floor":8,"turns":8},{"damage":5,"enemies":"Gremlin Gang","floor":12,"turns":5},{"damage":0,"enemies":"Large Slime","floor":14,"turns":6},{"damage":71,"enemies":"Hexaghost","floor":16,"turns":18}],"seed_played":"-98614861284353255","potions_obtained":[{"floor":1,"key":"Regen Potion"},{"floor":8,"key":"Strength Potion"}],"is_trial":false,"path_per_floor":["M","?","M","?","$","R","M","M","T","R","$","M","?","M","R","B"],"character_chosen":"THE_SILENT","items_purchased":["Catalyst","Skewer"],"campfire_rested":0,"item_purchase_floors":[5,11],"current_hp_per_floor":[63,63,63,63,63,63,61,58,58,58,58,53,58,58,58,0],"gold":78,"neow_bonus":"ONE_RARE_RELIC","is_prod":false,"is_daily":false,"chose_seed":false,"campfire_upgraded":0,"win_rate":0.0,"timestamp":1550021012,"path_taken":["M","?","M","?","?","R","?","?","T","R","$","M","?","M","R","BOSS"],"build_version":"2019-01-23","purchased_purges":0,"victory":false,"max_hp_per_floor":[63,63,63,63,63,63,63,63,63,63,63,63,68,68,68,68],"card_choices":[{"not_picked":["Predator","Deadly Poison","Outmaneuver"],"picked":"SKIP","floor":1},{"not_picked":["Backflip","Blade Dance"],"picked":"Leg Sweep","floor":3},{"not_picked":["Noxious Fumes","PiercingWail"],"picked":"Finisher","floor":7},{"not_picked":["Deadly Poison","Leg Sweep"],"picked":"Infinite Blades","floor":8},{"not_picked":["Escape Plan","Deflect"],"picked":"Blur","floor":12},{"not_picked":["Prepared","Bane"],"picked":"Dodge and Roll","floor":14}],"player_experience":91375,"relics_obtained":[{"floor":6,"key":"Ninja Scroll"},{"floor":9,"key":"Bottled Tornado"},{"floor":10,"key":"Dream Catcher"},{"floor":15,"key":"Tiny Chest"}],"event_choices":[{"cards_removed":["Strike_G"],"damage_healed":0,"gold_gain":0,"player_choice":"Forget","damage_taken":0,"max_hp_gain":0,"max_hp_loss":0,"event_name":"Living Wall","floor":2,"gold_loss":0},{"damage_healed":0,"gold_gain":0,"player_choice":"Ignored","damage_taken":0,"max_hp_gain":0,"max_hp_loss":0,"event_name":"Liars Game","floor":4,"gold_loss":0},{"damage_healed":0,"gold_gain":0,"player_choice":"Donut","damage_taken":0,"max_hp_gain":5,"max_hp_loss":0,"event_name":"Big Fish","floor":13,"gold_loss":0}],"is_beta":false,"boss_relics":[],"items_purged_floors":[],"is_endless":false,"potions_floor_spawned":[1,8],"killed_by":"Hexaghost","ascension_level":0}