{"gold_per_floor":[114,114,114,138,156,200,200,243,243,243,282,282,307,320,320,445,475,400,400,416,416,416],"floor_reached":22,"playtime":883,"items_purged":[],"score":275,"play_id":"8f529cd9-9c3f-45c9-a3b2-6402564ea887","local_time":"20180628040206","is_ascension_mode":true,"campfire_choices":[{"data":"Double Tap","floor":7,"key":"SMITH"},{"floor":12,"key":"REST"},{"data":"Bash","floor":15,"key":"SMITH"}],"neow_cost":"NONE","seed_source_timestamp":444779868718064,"circlet_count":0,"master_deck":["Strike_R","Strike_R","Strike_R","Strike_R","Strike_R","Defend_R","Defend_R","Defend_R","Defend_R","Bash+1","Double Tap+1","Iron Wave","Iron Wave","Seeing Red","Dropkick","Evolve","Whirlwind","Limit Break","Writhe","Doubt","Clumsy","Shockwave","RitualDagger","Thunderclap","Writhe"],"relics":["Burning Blood","Golden Idol","Paper Frog","Oddly Smooth Stone","Letter Opener","Bag of Preparation","Ancient Tea Set","Odd Mushroom","Calling Bell","Tiny Chest","Shuriken","Mango","Dodecahedron"],"potions_floor_usage":[6,11,16],"damage_taken":[{"damage":2,"enemies":"2 Louse","floor":1,"turns":4},{"damage":8,"enemies":"Jaw Worm","floor":4,"turns":4},{"damage":5,"enemies":"Small Slimes","floor":5,"turns":3},{"damage":22,"enemies":"Gremlin Nob","floor":6,"turns":4},{"damage":21,"enemies":"3 Sentries","floor":8,"turns":12},{"damage":24,"enemies":"Lagavulin","floor":11,"turns":7},{"damage":15,"floor":13,"turns":5},{"damage":10,"enemies":"Red Slaver","floor":14,"turns":6},{"damage":0,"enemies":"Hexaghost","floor":16,"turns":8},{"damage":38,"enemies":"2 Thieves","floor":18,"turns":5},{"damage":50,"enemies":"Chosen","floor":20,"turns":7},{"damage":24,"enemies":"3 Cultists","floor":22,"turns":3}],"seed_played":"-6804378518763823628","potions_obtained":[{"floor":4,"key":"EssenceOfSteel"},{"floor":5,"key":"Strength Potion"},{"floor":11,"key":"FairyPotion"},{"floor":14,"key":"LiquidBronze"}],"is_trial":false,"path_per_floor":["M","?","?","M","M","E","R","E","T","T","E","R","?","M","R","B",null,"M","?","M","?"],"character_chosen":"IRONCLAD","items_purchased":[],"campfire_rested":1,"item_purchase_floors":[],"current_hp_per_floor":[80,60,60,58,59,43,43,28,28,28,10,34,25,21,21,27,94,62,56,12,12,0],"gold":416,"neow_bonus":"ONE_RANDOM_RARE_CARD","is_prod":false,"is_daily":false,"chose_seed":false,"campfire_upgraded":2,"win_rate":0,"timestamp":1530151326,"path_taken":["M","?","?","M","M","E","R","E","T","?","E","R","?","M","R","BOSS","M","?","M","?","M"],"build_version":"2018-06-21v2","purchased_purges":0,"victory":false,"max_hp_per_floor":[80,80,80,80,80,80,80,80,80,80,80,80,80,80,80,80,94,94,94,94,94,94],"card_choices":[{"not_picked":["Flex","Sword Boomerang"],"picked":"Iron Wave","floor":1},{"not_picked":["Anger","Cleave"],"picked":"Iron Wave","floor":4},{"not_picked":["Iron Wave","Sever Soul"],"picked":"Seeing Red","floor":5},{"not_picked":["Body Slam","Clothesline","Seeing Red"],"picked":"SKIP","floor":6},{"not_picked":["Whirlwind","Fire Breathing"],"picked":"Dropkick","floor":8},{"not_picked":["Feed","Power Through"],"picked":"Evolve","floor":11},{"not_picked":["Sword Boomerang","Havoc"],"picked":"Whirlwind","floor":13},{"not_picked":["Cleave","Burning Pact","Evolve"],"picked":"SKIP","floor":14},{"not_picked":["Exhume","Reaper"],"picked":"Limit Break","floor":16},{"not_picked":["Twin Strike+1","Perfected Strike+1"],"picked":"Shockwave","floor":18},{"not_picked":["Heavy Blade+1","Body Slam+1"],"picked":"Thunderclap","floor":20}],"player_experience":443986,"relics_obtained":[{"floor":6,"key":"Paper Frog"},{"floor":8,"key":"Oddly Smooth Stone"},{"floor":9,"key":"Letter Opener"},{"floor":10,"key":"Bag of Preparation"},{"floor":11,"key":"Ancient Tea Set"},{"floor":13,"key":"Odd Mushroom"},{"floor":17,"key":"Tiny Chest"},{"floor":17,"key":"Shuriken"},{"floor":17,"key":"Mango"}],"event_choices":[{"event_name":"Golden Idol","player_choice":"Take Damage","floor":2,"damage_taken":0},{"event_name":"The Woman in Blue","player_choice":"Bought 0 Potions","floor":3,"damage_taken":0},{"event_name":"Mushrooms","player_choice":"Fought Mushrooms","floor":13,"damage_taken":0},{"event_name":"Nest","player_choice":"Joined the Cult","floor":19,"damage_taken":0},{"event_name":"The Mausoleum","player_choice":"Yes","floor":21,"damage_taken":0}],"boss_relics":[{"not_picked":["Fusion Hammer","Coffee Dripper"],"picked":"Calling Bell"}],"items_purged_floors":[],"is_endless":false,"potions_floor_spawned":[4,5,11,14],"killed_by":"3 Cultists","ascension_level":2}