{"gold_per_floor":[20,34,47,67,67,67,97,109,136,163,163,194,204,236,236,236],"floor_reached":16,"playtime":857,"items_purged":[],"score":177,"play_id":"de137861-fbf9-481c-8977-6f6679ca93ab","local_time":"20190115113011","is_ascension_mode":true,"campfire_choices":[{"data":"Dualcast","floor":6,"key":"SMITH"},{"floor":11,"key":"REST"},{"data":"Zap","floor":15,"key":"SMITH"}],"neow_cost":"NO_GOLD","seed_source_timestamp":542276454015256,"circlet_count":0,"master_deck":["Strike_B","Strike_B","Strike_B","Strike_B","Defend_B","Defend_B","Defend_B","Defend_B","Zap+1","Dualcast+1","Self Repair","Genetic Algorithm","Self Repair","Conserve Battery","Glacier","Chill","BootSequence"],"relics":["Cracked Core","Dead Branch","Frozen Egg 2","Regal Pillow","Odd Mushroom","Ancient Tea Set","Juzu Bracelet"],"potions_floor_usage":[10,10,14,14,16],"damage_taken":[{"damage":1,"enemies":"2 Louse","floor":1,"turns":3},{"damage":8,"enemies":"Jaw Worm","floor":2,"turns":4},{"damage":5,"enemies":"Cultist","floor":3,"turns":4},{"damage":38,"enemies":"Large Slime","floor":4,"turns":6},{"damage":39,"enemies":"Lagavulin","floor":7,"turns":10},{"damage":10,"enemies":"Exordium Wildlife","floor":8,"turns":6},{"damage":23,"enemies":"The Mushroom Lair","floor":10,"turns":10},{"damage":11,"enemies":"3 Sentries","floor":12,"turns":10},{"damage":2,"enemies":"Blue Slaver","floor":13,"turns":5},{"damage":18,"enemies":"Gremlin Nob","floor":14,"turns":4},{"damage":70,"enemies":"Hexaghost","floor":16,"turns":18}],"seed_played":"-6861415295166588019","potions_obtained":[{"floor":1,"key":"FocusPotion"},{"floor":4,"key":"FocusPotion"},{"floor":7,"key":"Weak Potion"},{"floor":12,"key":"Strength Potion"},{"floor":13,"key":"Explosive Potion"}],"is_trial":false,"path_per_floor":["M","M","M","M","?","R","E","M","T","?","R","E","M","E","R","B"],"character_chosen":"DEFECT","items_purchased":[],"campfire_rested":1,"item_purchase_floors":[],"current_hp_per_floor":[67,66,68,44,49,49,24,28,28,19,58,61,73,69,69,0],"gold":236,"neow_bonus":"ONE_RARE_RELIC","is_prod":false,"is_daily":false,"chose_seed":false,"campfire_upgraded":2,"win_rate":0,"timestamp":1547548211,"path_taken":["M","M","M","M","?","R","E","M","T","?","R","E","M","E","R","BOSS"],"build_version":"2019-01-10","purchased_purges":0,"victory":false,"max_hp_per_floor":[75,75,75,75,80,80,80,80,80,80,80,80,80,80,80,80],"card_choices":[{"not_picked":["White Noise","Skim"],"picked":"Self Repair","floor":1},{"not_picked":["Barrage","Gash"],"picked":"Genetic Algorithm","floor":2},{"not_picked":["Cold Snap","Barrage"],"picked":"Self Repair","floor":3},{"not_picked":["Recycle","Blizzard"],"picked":"Conserve Battery","floor":4},{"not_picked":["Steam Power","Sweeping Beam","Undo"],"picked":"SKIP","floor":7},{"not_picked":["Compile Driver","Sweeping Beam"],"picked":"Glacier","floor":8},{"not_picked":["Ball Lightning","Turbo"],"picked":"Chill","floor":10},{"not_picked":["Leap","Go for the Eyes","Darkness"],"picked":"SKIP","floor":12},{"not_picked":["Seek","Doom and Gloom"],"picked":"BootSequence","floor":13},{"not_picked":["Gash","Rip and Tear","Chaos"],"picked":"SKIP","floor":14}],"player_experience":683854,"relics_obtained":[{"floor":7,"key":"Frozen Egg 2"},{"floor":9,"key":"Regal Pillow"},{"floor":10,"key":"Odd Mushroom"},{"floor":12,"key":"Ancient Tea Set"},{"floor":14,"key":"Juzu Bracelet"}],"event_choices":[{"damage_healed":0,"gold_gain":0,"player_choice":"Donut","damage_taken":0,"max_hp_gain":5,"max_hp_loss":0,"event_name":"Big Fish","floor":5,"gold_loss":0},{"damage_healed":0,"gold_gain":0,"player_choice":"Fought Mushrooms","damage_taken":0,"max_hp_gain":0,"max_hp_loss":0,"event_name":"Mushrooms","floor":10,"gold_loss":0}],"is_beta":false,"boss_relics":[],"items_purged_floors":[],"is_endless":false,"potions_floor_spawned":[1,4,7,12,13],"killed_by":"Hexaghost","ascension_level":9}