{"gold_per_floor":[113,113,63,75,89,89,89,89,89,106,106,57,85,99,99,197,197,212,15,34,34,53,53,53,53,53,53,53,71,171,201,201,306,306,326,326,340,71,71,71,88,88,138,138,184,204,204,220,220,220,220,220,8,35,35],"floor_reached":56,"playtime":2206,"items_purged":["Strike_R"],"score":1188,"play_id":"bbb848d5-fff4-46c2-bee3-5e7b133b1fc6","local_time":"20190306144325","is_ascension_mode":false,"campfire_choices":[{"data":"Sword Boomerang","floor":6,"key":"SMITH"},{"floor":8,"key":"REST"},{"data":"Demon Form","floor":11,"key":"SMITH"},{"floor":15,"key":"REST"},{"floor":23,"key":"RECALL"},{"data":"Feed","floor":25,"key":"SMITH"},{"data":"Armaments","floor":27,"key":"SMITH"},{"floor":32,"key":"REST"},{"data":"Barricade","floor":40,"key":"PURGE"},{"data":"Wild Strike","floor":44,"key":"PURGE"},{"floor":47,"key":"REST"},{"floor":49,"key":"REST"},{"data":"Pain","floor":52,"key":"PURGE"}],"neow_cost":"PERCENT_DAMAGE","seed_source_timestamp":3978999168128,"circlet_count":0,"master_deck":["Strike_R","Strike_R","Defend_R","Defend_R","Defend_R","Defend_R","Bash","Sword Boomerang+1","Anger","Demon Form+1","Feed+1","Shrug It Off","Immolate","Clash+1","Inflame","Armaments+1","Pummel+1","Uppercut","Exhume+1","Exhume+1","Body Slam+1","PanicButton+1","Spot Weakness+1","Forethought+1","Seeing Red+1","Pommel Strike+1","Seeing Red+1","Inflame","Battle Trance+1"],"relics":["Burning Blood","Torii","Thread and Needle","Sozu","Nunchaku","Peace Pipe","Bottled Flame","Toxic Egg 2","Fusion Hammer","WarpedTongs","Incense Burner","Strawberry","Charon\u0027s Ashes","Pen Nib","Ginger"],"potions_floor_usage":[13,16,18],"damage_taken":[{"damage":0,"enemies":"2 Louse","floor":1,"turns":3},{"damage":2,"enemies":"Jaw Worm","floor":4,"turns":3},{"damage":1,"enemies":"Cultist","floor":5,"turns":4},{"damage":27,"enemies":"Exordium Thugs","floor":10,"turns":5},{"damage":13,"enemies":"Lagavulin","floor":13,"turns":4},{"damage":1,"enemies":"Looter","floor":14,"turns":3},{"damage":7,"enemies":"Slime Boss","floor":16,"turns":6},{"damage":11,"enemies":"Shell Parasite","floor":18,"turns":4},{"damage":1,"enemies":"Chosen","floor":20,"turns":4},{"damage":7,"enemies":"Centurion and Healer","floor":22,"turns":5},{"damage":1,"enemies":"Snecko","floor":29,"turns":4},{"damage":12,"enemies":"Colosseum Slavers","floor":30,"turns":3},{"damage":1,"enemies":"Colosseum Nobs","floor":30,"turns":4},{"damage":27,"enemies":"Book of Stabbing","floor":31,"turns":5},{"damage":80,"enemies":"Collector","floor":33,"turns":9},{"damage":16,"enemies":"Orb Walker","floor":35,"turns":4},{"damage":0,"enemies":"3 Shapes","floor":37,"turns":1},{"damage":0,"enemies":"Spire Growth","floor":41,"turns":3},{"damage":40,"enemies":"2 Orb Walkers","floor":45,"turns":6},{"damage":21,"enemies":"3 Darklings","floor":46,"turns":3},{"damage":27,"enemies":"Maw","floor":48,"turns":6},{"damage":82,"enemies":"Donu and Deca","floor":50,"turns":8},{"damage":22,"enemies":"Shield and Spear","floor":54,"turns":5},{"damage":54,"enemies":"The Heart","floor":55,"turns":9}],"seed_played":"4134246680108276202","potions_obtained":[{"floor":5,"key":"SteroidPotion"},{"floor":10,"key":"GamblersBrew"},{"floor":13,"key":"SkillPotion"}],"is_trial":false,"path_per_floor":["M","$","?","M","M","R","?","R","T","M","R","?","E","M","R","B",null,"M","$","M","$","M","R","$","R","T","R","?","M","?","E","R","B",null,"M","?","M","$","?","R","M","T","T","R","?","M","R","M","R","B",null,"R","$","E","B",null],"character_chosen":"IRONCLAD","items_purchased":["Inflame","Armaments","Forethought+1","Barricade","Seeing Red+1","Pen Nib","Inflame"],"campfire_rested":5,"item_purchase_floors":[19,19,38,38,38,53,53],"current_hp_per_floor":[62,62,62,66,71,71,64,80,80,59,59,59,52,60,83,82,83,78,78,83,83,85,85,85,85,85,85,77,82,81,60,85,11,86,76,76,82,82,82,82,86,86,93,93,63,48,77,56,85,9,97,97,97,85,37],"gold":35,"neow_bonus":"ONE_RARE_RELIC","is_prod":false,"is_daily":false,"chose_seed":false,"campfire_upgraded":4,"win_rate":0,"timestamp":1551905005,"path_taken":["M","$","?","M","M","R","?","R","T","M","R","?","E","?","R","BOSS","M","?","M","$","M","R","?","R","T","R","?","?","?","E","R","BOSS","M","?","M","$","?","R","?","?","T","R","?","M","R","M","R","BOSS","R","$","E","BOSS"],"build_version":"2019-01-23","purchased_purges":1,"victory":true,"max_hp_per_floor":[80,80,80,80,80,80,80,80,80,80,80,80,80,83,83,83,83,83,83,83,83,86,86,86,86,86,86,86,86,86,86,86,86,86,86,86,86,86,86,86,86,86,93,93,97,97,97,97,97,97,97,97,97,101,101],"card_choices":[{"not_picked":["Reckless Charge","Wild Strike"],"picked":"Sword Boomerang","floor":1},{"not_picked":["Flame Barrier","Thunderclap"],"picked":"Anger","floor":4},{"not_picked":["Warcry","Body Slam"],"picked":"Wild Strike","floor":5},{"not_picked":["Dual Wield","Carnage"],"picked":"Demon Form","floor":10},{"not_picked":["Sever Soul","Thunderclap"],"picked":"Feed","floor":13},{"not_picked":["Feel No Pain","Iron Wave"],"picked":"Shrug It Off","floor":14},{"not_picked":["Juggernaut","Bludgeon"],"picked":"Immolate","floor":16},{"not_picked":["Battle Trance","True Grit"],"picked":"Clash+1","floor":18},{"not_picked":["Clash","Anger+1","Thunderclap"],"picked":"SKIP","floor":20},{"not_picked":["Thunderclap","Perfected Strike"],"picked":"Pummel+1","floor":22},{"not_picked":["Clothesline","Pommel Strike"],"picked":"Uppercut","floor":29},{"not_picked":["Iron Wave","Warcry+1"],"picked":"Exhume","floor":31},{"not_picked":["Bludgeon","Brutality"],"picked":"Exhume+1","floor":33},{"not_picked":["Warcry+1","Pommel Strike+1"],"picked":"Body Slam+1","floor":35},{"not_picked":["Good Instincts+1","Sadistic Nature"],"picked":"PanicButton+1","floor":36},{"not_picked":["Hemokinesis","Iron Wave"],"picked":"Spot Weakness+1","floor":37},{"not_picked":["Bloodletting+1","Armaments+1"],"picked":"Pommel Strike+1","floor":41},{"not_picked":["Second Wind+1","Rupture+1"],"picked":"Seeing Red+1","floor":46},{"not_picked":["Shockwave+1","Clothesline+1","Pummel"],"picked":"SKIP","floor":48},{"not_picked":["Flame Barrier+1","Infernal Blade+1"],"picked":"Battle Trance+1","floor":54}],"player_experience":573903,"relics_obtained":[{"floor":13,"key":"Thread and Needle"},{"floor":26,"key":"Nunchaku"},{"floor":30,"key":"Peace Pipe"},{"floor":30,"key":"Bottled Flame"},{"floor":31,"key":"Toxic Egg 2"},{"floor":42,"key":"Incense Burner"},{"floor":43,"key":"Strawberry"},{"floor":45,"key":"Charon\u0027s Ashes"},{"floor":54,"key":"Ginger"}],"event_choices":[{"cards_removed":["Strike_R"],"damage_healed":0,"gold_gain":0,"player_choice":"Card Removal","damage_taken":0,"max_hp_gain":0,"max_hp_loss":0,"event_name":"The Cleric","floor":3,"gold_loss":50},{"cards_removed":["Strike_R"],"damage_healed":0,"gold_gain":0,"player_choice":"Card Removal","damage_taken":7,"max_hp_gain":0,"max_hp_loss":0,"event_name":"Golden Wing","floor":7,"gold_loss":0},{"damage_healed":0,"gold_gain":0,"player_choice":"Left Gold","damage_taken":0,"max_hp_gain":0,"max_hp_loss":0,"event_name":"World of Goop","floor":12,"gold_loss":49},{"damage_healed":0,"gold_gain":0,"player_choice":"Damaged","damage_taken":8,"max_hp_gain":0,"max_hp_loss":0,"event_name":"Wheel of Change","floor":28,"gold_loss":0},{"damage_healed":0,"gold_gain":0,"player_choice":"Fight","damage_taken":0,"max_hp_gain":0,"max_hp_loss":0,"event_name":"Colosseum","floor":30,"gold_loss":0},{"damage_healed":0,"gold_gain":0,"player_choice":"Fought Nobs","damage_taken":0,"max_hp_gain":0,"max_hp_loss":0,"event_name":"Colosseum","floor":30,"gold_loss":0},{"damage_healed":0,"gold_gain":0,"player_choice":"Memory 1","damage_taken":0,"max_hp_gain":0,"max_hp_loss":0,"event_name":"SensoryStone","floor":36,"gold_loss":0},{"damage_healed":0,"gold_gain":0,"player_choice":"Rummage","damage_taken":0,"relics_obtained":["WarpedTongs"],"max_hp_gain":0,"max_hp_loss":0,"event_name":"Accursed Blacksmith","floor":39,"gold_loss":0,"cards_obtained":["Pain"]},{"damage_healed":0,"gold_gain":0,"player_choice":"Fight","damage_taken":0,"max_hp_gain":0,"max_hp_loss":0,"event_name":"Mysterious Sphere","floor":45,"gold_loss":0}],"is_beta":false,"boss_relics":[{"not_picked":["Black Star","Runic Dome"],"picked":"Sozu"},{"not_picked":["Coffee Dripper","Tiny House"],"picked":"Fusion Hammer"}],"items_purged_floors":[19],"is_endless":false,"potions_floor_spawned":[5,10,13,20,22,30,31,35,48,54],"ascension_level":0}