{"gold_per_floor":[109,122,81,94,114,114,142,152,177,206,306,24,39,39],"floor_reached":14,"playtime":485,"items_purged":[],"score":138,"play_id":"ebe05c12-f472-4840-a509-801eedfe2463","local_time":"20190111025209","is_ascension_mode":true,"campfire_choices":[{"data":"Dualcast","floor":6,"key":"SMITH"}],"neow_cost":"NONE","seed_source_timestamp":165920489434701,"circlet_count":0,"master_deck":["Strike_B","Strike_B","Strike_B","Strike_B","Defend_B","Defend_B","Defend_B","Defend_B","Zap","Dualcast+1","Barrage","Steam","Coolheaded","White Noise","Cold Snap","Capacitor","Conserve Battery","Loop"],"relics":["Cracked Core","Prayer Wheel","Blood Vial","Anchor","Potion Belt"],"potions_floor_usage":[7,10,14],"damage_taken":[{"damage":4,"enemies":"Small Slimes","floor":1,"turns":4},{"damage":1,"enemies":"Cultist","floor":2,"turns":3},{"damage":0,"enemies":"2 Louse","floor":4,"turns":1},{"damage":3,"enemies":"Red Slaver","floor":5,"turns":3},{"damage":4,"enemies":"3 Sentries","floor":7,"turns":9},{"damage":3,"enemies":"Blue Slaver","floor":8,"turns":4},{"damage":61,"enemies":"Gremlin Nob","floor":10,"turns":5},{"damage":1,"enemies":"3 Louse","floor":13,"turns":5},{"damage":5,"enemies":"Lots of Slimes","floor":14,"turns":1}],"seed_played":"-4218154764338248553","potions_obtained":[{"floor":5,"key":"EssenceOfSteel"},{"floor":8,"key":"Swift Potion"},{"floor":10,"key":"Strength Potion"}],"is_trial":false,"path_per_floor":["M","M","?","M","M","R","E","M","T","E","?","$","M","M"],"character_chosen":"DEFECT","items_purchased":["Capacitor","Potion Belt","Conserve Battery"],"campfire_rested":0,"item_purchase_floors":[12,12,12],"current_hp_per_floor":[71,70,70,70,67,67,63,60,60,1,1,1,2,0],"gold":39,"neow_bonus":"TEN_PERCENT_HP_BONUS","is_prod":false,"is_daily":false,"chose_seed":false,"campfire_upgraded":1,"win_rate":0,"timestamp":1547171529,"path_taken":["M","M","?","M","M","R","E","M","T","E","?","$","M","?"],"build_version":"2019-01-03v4","purchased_purges":0,"victory":false,"max_hp_per_floor":[82,82,82,82,82,82,82,82,82,82,82,82,82,82],"card_choices":[{"not_picked":["Beam Cell","Rebound"],"picked":"Barrage","floor":1},{"not_picked":["Chaos","Aggregate"],"picked":"Steam","floor":2},{"not_picked":["Turbo","Doom and Gloom","Biased Cognition"],"picked":"SKIP","floor":4},{"not_picked":["Scrape","Static Discharge"],"picked":"Coolheaded","floor":5},{"not_picked":["BootSequence","Darkness"],"picked":"White Noise","floor":7},{"not_picked":["Double Energy","Reprogram"],"picked":"Cold Snap","floor":8},{"not_picked":["Steam","Turbo","Rip and Tear"],"picked":"SKIP","floor":8},{"not_picked":["Beam Cell","Reprogram","Coolheaded"],"picked":"SKIP","floor":10},{"not_picked":["Electrodynamics","Reprogram"],"picked":"Loop","floor":13},{"not_picked":["Streamline","Compile Driver","Stack"],"picked":"SKIP","floor":13}],"player_experience":661762,"relics_obtained":[{"floor":7,"key":"Prayer Wheel"},{"floor":9,"key":"Blood Vial"},{"floor":10,"key":"Anchor"}],"event_choices":[{"damage_healed":0,"gold_gain":0,"player_choice":"Left Gold","damage_taken":0,"max_hp_gain":0,"max_hp_loss":0,"event_name":"World of Goop","floor":3,"gold_loss":41},{"damage_healed":0,"gold_gain":100,"player_choice":"Pray","damage_taken":0,"max_hp_gain":0,"max_hp_loss":0,"event_name":"Golden Shrine","floor":11,"gold_loss":0}],"is_beta":false,"boss_relics":[],"items_purged_floors":[],"is_endless":false,"potions_floor_spawned":[5,8,10],"killed_by":"Lots of Slimes","ascension_level":7}