{"path_per_floor":["M","M","M","M","$","R","M","R","T","M","?","M","R","M","R","B",null,"M","?","M","?","$","R","E","R","T","R","?","E","R","M","R"],"character_chosen":"IRONCLAD","items_purchased":["Rampage","Apotheosis","Bloodletting"],"gold_per_floor":[112,124,142,162,128,128,146,146,146,161,161,172,172,190,190,288,288,302,302,316,316,58,58,88,88,168,168,168,202,202,217,217],"floor_reached":33,"campfire_rested":1,"playtime":3503,"current_hp_per_floor":[71,72,77,80,80,80,79,79,79,75,68,74,74,76,76,45,80,74,56,56,56,56,56,47,47,47,47,47,41,41,24,40],"items_purged":[],"gold":217,"play_id":"71ef568c-fadc-4f66-baf1-6099a7346cda","is_prod":false,"is_daily":false,"is_ascension_mode":false,"campfire_upgraded":8,"path_taken":["M","?","M","M","?","R","?","R","T","?","?","M","R","M","R","BOSS","M","?","M","?","$","R","E","R","T","R","?","E","R","M","R","BOSS"],"build_version":"2018-01-25-PROD3","purchased_purges":0,"victory":false,"master_deck":["Defend_R+1","Defend_R+1","Bash+1","Flex","Dropkick","Iron Wave","Inflame","Flex","Rampage+1","Armaments+1","Clothesline+1","Hemokinesis+1","Immolate","Reaper","Infernal Blade+1","Bite_R+1","Bite_R","Bite_R","Bite_R","Bite_R","Apotheosis+1","Bloodletting+1","Heavy Blade+1","Power Through+1"],"max_hp_per_floor":[80,80,80,80,80,80,80,80,80,80,80,80,80,80,80,80,80,80,56,56,56,56,56,56,56,56,56,56,56,56,56,56],"relics":["Burning Blood","War Paint","Mark of Pain","Darkstone Periapt","Bottled Tornado","Bronze Scales"],"card_choices":[{"not_picked":["Body Slam","Cleave"],"picked":"Dropkick"},{"not_picked":["Sword Boomerang","Intimidate"],"picked":"Iron Wave"},{"not_picked":["Clothesline","Cleave"],"picked":"Inflame"},{"not_picked":["Spot Weakness","Metallicize"],"picked":"Flex"},{"not_picked":["Iron Wave","Thunderclap"],"picked":"Armaments"},{"not_picked":["True Grit","Clash"],"picked":"Clothesline"},{"not_picked":["Iron Wave","Battle Trance"],"picked":"Hemokinesis"},{"not_picked":["Combust","Clothesline"],"picked":"Immolate"},{"not_picked":["Double Tap","Juggernaut"],"picked":"Reaper"},{"not_picked":["Whirlwind","Iron Wave"],"picked":"Infernal Blade"},{"not_picked":["Headbutt","True Grit"],"picked":"Heavy Blade"},{"not_picked":["Burning Pact","Pommel Strike"],"picked":"Power Through"}],"player_experience":114303,"potions_floor_usage":[16,16,24,29,29,33],"damage_taken":[{"damage":15,"enemies":"Blue Slaver","floor":1,"turns":6},{"damage":5,"enemies":"Small Slimes","floor":2,"turns":4},{"damage":1,"enemies":"2 Louse","floor":3,"turns":2},{"damage":0,"enemies":"Exordium Wildlife","floor":4,"turns":3},{"damage":7,"enemies":"Looter","floor":7,"turns":4},{"damage":10,"enemies":"Lots of Slimes","floor":10,"turns":6},{"damage":0,"enemies":"Large Slime","floor":12,"turns":5},{"damage":4,"enemies":"Looter","floor":14,"turns":3},{"damage":37,"enemies":"The Guardian","floor":16,"turns":9},{"damage":12,"enemies":"Chosen","floor":18,"turns":5},{"damage":6,"enemies":"2 Thieves","floor":20,"turns":4},{"damage":37,"enemies":"Slavers","floor":24,"turns":4},{"damage":37,"enemies":"Book of Stabbing","floor":29,"turns":4},{"damage":37,"enemies":"Slaver and Parasite","floor":31,"turns":6},{"damage":68,"enemies":"Automaton","floor":33,"turns":8}],"event_choices":[{"event_name":"Golden Wing","player_choice":"Card Removal","floor":11,"damage_taken":0},{"event_name":"Vampires","player_choice":"Became a vampire","floor":19,"damage_taken":0},{"event_name":"Back to Basics","player_choice":"Elegance","floor":21,"damage_taken":0},{"event_name":"Cursed Tome","player_choice":"Ignored","floor":28,"damage_taken":0}],"boss_relics":[{"not_picked":["Black Star","Orrery"],"picked":"Mark of Pain"}],"potions_floor_spawned":[1,7,10,14,20,24,31],"seed_played":"-7439930665355875761","killed_by":"Automaton","ascension_level":0,"is_trial":false}