{"gold_per_floor":[113,63,63,79,89,89,89,89,89,118,118,130,130,141,141,241,241,254,154,154,174,174,174,191,191,191,203,223,240,240,271,271,376,376,387,405,430,26,26,26,26,26,102,102,113,113,41,57,57,57],"floor_reached":50,"playtime":3617,"items_purged":["Strike_B","Defend_B"],"score":462,"play_id":"278780f7-4525-47e3-b795-85b3e1e10ff7","local_time":"20181224235945","is_ascension_mode":false,"campfire_choices":[{"data":"Sunder","floor":6,"key":"SMITH"},{"data":"All For One","floor":8,"key":"SMITH"},{"data":"Zap","floor":13,"key":"SMITH"},{"data":"Dualcast","floor":15,"key":"SMITH"},{"data":"Redo","floor":23,"key":"SMITH"},{"data":"Hologram","floor":25,"key":"SMITH"},{"data":"Redo","floor":30,"key":"SMITH"},{"floor":32,"key":"REST"},{"data":"White Noise","floor":40,"key":"SMITH"},{"data":"Seek","floor":42,"key":"SMITH"},{"data":"Beam Cell","floor":44,"key":"SMITH"},{"data":"Cold Snap","floor":46,"key":"SMITH"},{"data":"Sunder","floor":49,"key":"SMITH"}],"neow_cost":"NONE","seed_source_timestamp":273927727058462,"circlet_count":0,"master_deck":["Defend_B","Defend_B","Defend_B","Zap+1","Dualcast+1","Hologram+1","All For One+1","FTL","Cold Snap+1","Rebound","BootSequence","Redo+1","Echo Form","Beam Cell+1","Redo+1","Turbo+1","Redo+1","Scrape","Seek+1","White Noise+1","Sunder+1"],"relics":["FrozenCore","Mercury Hourglass","Dead Branch","Letter Opener","Vajra","Philosopher\u0027s Stone","Happy Flower","Calipers","Darkstone Periapt"],"potions_floor_usage":[18,20,24,31,31,31,35,48,50],"damage_taken":[{"damage":0,"enemies":"Small Slimes","floor":1,"turns":3},{"damage":1,"enemies":"2 Louse","floor":4,"turns":2},{"damage":1,"enemies":"Cultist","floor":5,"turns":3},{"damage":6,"enemies":"3 Sentries","floor":10,"turns":4},{"damage":9,"enemies":"2 Fungi Beasts","floor":12,"turns":2},{"damage":0,"enemies":"Blue Slaver","floor":14,"turns":2},{"damage":49,"enemies":"Hexaghost","floor":16,"turns":8},{"damage":20,"enemies":"2 Thieves","floor":18,"turns":4},{"damage":0,"enemies":"Shell Parasite","floor":20,"turns":4},{"damage":6,"enemies":"Centurion and Healer","floor":21,"turns":5},{"damage":8,"enemies":"3 Cultists","floor":24,"turns":4},{"damage":7,"enemies":"Shelled Parasite and Fungi","floor":27,"turns":5},{"damage":3,"enemies":"Chosen and Byrds","floor":28,"turns":4},{"damage":18,"enemies":"Cultist and Chosen","floor":29,"turns":5},{"damage":11,"enemies":"Gremlin Leader","floor":31,"turns":5},{"damage":24,"enemies":"Collector","floor":33,"turns":9},{"damage":12,"enemies":"3 Darklings","floor":35,"turns":2},{"damage":0,"enemies":"Orb Walker","floor":36,"turns":2},{"damage":0,"enemies":"Spire Growth","floor":45,"turns":4},{"damage":14,"enemies":"Transient","floor":48,"turns":5},{"damage":62,"enemies":"Time Eater","floor":50,"turns":5}],"seed_played":"9013679212214522698","potions_obtained":[{"floor":4,"key":"SpeedPotion"},{"floor":12,"key":"Explosive Potion"},{"floor":16,"key":"SmokeBomb"},{"floor":18,"key":"Fire Potion"},{"floor":28,"key":"Fire Potion"},{"floor":29,"key":"Swift Potion"},{"floor":33,"key":"PowerPotion"},{"floor":36,"key":"Swift Potion"},{"floor":45,"key":"Dexterity Potion"}],"is_trial":false,"path_per_floor":["M","?","?","M","M","R","?","R","T","E","?","M","R","M","R","B",null,"M","$","M","M","?","R","M","R","T","M","M","M","R","E","R","B",null,"M","M","T","$","?","R","$","R","T","R","M","R","$","M","R","B"],"character_chosen":"DEFECT","items_purchased":["Beam Cell","Calipers","Sunder"],"campfire_rested":1,"item_purchase_floors":[19,38,47],"current_hp_per_floor":[75,75,75,74,73,73,78,78,78,72,72,63,63,63,63,14,80,60,60,60,54,80,80,72,72,72,65,62,44,44,33,57,33,80,68,68,68,68,68,68,68,68,68,68,68,68,68,54,54,0],"gold":57,"neow_bonus":"RANDOM_COLORLESS","is_prod":false,"is_daily":false,"chose_seed":false,"campfire_upgraded":12,"win_rate":0.0,"timestamp":1545724785,"path_taken":["M","?","?","M","?","R","?","R","T","E","?","M","R","M","R","BOSS","M","$","M","M","?","R","M","R","T","M","M","?","R","E","R","BOSS","M","M","?","$","?","R","$","R","T","R","M","R","?","M","R","BOSS"],"build_version":"2018-12-20","purchased_purges":2,"victory":false,"max_hp_per_floor":[75,75,75,75,75,75,80,80,80,80,80,80,80,80,80,80,80,80,80,80,80,80,80,80,80,80,80,80,80,80,80,80,80,80,80,80,80,80,80,80,80,80,80,80,80,80,80,80,80,80],"card_choices":[{"not_picked":["Tempest","Barrage"],"picked":"Hologram","floor":1},{"not_picked":["Self Repair","Turbo"],"picked":"FTL","floor":4},{"not_picked":["Coolheaded","Redo"],"picked":"Sunder","floor":5},{"not_picked":["Rebound","Sunder"],"picked":"Cold Snap","floor":10},{"not_picked":["Chaos","Loop"],"picked":"BootSequence","floor":12},{"not_picked":["Go for the Eyes","Genetic Algorithm"],"picked":"Redo","floor":14},{"not_picked":["Seek","Reboot"],"picked":"Echo Form","floor":16},{"not_picked":["Stack","Ball Lightning+1","Sweeping Beam+1"],"picked":"SKIP","floor":18},{"not_picked":["Gash","Steam Power+1","Rebound"],"picked":"SKIP","floor":21},{"not_picked":["Skim","Gash"],"picked":"Redo+1","floor":24},{"not_picked":["Ball Lightning","BootSequence"],"picked":"Turbo+1","floor":27},{"not_picked":["Leap+1","Reinforced Body"],"picked":"Redo","floor":28},{"not_picked":["Conserve Battery+1","Rebound"],"picked":"Scrape","floor":29},{"not_picked":["Lockon","Streamline","Redo"],"picked":"SKIP","floor":31},{"not_picked":["Thunder Strike","Multi-Cast"],"picked":"Seek","floor":33},{"not_picked":["Hologram","Double Energy"],"picked":"White Noise","floor":35},{"not_picked":["Rebound","Fusion+1","Compile Driver"],"picked":"SKIP","floor":36},{"not_picked":["Turbo+1","Steam Power+1","Rebound"],"picked":"SKIP","floor":45},{"not_picked":["Barrage","Ball Lightning+1","Static Discharge+1"],"picked":"SKIP","floor":48}],"player_experience":238454,"relics_obtained":[{"floor":9,"key":"Mercury Hourglass"},{"floor":10,"key":"Dead Branch"},{"floor":26,"key":"Letter Opener"},{"floor":31,"key":"Vajra"},{"floor":37,"key":"Happy Flower"},{"floor":43,"key":"Darkstone Periapt"}],"event_choices":[{"cards_removed":["Strike_B"],"damage_healed":0,"gold_gain":0,"player_choice":"Card Removal","damage_taken":0,"max_hp_gain":0,"max_hp_loss":0,"event_name":"The Cleric","floor":2,"gold_loss":50},{"damage_healed":0,"gold_gain":0,"cards_transformed":["Strike_B"],"player_choice":"Transformed","damage_taken":0,"max_hp_gain":0,"max_hp_loss":0,"event_name":"Transmorgrifier","floor":3,"gold_loss":0,"cards_obtained":["All For One"]},{"damage_healed":0,"gold_gain":0,"player_choice":"Donut","damage_taken":0,"max_hp_gain":5,"max_hp_loss":0,"event_name":"Big Fish","floor":7,"gold_loss":0},{"cards_removed":["Strike_B"],"damage_healed":0,"gold_gain":0,"player_choice":"Took Card","damage_taken":0,"max_hp_gain":0,"max_hp_loss":0,"event_name":"NoteForYourself","floor":11,"gold_loss":0,"cards_obtained":["Rebound"]},{"cards_removed":["Deep Breath"],"damage_healed":26,"gold_gain":0,"player_choice":"Offered Uncommon","damage_taken":0,"max_hp_gain":0,"max_hp_loss":0,"event_name":"Bonfire Elementals","floor":22,"gold_loss":0},{"cards_removed":["Sunder"],"damage_healed":0,"gold_gain":0,"player_choice":"Removed Attack","damage_taken":0,"max_hp_gain":0,"max_hp_loss":0,"event_name":"Falling","floor":39,"gold_loss":0}],"is_beta":false,"boss_relics":[{"not_picked":["Busted Crown","Runic Pyramid"],"picked":"FrozenCore"},{"not_picked":["Fusion Hammer","Snecko Eye"],"picked":"Philosopher\u0027s Stone"}],"items_purged_floors":[19,38],"is_endless":false,"potions_floor_spawned":[4,12,16,18,28,29,33,36,45],"killed_by":"Time Eater","ascension_level":0}