{"gold_per_floor":[214,232,248,264,264,264,291,311,335,351,367,387,387,398,398,501,501,514,533,110,210,210,210,245,245,316,345,357,369,398,430,442,454],"floor_reached":33,"playtime":3857,"items_purged":[],"score":358,"play_id":"51bdbbf0-8878-492b-b1f8-835cd33e452c","local_time":"20190306223656","is_ascension_mode":true,"campfire_choices":[{"data":"Go for the Eyes","floor":6.0,"key":"SMITH"},{"floor":13.0,"key":"REST"},{"floor":15.0,"key":"REST"},{"floor":23,"key":"REST"},{"floor":25,"key":"REST"},{"floor":28,"key":"REST"},{"data":"Seek","floor":32,"key":"SMITH"}],"neow_cost":"NONE","seed_source_timestamp":0,"circlet_count":0,"master_deck":["Strike_B","Strike_B","Strike_B","Strike_B","Defend_B","Defend_B","Defend_B","Defend_B","Zap","FTL","Loop","Coolheaded","Go for the Eyes+1","Multi-Cast","Cold Snap","Gash","Coolheaded","Reboot","Steam","All For One","Scrape","Turbo","Cold Snap","Steam Power","FTL+1","White Noise","Gash","Blizzard+1","BootSequence","Seek+1","Gash"],"special_seed":0,"relics":["Cracked Core","Girya","Art of War","Orrery","Runic Capacitor","PreservedInsect","Thread and Needle","Meat on the Bone","Smiling Mask","Sundial","MawBank"],"potions_floor_usage":[21,31],"damage_taken":[{"damage":6.0,"enemies":"Jaw Worm","floor":1.0,"turns":4.0},{"damage":1.0,"enemies":"Cultist","floor":2.0,"turns":3.0},{"damage":0.0,"enemies":"2 Louse","floor":3.0,"turns":3.0},{"damage":0.0,"enemies":"Blue Slaver","floor":4.0,"turns":4.0},{"damage":14.0,"enemies":"Gremlin Nob","floor":7.0,"turns":3.0},{"damage":19.0,"enemies":"Gremlin Gang","floor":8.0,"turns":5.0},{"damage":9.0,"enemies":"Lots of Slimes","floor":10.0,"turns":4.0},{"damage":0.0,"enemies":"Blue Slaver","floor":11.0,"turns":4.0},{"damage":4.0,"enemies":"3 Louse","floor":12.0,"turns":4.0},{"damage":18.0,"enemies":"Lots of Slimes","floor":14.0,"turns":5.0},{"damage":0.0,"enemies":"Slime Boss","floor":16.0,"turns":9.0},{"damage":4.0,"enemies":"Shell Parasite","floor":18.0,"turns":6.0},{"damage":20.0,"enemies":"Chosen","floor":19.0,"turns":5.0},{"damage":17,"enemies":"Colosseum Slavers","floor":21,"turns":5},{"damage":11,"enemies":"Colosseum Nobs","floor":21,"turns":4},{"damage":32,"enemies":"Gremlin Leader","floor":24,"turns":7},{"damage":30,"enemies":"Slavers","floor":27,"turns":5},{"damage":0,"enemies":"Snake Plant","floor":30,"turns":7},{"damage":2,"enemies":"3 Cultists","floor":31,"turns":5},{"damage":63,"enemies":"Champ","floor":33,"turns":12}],"seed_played":"-5547265748143514972","potions_obtained":[{"floor":1.0,"key":"Fire Potion"},{"floor":2.0,"key":"GamblersBrew"},{"floor":10.0,"key":"PowerPotion"},{"floor":14.0,"key":"Fire Potion"},{"floor":18.0,"key":"SmokeBomb"},{"floor":19,"key":"EssenceOfSteel"},{"floor":30,"key":"SkillPotion"}],"is_trial":false,"path_per_floor":["M","M","M","M","?","R","E","M","T","M","M","M","R","M","R","B",null,"M","M","$","?","?","R","E","R","T","E","R","?","M","M","R","B"],"character_chosen":"DEFECT","items_purchased":["White Noise","Runic Capacitor","PreservedInsect"],"campfire_rested":5,"item_purchase_floors":[20,20,20],"current_hp_per_floor":[69,68,68,68,68,68,54,35,35,26,26,22,44,26,48,48,75,71,51,51,23,48,70,38,60,60,42,64,64,64,62,62,0],"gold":454,"neow_bonus":"HUNDRED_GOLD","is_prod":false,"is_daily":false,"chose_seed":false,"campfire_upgraded":2,"win_rate":0,"timestamp":1551929816,"path_taken":["M","M","M","M","?","R","E","?","T","M","M","M","R","M","R","BOSS","M","M","$","?","?","R","E","R","T","E","R","?","?","?","R","BOSS"],"build_version":"2019-01-23","purchased_purges":0,"victory":false,"max_hp_per_floor":[75,75,75,75,75,75,75,75,75,75,75,75,75,75,75,75,75,75,75,75,75,75,75,75,75,75,75,75,75,75,75,75,75],"card_choices":[{"not_picked":["Melter","Hologram"],"picked":"FTL","floor":1.0},{"not_picked":["Leap","Steam"],"picked":"Loop","floor":2.0},{"not_picked":["Static Discharge","Leap"],"picked":"Coolheaded","floor":3.0},{"not_picked":["Beam Cell","Sweeping Beam"],"picked":"Go for the Eyes","floor":4.0},{"not_picked":["Compile Driver","Hologram"],"picked":"Multi-Cast","floor":7.0},{"not_picked":["Turbo","Beam Cell"],"picked":"Cold Snap","floor":8.0},{"not_picked":["Hologram","Streamline"],"picked":"Gash","floor":10.0},{"not_picked":["Hologram","Turbo"],"picked":"Coolheaded","floor":11.0},{"not_picked":["Conserve Battery","Fusion"],"picked":"Reboot","floor":12.0},{"not_picked":["Rebound","Sweeping Beam"],"picked":"Steam","floor":14.0},{"not_picked":["Biased Cognition","Thunder Strike"],"picked":"All For One","floor":16.0},{"not_picked":["Steam","Hyperbeam"],"picked":"Scrape","floor":17.0},{"not_picked":["Ball Lightning","Hologram"],"picked":"Turbo","floor":17.0},{"not_picked":["Hologram","Rip and Tear"],"picked":"Cold Snap","floor":17.0},{"not_picked":["Sweeping Beam","Compile Driver"],"picked":"Steam Power","floor":17.0},{"not_picked":["Redo","Rebound+1","Hello World"],"picked":"SKIP","floor":18.0},{"not_picked":["Cold Snap","Hologram"],"picked":"FTL+1","floor":19},{"not_picked":["Melter","Recycle+1"],"picked":"Gash","floor":21},{"not_picked":["Turbo+1","Rebound"],"picked":"Blizzard+1","floor":24},{"not_picked":["Steam","Compile Driver"],"picked":"BootSequence","floor":27},{"not_picked":["Turbo","Skim"],"picked":"Seek","floor":30},{"not_picked":["Compile Driver","Scrape"],"picked":"Gash","floor":31}],"player_experience":86070,"relics_obtained":[{"floor":7.0,"key":"Girya"},{"floor":9.0,"key":"Art of War"},{"floor":21,"key":"Thread and Needle"},{"floor":21,"key":"Meat on the Bone"},{"floor":24,"key":"Smiling Mask"},{"floor":26,"key":"Sundial"},{"floor":27,"key":"MawBank"}],"event_choices":[{"cards_removed":["Dualcast"],"damage_healed":0.0,"max_hp_gain":0.0,"max_hp_loss":0.0,"gold_gain":0.0,"event_name":"Bonfire Elementals","player_choice":"Offered Basic","floor":5.0,"gold_loss":0.0,"damage_taken":0.0},{"damage_healed":0,"gold_gain":0,"player_choice":"Fight","damage_taken":0,"max_hp_gain":0,"max_hp_loss":0,"event_name":"Colosseum","floor":21,"gold_loss":0},{"damage_healed":0,"gold_gain":0,"player_choice":"Fought Nobs","damage_taken":0,"max_hp_gain":0,"max_hp_loss":0,"event_name":"Colosseum","floor":21,"gold_loss":0},{"damage_healed":25,"gold_gain":0,"player_choice":"Heal","damage_taken":0,"max_hp_gain":0,"max_hp_loss":0,"event_name":"The Library","floor":22,"gold_loss":0},{"damage_healed":0,"gold_gain":0,"player_choice":"Ignored","damage_taken":0,"max_hp_gain":0,"max_hp_loss":0,"event_name":"Cursed Tome","floor":29,"gold_loss":0}],"is_beta":false,"boss_relics":[{"not_picked":["White Beast Statue","Eternal Feather"],"picked":"Orrery"}],"items_purged_floors":[],"is_endless":false,"potions_floor_spawned":[1,2,10,14,18,19,30],"killed_by":"Champ","ascension_level":1}