{"gold_per_floor":[114,131,111,128,128,159,159,186,216,216,250,268,268,287,287,361,361,371,296,27,27,38,38,67,67,112,127,155,169,179,197,197,274,274,286,297,314,314,314,314,330,343,370,32,32,46,59,77,77,77],"floor_reached":51,"playtime":3334,"items_purged":[],"score":1245,"play_id":"e7f114ca-f5c0-4383-aa03-a55b8e941f83","local_time":"20190214220830","is_ascension_mode":true,"campfire_choices":[{"data":"Footwork","floor":7,"key":"SMITH"},{"data":"Footwork","floor":10,"key":"SMITH"},{"data":"Neutralize","floor":15,"key":"SMITH"},{"data":"Burst","floor":23,"key":"SMITH"},{"data":"Bouncing Flask","floor":25,"key":"SMITH"},{"floor":32,"key":"REST"},{"floor":40,"key":"REST"},{"floor":45,"key":"REST"},{"floor":49,"key":"REST"}],"neow_cost":"NONE","seed_source_timestamp":45027824191200,"circlet_count":0,"master_deck":["AscendersBane","Defend_G","Defend_G","Strike_G","Strike_G","Strike_G","Survivor","Neutralize+1","Distraction","Footwork+1","Sucker Punch","Skewer+1","Footwork+1","Dodge and Roll","Dodge and Roll","Backflip","Burst+1","Slice+1","Malaise+1","Flechettes+1","Leg Sweep","Bouncing Flask+1","Glass Knife","Blur","Backstab","Deadly Poison","Dagger Spray","Backflip","Terror","Noxious Fumes","PiercingWail","After Image","Caltrops+1","Cloak And Dagger","Noxious Fumes","Terror","Deflect","Burst+1","Adrenaline","Backflip","Burst","Backflip","Catalyst+1"],"relics":["Ring of the Snake","PreservedInsect","Bottled Tornado","Tiny Chest","Centennial Puzzle","Art of War","Astrolabe","Bronze Scales","Strawberry","Regal Pillow","Fusion Hammer","Gremlin Horn","Anchor","DollysMirror"],"potions_floor_usage":[6,6,16,24,28,31,33,42],"damage_taken":[{"damage":1,"enemies":"Small Slimes","floor":1,"turns":4},{"damage":0,"enemies":"Cultist","floor":2,"turns":4},{"damage":0,"enemies":"Jaw Worm","floor":4,"turns":5},{"damage":8,"enemies":"Gremlin Nob","floor":6,"turns":3},{"damage":8,"enemies":"Lagavulin","floor":8,"turns":9},{"damage":0,"enemies":"3 Sentries","floor":11,"turns":9},{"damage":2,"enemies":"Exordium Wildlife","floor":12,"turns":6},{"damage":0,"enemies":"Large Slime","floor":14,"turns":12},{"damage":37,"enemies":"Hexaghost","floor":16,"turns":19},{"damage":5,"enemies":"Chosen","floor":18,"turns":10},{"damage":0,"enemies":"Shell Parasite","floor":22,"turns":10},{"damage":1,"enemies":"Book of Stabbing","floor":24,"turns":6},{"damage":2,"enemies":"Centurion and Healer","floor":27,"turns":7},{"damage":12,"enemies":"Gremlin Leader","floor":28,"turns":7},{"damage":1,"enemies":"Snake Plant","floor":29,"turns":5},{"damage":29,"enemies":"Sentry and Sphere","floor":30,"turns":9},{"damage":8,"enemies":"Cultist and Chosen","floor":31,"turns":7},{"damage":43,"enemies":"Collector","floor":33,"turns":11},{"damage":0,"enemies":"3 Shapes","floor":35,"turns":4},{"damage":7,"enemies":"Orb Walker","floor":36,"turns":3},{"damage":42,"enemies":"Transient","floor":37,"turns":5},{"damage":32,"enemies":"4 Shapes","floor":41,"turns":5},{"damage":7,"enemies":"Maw","floor":42,"turns":9},{"damage":0,"enemies":"Jaw Worm Horde","floor":46,"turns":5},{"damage":0,"enemies":"Transient","floor":47,"turns":5},{"damage":8,"enemies":"4 Shapes","floor":48,"turns":5},{"damage":19,"enemies":"Awakened One","floor":50,"turns":17}],"seed_played":"2469782032846157328","potions_obtained":[{"floor":1,"key":"Swift Potion"},{"floor":3,"key":"FearPotion"},{"floor":4,"key":"SteroidPotion"},{"floor":6,"key":"EssenceOfSteel"},{"floor":14,"key":"Regen Potion"},{"floor":16,"key":"Energy Potion"},{"floor":29,"key":"SpeedPotion"},{"floor":30,"key":"Block Potion"},{"floor":33,"key":"Ancient Potion"},{"floor":41,"key":"GamblersBrew"},{"floor":47,"key":"Swift Potion"},{"floor":48,"key":"Block Potion"}],"is_trial":false,"path_per_floor":["M","M","?","M","?","E","R","E","T","R","E","M","T","M","R","B",null,"M","?","$","?","M","R","E","R","T","M","E","M","M","M","R","B",null,"M","M","M","?","T","R","M","M","T","$","R","M","M","M","R","B",null],"character_chosen":"THE_SILENT","items_purchased":["Bouncing Flask","Glass Knife","Blur","DollysMirror","Adrenaline","Backflip"],"campfire_rested":4,"item_purchase_floors":[20,20,20,44,44,44],"current_hp_per_floor":[58,58,58,58,58,50,50,42,42,42,42,40,40,40,40,3,50,45,45,45,45,45,45,56,56,63,61,49,48,19,11,47,4,56,56,49,7,7,7,43,11,4,4,4,40,40,40,32,68,49],"gold":77,"neow_bonus":"TRANSFORM_CARD","is_prod":false,"is_daily":false,"chose_seed":false,"campfire_upgraded":5,"win_rate":0,"timestamp":1550178510,"path_taken":["M","M","?","?","?","E","R","E","T","R","E","M","?","M","R","BOSS","M","?","$","?","?","R","E","R","T","M","E","M","M","M","R","BOSS","M","M","M","?","?","R","M","M","T","$","R","M","?","M","R","BOSS"],"build_version":"2019-01-23","purchased_purges":0,"victory":true,"max_hp_per_floor":[66,66,66,66,66,66,66,66,66,66,66,66,66,66,66,66,66,66,66,66,66,66,66,66,66,73,73,73,73,73,73,73,73,73,73,73,73,73,73,73,73,73,73,73,73,73,73,73,73,73],"card_choices":[{"not_picked":["Caltrops","Quick Slash"],"picked":"Footwork","floor":1},{"not_picked":["Blur","Crippling Poison"],"picked":"Sucker Punch","floor":2},{"not_picked":["Tactician","Slice"],"picked":"Skewer","floor":4},{"not_picked":["Accuracy","Prepared","Endless Agony"],"picked":"SKIP","floor":6},{"not_picked":["Sucker Punch","Predator"],"picked":"Footwork","floor":8},{"not_picked":["Outmaneuver","Doppelganger"],"picked":"Dodge and Roll","floor":11},{"not_picked":["Dagger Throw","Cloak And Dagger"],"picked":"Dodge and Roll","floor":12},{"not_picked":["Dodge and Roll","Acrobatics"],"picked":"Backflip","floor":14},{"not_picked":["Malaise","Wraith Form v2"],"picked":"Burst","floor":16},{"not_picked":["Prepared","Finisher"],"picked":"Leg Sweep","floor":18},{"not_picked":["Concentrate","Outmaneuver"],"picked":"Backstab","floor":22},{"not_picked":["Sucker Punch","Glass Knife"],"picked":"Deadly Poison","floor":24},{"not_picked":["Blade Dance+1","Endless Agony"],"picked":"Dagger Spray","floor":27},{"not_picked":["Skewer","Slice"],"picked":"Backflip","floor":28},{"not_picked":["Outmaneuver","Bouncing Flask"],"picked":"Terror","floor":29},{"not_picked":["Flying Knee","Deflect"],"picked":"Noxious Fumes","floor":30},{"not_picked":["Deadly Poison","Blade Dance"],"picked":"PiercingWail","floor":31},{"not_picked":["Die Die Die","Night Terror"],"picked":"After Image","floor":33},{"not_picked":["Backflip","Quick Slash"],"picked":"Caltrops+1","floor":35},{"not_picked":["Poisoned Stab","Acrobatics"],"picked":"Cloak And Dagger","floor":36},{"not_picked":["Dodge and Roll","Caltrops"],"picked":"Noxious Fumes","floor":37},{"not_picked":["Slice+1","Finisher"],"picked":"Terror","floor":41},{"not_picked":["Slice","Prepared"],"picked":"Deflect","floor":42},{"not_picked":["Crippling Poison","Bouncing Flask"],"picked":"Burst","floor":46},{"not_picked":["Blade Dance","Dagger Throw"],"picked":"Backflip","floor":47},{"not_picked":["Caltrops","Footwork"],"picked":"Catalyst+1","floor":48}],"player_experience":494121,"relics_obtained":[{"floor":6,"key":"PreservedInsect"},{"floor":8,"key":"Bottled Tornado"},{"floor":9,"key":"Tiny Chest"},{"floor":11,"key":"Centennial Puzzle"},{"floor":13,"key":"Art of War"},{"floor":24,"key":"Bronze Scales"},{"floor":26,"key":"Strawberry"},{"floor":28,"key":"Regal Pillow"},{"floor":39,"key":"Gremlin Horn"},{"floor":43,"key":"Anchor"}],"event_choices":[{"damage_healed":0,"gold_gain":0,"player_choice":"Bought 1 Potion","damage_taken":0,"max_hp_gain":0,"max_hp_loss":0,"event_name":"The Woman in Blue","floor":3,"gold_loss":0},{"damage_healed":0,"gold_gain":0,"player_choice":"Grow","damage_taken":0,"max_hp_gain":0,"max_hp_loss":0,"event_name":"Living Wall","floor":5,"gold_loss":0,"cards_upgraded":["Skewer"]},{"cards_removed":["Defend_G"],"damage_healed":0,"gold_gain":0,"player_choice":"Gave Gold","damage_taken":0,"max_hp_gain":0,"max_hp_loss":0,"event_name":"Beggar","floor":19,"gold_loss":75},{"damage_healed":0,"gold_gain":0,"player_choice":"Ignored","damage_taken":0,"max_hp_gain":0,"max_hp_loss":0,"event_name":"Ghosts","floor":21,"gold_loss":0},{"damage_healed":0,"gold_gain":0,"player_choice":"Ignored","damage_taken":0,"max_hp_gain":0,"max_hp_loss":0,"event_name":"Tomb of Lord Red Mask","floor":38,"gold_loss":0}],"is_beta":false,"boss_relics":[{"not_picked":["Ectoplasm","HoveringKite"],"picked":"Astrolabe"},{"not_picked":["Runic Pyramid","Calling Bell"],"picked":"Fusion Hammer"}],"items_purged_floors":[],"is_endless":false,"potions_floor_spawned":[1,4,6,14,16,18,22,29,30,33,41,47,48],"ascension_level":14}