{"gold_per_floor":[117,392,410,420,52,83,34,46,46,61,61,93,107,107,107,208,208,224,239,269,288,304,304,304,332,332,348,348,367,367,400,400,495,495,519,531,558,845,227,252,252,287,287,287],"floor_reached":44,"playtime":2266,"items_purged":["Regret","Normality"],"score":862,"play_id":"c2f31b98-3a84-4b21-b961-c4cadc71cb2d","local_time":"20190130200639","is_ascension_mode":true,"campfire_choices":[{"floor":11,"key":"REST"},{"data":"Anger","floor":15,"key":"SMITH"},{"data":"Whirlwind","floor":23,"key":"SMITH"},{"data":"Flame Barrier","floor":30,"key":"SMITH"},{"floor":32,"key":"REST"},{"data":"Bash","floor":41,"key":"SMITH"}],"neow_cost":"NONE","seed_source_timestamp":532433522097000,"circlet_count":0,"master_deck":["Strike_R","Strike_R","Strike_R","Defend_R","Defend_R","Defend_R","Defend_R","Bash+1","Flame Barrier+1","Anger+1","Whirlwind+1","Iron Wave","Spot Weakness+1","Shrug It Off+1","Headbutt","Feed","Flex+1","Impervious+1","Power Through+1","Battle Trance+1","True Grit+1","Whirlwind+1","Metallicize","Inflame","J.A.X.+1","Disarm+1","Offering+1","Injury","Regret","Inflame+1","Madness+1","Madness+1","Regret","True Grit+1","Shrug It Off+1","Heavy Blade+1","Shrug It Off+1"],"relics":["Burning Blood","Sling","Toxic Egg 2","Bottled Flame","Mercury Hourglass","Sozu","Red Mask","Juzu Bracelet","Ornamental Fan","Blue Candle","Calling Bell","MawBank","Molten Egg 2","Incense Burner","Paper Frog","ClockworkSouvenir","Orichalcum","Self Forming Clay","Torii"],"potions_floor_usage":[12,12,16,25,40],"damage_taken":[{"damage":1,"enemies":"Cultist","floor":1,"turns":3},{"damage":6,"enemies":"Small Slimes","floor":3,"turns":5},{"damage":11,"enemies":"Jaw Worm","floor":4,"turns":4},{"damage":32,"enemies":"Gremlin Nob","floor":6,"turns":4},{"damage":13,"enemies":"3 Louse","floor":8,"turns":2},{"damage":12,"enemies":"Exordium Wildlife","floor":10,"turns":5},{"damage":23,"enemies":"Lagavulin","floor":12,"turns":6},{"damage":4,"enemies":"Gremlin Gang","floor":13,"turns":4},{"damage":13,"enemies":"The Guardian","floor":16,"turns":7},{"damage":1,"enemies":"3 Byrds","floor":18,"turns":3},{"damage":0,"enemies":"2 Thieves","floor":19,"turns":4},{"damage":0,"enemies":"Masked Bandits","floor":20,"turns":1},{"damage":3,"enemies":"Shelled Parasite and Fungi","floor":21,"turns":3},{"damage":7,"enemies":"Cultist and Chosen","floor":22,"turns":6},{"damage":9,"enemies":"Gremlin Leader","floor":25,"turns":5},{"damage":0,"enemies":"Centurion and Healer","floor":27,"turns":5},{"damage":28,"enemies":"Shelled Parasite and Fungi","floor":29,"turns":5},{"damage":22,"enemies":"Slavers","floor":31,"turns":4},{"damage":23,"enemies":"Champ","floor":33,"turns":9},{"damage":11,"enemies":"3 Shapes","floor":35,"turns":6},{"damage":16,"enemies":"3 Darklings","floor":37,"turns":4},{"damage":18,"enemies":"Reptomancer","floor":40,"turns":8},{"damage":31,"enemies":"Nemesis","floor":42,"turns":7},{"damage":83,"enemies":"Giant Head","floor":44,"turns":9}],"seed_played":"6010488736357841461","potions_obtained":[{"floor":4,"key":"SpeedPotion"},{"floor":8,"key":"Regen Potion"},{"floor":12,"key":"Poison Potion"},{"floor":13,"key":"Block Potion"}],"is_trial":false,"path_per_floor":["M","?","M","M","$","E","$","M","T","M","R","E","M","?","R","B",null,"M","M","?","M","M","R","?","E","T","M","?","M","R","E","R","B",null,"M","?","M","?","$","E","R","E","T","E"],"character_chosen":"IRONCLAD","items_purchased":["Sling","Iron Wave","Strength Potion","Shrug It Off+1","True Grit+1","Paper Frog","ClockworkSouvenir","Shrug It Off+1"],"campfire_rested":2,"item_purchase_floors":[5,5,5,7,39,39,39,39],"current_hp_per_floor":[77,77,77,72,72,46,46,39,39,33,57,55,60,60,60,53,78,86,92,92,95,94,94,94,91,91,98,98,79,79,63,93,76,95,93,80,70,70,70,58,58,33,33,0],"gold":287,"neow_bonus":"REMOVE_CARD","is_prod":false,"is_daily":false,"chose_seed":false,"campfire_upgraded":4,"win_rate":0,"timestamp":1548875199,"path_taken":["M","?","M","M","$","E","?","M","T","M","R","E","M","?","R","BOSS","M","M","?","M","M","R","?","E","T","M","?","M","R","E","R","BOSS","M","?","M","?","$","E","R","E","T","E"],"build_version":"2019-01-23","purchased_purges":2,"victory":false,"max_hp_per_floor":[80,80,80,80,80,80,80,80,80,80,80,83,86,86,86,86,86,89,92,92,95,95,95,95,95,95,98,98,101,101,101,101,101,101,104,104,104,104,104,104,104,104,104,104],"card_choices":[{"not_picked":["Clothesline","Wild Strike"],"picked":"Flame Barrier","floor":1},{"not_picked":["Twin Strike","Hemokinesis"],"picked":"Anger","floor":3},{"not_picked":["Carnage","Cleave"],"picked":"Whirlwind","floor":4},{"not_picked":["Twin Strike","Warcry"],"picked":"Spot Weakness","floor":6},{"not_picked":["Perfected Strike","Warcry+1"],"picked":"Headbutt","floor":8},{"not_picked":["Dual Wield+1","Clash"],"picked":"Feed","floor":10},{"not_picked":["Spot Weakness+1","Rupture","Cleave"],"picked":"SKIP","floor":12},{"not_picked":["Perfected Strike","Combust"],"picked":"Flex+1","floor":13},{"not_picked":["Demon Form","Feed"],"picked":"Impervious+1","floor":16},{"not_picked":["Thunderclap","Inflame","Clothesline+1"],"picked":"SKIP","floor":18},{"not_picked":["Hemokinesis","Clash"],"picked":"Power Through+1","floor":19},{"not_picked":["True Grit+1","Flex+1"],"picked":"Battle Trance+1","floor":20},{"not_picked":["Clothesline+1","Heavy Blade"],"picked":"True Grit+1","floor":21},{"not_picked":["Iron Wave","Warcry+1"],"picked":"Whirlwind+1","floor":22},{"not_picked":["Twin Strike","Corruption"],"picked":"Metallicize","floor":25},{"not_picked":["Thunderclap","Rampage"],"picked":"Inflame","floor":27},{"not_picked":["Corruption+1","Thunderclap","Body Slam"],"picked":"SKIP","floor":29},{"not_picked":["Warcry+1","Perfected Strike"],"picked":"Disarm+1","floor":31},{"not_picked":["Bludgeon","Berserk"],"picked":"Offering+1","floor":33},{"not_picked":["True Grit+1","Havoc+1"],"picked":"Inflame+1","floor":35},{"not_picked":["Havoc+1","Bloodletting+1","Fiend Fire+1"],"picked":"SKIP","floor":37},{"not_picked":["Sentinel+1","Flex+1"],"picked":"Heavy Blade+1","floor":40},{"not_picked":["Iron Wave+1","Bloodletting+1"],"picked":"Shrug It Off+1","floor":42}],"player_experience":418421,"relics_obtained":[{"floor":6,"key":"Toxic Egg 2"},{"floor":9,"key":"Bottled Flame"},{"floor":12,"key":"Mercury Hourglass"},{"floor":20,"key":"Red Mask"},{"floor":25,"key":"Juzu Bracelet"},{"floor":26,"key":"Ornamental Fan"},{"floor":31,"key":"Blue Candle"},{"floor":34,"key":"MawBank"},{"floor":34,"key":"Molten Egg 2"},{"floor":34,"key":"Incense Burner"},{"floor":40,"key":"Orichalcum"},{"floor":42,"key":"Self Forming Clay"},{"floor":43,"key":"Torii"}],"event_choices":[{"damage_healed":0,"gold_gain":275,"player_choice":"Desecrate","damage_taken":0,"max_hp_gain":0,"max_hp_loss":0,"event_name":"Golden Shrine","floor":2,"gold_loss":0,"cards_obtained":["Regret"]},{"cards_removed":["Strike_R"],"damage_healed":0,"gold_gain":0,"player_choice":"Purged","damage_taken":0,"max_hp_gain":0,"max_hp_loss":0,"event_name":"Purifier","floor":14,"gold_loss":0},{"damage_healed":0,"gold_gain":0,"player_choice":"Fought Bandits","damage_taken":0,"max_hp_gain":0,"max_hp_loss":0,"event_name":"Masked Bandits","floor":20,"gold_loss":0},{"damage_healed":0,"gold_gain":0,"player_choice":"Ignored","damage_taken":0,"max_hp_gain":0,"max_hp_loss":0,"event_name":"Vampires","floor":24,"gold_loss":0},{"damage_healed":0,"gold_gain":0,"player_choice":"Obtain J.A.X.","damage_taken":0,"max_hp_gain":0,"max_hp_loss":0,"event_name":"Drug Dealer","floor":28,"gold_loss":0,"cards_obtained":["J.A.X."]},{"damage_healed":0,"gold_gain":0,"player_choice":"Embrace Madness","damage_taken":13,"max_hp_gain":0,"max_hp_loss":0,"event_name":"Winding Halls","floor":36,"gold_loss":0,"cards_obtained":["Madness","Madness"]},{"damage_healed":0,"gold_gain":275,"player_choice":"Desecrate","damage_taken":0,"max_hp_gain":0,"max_hp_loss":0,"event_name":"Golden Shrine","floor":38,"gold_loss":0,"cards_obtained":["Regret"]}],"is_beta":false,"boss_relics":[{"not_picked":["Philosopher\u0027s Stone","Snecko Eye"],"picked":"Sozu"},{"not_picked":["Lizard Tail","Empty Cage"],"picked":"Calling Bell"}],"items_purged_floors":[5,39],"is_endless":false,"potions_floor_spawned":[4,8,12,13,18,19,22,25,31,33,35,40],"killed_by":"Giant Head","ascension_level":9}