{"path_per_floor":["M","?","M","M","$","R","E","R","T","M","$","M","E","?","R","B",null,"M","M","?","?","M","E","M"],"character_chosen":"IRONCLAD","items_purchased":["Blood Vial"],"gold_per_floor":[117,117,136,147,72,72,98,98,180,193,37,51,83,83,83,212,212,226,250,250,250,268,309,330,330],"floor_reached":25,"campfire_rested":0,"playtime":1564,"current_hp_per_floor":[79,79,80,80,80,80,65,65,65,71,71,73,66,46,46,35,80,75,80,80,80,74,61,39,0],"items_purged":["Strike_R"],"gold":330,"score":233,"play_id":"e57eb845-8223-4bde-8cb9-e022c684f1b6","local_time":"20180506214305","is_prod":false,"is_daily":false,"chose_seed":false,"is_ascension_mode":false,"campfire_upgraded":3,"timestamp":1525635785,"path_taken":["M","?","?","M","?","R","E","R","T","M","$","M","E","?","R","BOSS","M","M","?","?","M","E","?","E"],"build_version":"2018-05-03","seed_source_timestamp":111016744786156,"purchased_purges":1,"victory":false,"master_deck":["Strike_R","Strike_R","Strike_R","Defend_R","Defend_R","Defend_R","Defend_R","Bash","Brutality","Metallicize+1","Inflame+1","Whirlwind","Second Wind+1","Evolve","Spot Weakness","Offering","Writhe","Searing Blow+1","Uppercut+1"],"max_hp_per_floor":[80,80,80,80,80,80,80,80,80,80,80,80,80,80,80,80,80,80,80,80,80,80,80,80,80],"relics":["Burning Blood","Pen Nib","Molten Egg 2","Blood Vial","Bag of Marbles","Golden Idol","Velvet Choker","Bag of Preparation","Omamori"],"card_choices":[{"not_picked":["Whirlwind","Fire Breathing"],"picked":"Metallicize","floor":3},{"not_picked":["Pommel Strike","Rupture"],"picked":"Inflame","floor":4},{"not_picked":["Power Through","Exhume"],"picked":"Whirlwind","floor":7},{"not_picked":["Flex","Warcry"],"picked":"Second Wind","floor":10},{"not_picked":["Pommel Strike","Hemokinesis"],"picked":"Evolve","floor":12},{"not_picked":["Reckless Charge","Shrug It Off"],"picked":"Spot Weakness","floor":13},{"not_picked":["Immolate","Fiend Fire"],"picked":"Offering","floor":16},{"not_picked":["Pommel Strike","Headbutt"],"picked":"Searing Blow","floor":23},{"not_picked":["Sword Boomerang","True Grit"],"picked":"Uppercut","floor":24}],"player_experience":230471,"potions_floor_usage":[7,16,25],"damage_taken":[{"damage":7,"enemies":"Jaw Worm","floor":1,"turns":5},{"damage":5,"enemies":"Cultist","floor":3,"turns":4},{"damage":0,"enemies":"2 Louse","floor":4,"turns":4},{"damage":21,"enemies":"Gremlin Nob","floor":7,"turns":6},{"damage":0,"enemies":"Lots of Slimes","floor":10,"turns":1},{"damage":6,"enemies":"2 Fungi Beasts","floor":12,"turns":4},{"damage":15,"enemies":"3 Sentries","floor":13,"turns":4},{"damage":19,"enemies":"Slime Boss","floor":16,"turns":10},{"damage":11,"enemies":"Chosen","floor":18,"turns":4},{"damage":0,"enemies":"Shell Parasite","floor":19,"turns":2},{"damage":12,"enemies":"Centurion and Healer","floor":22,"turns":7},{"damage":21,"enemies":"Slavers","floor":23,"turns":4},{"damage":30,"enemies":"3 Cultists","floor":24,"turns":5},{"damage":44,"enemies":"Gremlin Leader","floor":25,"turns":5}],"event_choices":[{"event_name":"Purifier","player_choice":"One Purge","floor":2,"damage_taken":0},{"event_name":"Golden Idol","player_choice":"Take Damage","floor":14,"damage_taken":0},{"event_name":"The Mausoleum","player_choice":"Yes","floor":20,"damage_taken":0},{"event_name":"The Woman in Blue","player_choice":"Bought 0 Potions","floor":21,"damage_taken":0}],"boss_relics":[{"not_picked":["Orrery","Runic Dome"],"picked":"Velvet Choker"}],"potions_floor_spawned":[3,7,10,23,24],"seed_played":"1591803267609958478","killed_by":"Gremlin Leader","ascension_level":0,"is_trial":false}