{"path_per_floor":["M","?","?","M","$","E","M","M","T","M","E","R","?","M","R","B",null,"M","$","M","?","M","R"],"character_chosen":"IRONCLAD","items_purchased":["Self Forming Clay"],"gold_per_floor":[119,119,119,134,134,163,180,194,194,214,239,239,489,502,502,605,605,623,292,311,311,322,322,322],"floor_reached":24,"campfire_rested":1,"playtime":1737,"current_hp_per_floor":[80,73,57,53,53,24,30,34,34,35,38,38,38,16,16,20,80,57,57,56,41,15,40,0],"items_purged":["Regret"],"gold":322,"score":208,"play_id":"18920913-048d-4e96-8a81-69e3feed59db","local_time":"20180521145931","is_prod":false,"is_daily":false,"chose_seed":false,"is_ascension_mode":false,"campfire_upgraded":2,"timestamp":1526907571,"campfire_choices":[{"data":"Juggernaut","floor":12,"key":"SMITH"},{"data":"Metallicize","floor":15,"key":"SMITH"},{"floor":23,"key":"REST"}],"path_taken":["M","?","?","M","?","E","M","M","T","M","E","R","?","M","R","BOSS","M","$","M","?","M","R","E"],"build_version":"2018-05-17","seed_source_timestamp":60414613717038,"purchased_purges":1,"victory":false,"master_deck":["Strike_R+1","Strike_R","Strike_R+1","Defend_R","Defend_R","Defend_R","Defend_R","Bash","Juggernaut+1","Uppercut","Iron Wave","Iron Wave","Flame Barrier","Barricade","Metallicize+1","Berserk","Inflame","Dual Wield"],"max_hp_per_floor":[80,80,80,80,80,80,80,80,80,80,80,80,80,80,80,80,80,80,80,80,85,85,85,85],"relics":["Black Blood","Toolbox","Bottled Tornado","Dream Catcher","Self Forming Clay"],"card_choices":[{"not_picked":["Perfected Strike","Heavy Blade","Flex"],"picked":"SKIP","floor":1},{"not_picked":["Cleave","Headbutt"],"picked":"Uppercut","floor":4},{"not_picked":["Body Slam","Anger"],"picked":"Iron Wave","floor":6},{"not_picked":["Searing Blow","Thunderclap"],"picked":"Iron Wave","floor":7},{"not_picked":["Second Wind","Pummel"],"picked":"Flame Barrier","floor":8},{"not_picked":["Heavy Blade","Uppercut"],"picked":"Barricade","floor":10},{"not_picked":["Dropkick","Clothesline"],"picked":"Metallicize","floor":11},{"not_picked":["Infernal Blade","Warcry","Flex"],"picked":"SKIP","floor":14},{"not_picked":["Feed","Fiend Fire"],"picked":"Berserk","floor":16},{"not_picked":["Heavy Blade","Clash+1"],"picked":"Inflame","floor":18},{"not_picked":["Headbutt","Twin Strike+1"],"picked":"Dual Wield","floor":20},{"not_picked":["Thunderclap","Warcry","Anger"],"picked":"SKIP","floor":22}],"player_experience":258785,"potions_floor_usage":[11,16,22,22],"damage_taken":[{"damage":5,"enemies":"2 Louse","floor":1,"turns":3},{"damage":10,"enemies":"Jaw Worm","floor":4,"turns":4},{"damage":35,"enemies":"3 Sentries","floor":6,"turns":11},{"damage":0,"enemies":"Small Slimes","floor":7,"turns":3},{"damage":2,"enemies":"Blue Slaver","floor":8,"turns":4},{"damage":5,"enemies":"Looter","floor":10,"turns":3},{"damage":3,"enemies":"Lagavulin","floor":11,"turns":9},{"damage":28,"enemies":"Gremlin Gang","floor":14,"turns":6},{"damage":2,"enemies":"Slime Boss","floor":16,"turns":13},{"damage":33,"enemies":"Spheric Guardian","floor":18,"turns":6},{"damage":11,"enemies":"Chosen","floor":20,"turns":6},{"damage":36,"enemies":"Snake Plant","floor":22,"turns":6},{"damage":58,"enemies":"Slavers","floor":24,"turns":4}],"relics_obtained":[{"floor":6,"key":"Toolbox"},{"floor":9,"key":"Bottled Tornado"},{"floor":11,"key":"Dream Catcher"}],"event_choices":[{"event_name":"Golden Wing","player_choice":"Card Removal","floor":2,"damage_taken":0},{"event_name":"Shining Light","player_choice":"Entered Light","floor":3,"damage_taken":0},{"event_name":"Golden Shrine","player_choice":"Desecrate","floor":13,"damage_taken":0},{"event_name":"Forgotten Altar","player_choice":"Shed Blood","floor":21,"damage_taken":0}],"boss_relics":[{"not_picked":["Tiny House","Pandora\u0027s Box"],"picked":"Black Blood"}],"potions_floor_spawned":[8,10,16,18],"seed_played":"1507811304827583517","killed_by":"Slavers","ascension_level":0,"potions_obtained":[{"floor":8,"key":"AttackPotion"},{"floor":10,"key":"Block Potion"},{"floor":16,"key":"Dexterity Potion"},{"floor":18,"key":"PowerPotion"}],"is_trial":false}