{"path_per_floor":["M","M","?","?","?","E","M","E","T","M"],"character_chosen":"DEFECT","items_purchased":[],"gold_per_floor":[117,137,137,137,237,272,284,309,309,325,325],"floor_reached":11,"campfire_rested":0,"playtime":403,"item_purchase_floors":[],"current_hp_per_floor":[75,72,57,57,57,46,45,17,17,9,0],"items_purged":[],"gold":325,"score":91,"play_id":"0ba96deb-d1f1-4cd1-80be-5ff3048f90d8","local_time":"20180621234545","is_prod":false,"is_daily":false,"chose_seed":false,"is_ascension_mode":true,"campfire_upgraded":0,"win_rate":0,"timestamp":1529617545,"campfire_choices":[],"path_taken":["M","M","?","?","?","E","M","E","T","M","M"],"build_version":"2018-06-14v2","seed_source_timestamp":36702978217233,"purchased_purges":0,"victory":false,"master_deck":["Strike_B","Strike_B","Strike_B","Strike_B","Defend_B","Defend_B+1","Defend_B","Defend_B","Zap","Dualcast","Streamline+1","Deep Breath","Melter","Creative AI","BootSequence"],"max_hp_per_floor":[75,75,75,75,75,75,75,75,75,75,75],"relics":["Cracked Core","Torii","Peace Pipe","Ice Cream"],"card_choices":[{"not_picked":["Steam","Conserve Battery"],"picked":"Streamline","floor":1},{"not_picked":["Coolheaded","Undo","Ball Lightning"],"picked":"SKIP","floor":2},{"not_picked":["Cold Snap","Gash"],"picked":"Creative AI","floor":6},{"not_picked":["Conserve Battery","Lockon"],"picked":"BootSequence","floor":7},{"not_picked":["Turbo","Fission","Streamline"],"picked":"SKIP","floor":8},{"not_picked":["Beam Cell","Scrape","Streamline"],"picked":"SKIP","floor":10}],"player_experience":379772,"potions_floor_usage":[6],"damage_taken":[{"damage":0,"enemies":"Cultist","floor":1,"turns":4},{"damage":3,"enemies":"2 Louse","floor":2,"turns":2},{"damage":11,"enemies":"3 Sentries","floor":6,"turns":8},{"damage":1,"enemies":"Jaw Worm","floor":7,"turns":3},{"damage":28,"enemies":"Lagavulin","floor":8,"turns":6},{"damage":8,"enemies":"Blue Slaver","floor":10,"turns":3},{"damage":12,"enemies":"Lots of Slimes","floor":11,"turns":2}],"relics_obtained":[{"floor":6,"key":"Torii"},{"floor":8,"key":"Peace Pipe"},{"floor":9,"key":"Ice Cream"}],"event_choices":[{"event_name":"Shining Light","player_choice":"Entered Light","floor":3,"damage_taken":0},{"event_name":"Match and Keep!","player_choice":"2 cards matched","floor":4,"damage_taken":0},{"event_name":"Golden Shrine","player_choice":"Pray","floor":5,"damage_taken":0}],"boss_relics":[],"items_purged_floors":[],"is_endless":false,"potions_floor_spawned":[2],"seed_played":"-7126201915024721474","killed_by":"Lots of Slimes","ascension_level":2,"potions_obtained":[{"floor":2,"key":"Poison Potion"}],"is_trial":false}