{"path_per_floor":["M","?","?","M","M","R","E","R","T","E","M","M","M","M","R","B",null,"M","M","?","$","?","E","M","E","T","$","M","?","R","?","R"],"character_chosen":"IRONCLAD","items_purchased":["Frozen Egg 2","Evolve","Intimidate"],"gold_per_floor":[114,114,189,200,213,213,245,245,245,279,290,304,322,334,334,435,435,435,390,390,60,60,60,60,60,60,22,22,22,22,22,22,22],"floor_reached":33,"campfire_rested":0,"playtime":2137,"current_hp_per_floor":[80,73,62,68,73,73,40,40,40,32,38,39,37,43,43,22,80,80,76,60,60,56,17,24,16,16,16,18,18,18,18,18,0],"items_purged":[],"gold":22,"score":322,"play_id":"42a759bf-f09f-4ef7-8e6f-c4e883724714","local_time":"20180510171828","is_prod":false,"is_daily":false,"chose_seed":false,"is_ascension_mode":false,"campfire_upgraded":5,"timestamp":1525965508,"path_taken":["M","?","?","M","M","R","E","R","T","E","M","M","M","M","R","BOSS","M","M","?","$","?","E","M","E","T","?","M","?","R","?","R","BOSS"],"build_version":"2018-05-03","seed_source_timestamp":70509610505669,"purchased_purges":1,"victory":false,"master_deck":["Defend_R","Defend_R","Defend_R","Defend_R","Bash+1","Inflame+1","Berserk","Spot Weakness","Uppercut+1","Limit Break+1","Heavy Blade","Fire Breathing","Evolve+1","Bite","Bite","Bite","Bite","Bite","Disarm","Reckless Charge","Intimidate+1","Blood for Blood","Blood for Blood","Bash"],"max_hp_per_floor":[80,80,80,80,80,80,80,80,80,80,80,80,80,80,80,80,80,80,80,80,80,56,56,56,56,56,56,56,56,56,56,56,56],"relics":["Burning Blood","Juzu Bracelet","Anchor","Shuriken","Self Forming Clay","Dream Catcher","Ectoplasm","Nilry\u0027s Codex","Frozen Egg 2","Orichalcum","Bronze Scales","Letter Opener"],"card_choices":[{"not_picked":["Iron Wave","Anger"],"picked":"Inflame","floor":4},{"not_picked":["Iron Wave","Disarm"],"picked":"Berserk","floor":7},{"not_picked":["Fire Breathing","True Grit"],"picked":"Spot Weakness","floor":10},{"not_picked":["Hemokinesis","Body Slam"],"picked":"Uppercut","floor":14},{"not_picked":["Berserk","Bludgeon"],"picked":"Limit Break","floor":16},{"not_picked":["Combust","Headbutt"],"picked":"Heavy Blade","floor":18},{"not_picked":["Uppercut","Armaments"],"picked":"Fire Breathing","floor":19},{"not_picked":["Pommel Strike","Twin Strike"],"picked":"Disarm","floor":24},{"not_picked":["Shrug It Off","Armaments"],"picked":"Reckless Charge","floor":25},{"not_picked":["Anger","Armaments"],"picked":"Blood for Blood","floor":28}],"player_experience":236612,"potions_floor_usage":[7,19,25,28,33],"damage_taken":[{"damage":0,"enemies":"Cultist","floor":1,"turns":4},{"damage":0,"enemies":"Small Slimes","floor":4,"turns":4},{"damage":1,"enemies":"Jaw Worm","floor":5,"turns":2},{"damage":39,"enemies":"Lagavulin","floor":7,"turns":9},{"damage":14,"enemies":"Gremlin Nob","floor":10,"turns":4},{"damage":0,"enemies":"Looter","floor":11,"turns":5},{"damage":5,"enemies":"2 Fungi Beasts","floor":12,"turns":3},{"damage":8,"enemies":"3 Louse","floor":13,"turns":4},{"damage":0,"enemies":"Exordium Wildlife","floor":14,"turns":4},{"damage":27,"enemies":"Hexaghost","floor":16,"turns":8},{"damage":4,"enemies":"Chosen","floor":18,"turns":4},{"damage":10,"enemies":"2 Thieves","floor":19,"turns":4},{"damage":53,"enemies":"Gremlin Leader","floor":23,"turns":8},{"damage":1,"enemies":"Snecko","floor":24,"turns":3},{"damage":26,"enemies":"Slavers","floor":25,"turns":7},{"damage":12,"enemies":"Snake Plant","floor":28,"turns":3},{"damage":20,"enemies":"Automaton","floor":33,"turns":2}],"event_choices":[{"event_name":"Scrap Ooze","player_choice":"success","floor":2,"damage_taken":7},{"event_name":"World of Goop","player_choice":"Gather Gold","floor":3,"damage_taken":0},{"event_name":"Cursed Tome","player_choice":"Obtained Book","floor":20,"damage_taken":0},{"event_name":"Vampires","player_choice":"Became a vampire","floor":22,"damage_taken":0},{"event_name":"Addict","player_choice":"Ignored","floor":29,"damage_taken":0},{"event_name":"Match and Keep!","player_choice":"2 cards matched","floor":31,"damage_taken":0}],"boss_relics":[{"not_picked":["Runic Dome","Calling Bell"],"picked":"Ectoplasm"}],"potions_floor_spawned":[4,10,11,14,16,18,25,28],"seed_played":"-8384606038551351410","killed_by":"Automaton","ascension_level":0,"is_trial":false}