{"gold_per_floor":[112,62,62,92,111,111,146,164,235,270,288,298,318,351,351,351],"floor_reached":16,"playtime":665,"items_purged":[],"score":153,"play_id":"509ec692-cd47-4212-8814-88a7ed4f8859","local_time":"20181126204347","is_ascension_mode":true,"campfire_choices":[{"data":"Infernal Blade","floor":6,"key":"SMITH"},{"data":"Carnage","floor":15,"key":"SMITH"}],"neow_cost":"NONE","seed_source_timestamp":955020470833377,"circlet_count":0,"master_deck":["Strike_R","Strike_R","Strike_R","Strike_R","Defend_R","Defend_R","Defend_R","Defend_R","Bash","Carnage+1","Infernal Blade+1","Reaper","Flex","Carnage","Clash"],"relics":["Burning Blood","Boot","Tiny Chest","Question Card","Sundial","Bird Faced Urn","Bag of Marbles"],"potions_floor_usage":[7,10,14,16,16],"damage_taken":[{"damage":0,"enemies":"Small Slimes","floor":1,"turns":3},{"damage":0,"enemies":"2 Louse","floor":5,"turns":3},{"damage":20,"enemies":"Gremlin Nob","floor":7,"turns":5},{"damage":7,"enemies":"Jaw Worm","floor":8,"turns":2},{"damage":20,"enemies":"3 Sentries","floor":10,"turns":7},{"damage":0,"enemies":"Lots of Slimes","floor":11,"turns":1},{"damage":8,"enemies":"Blue Slaver","floor":12,"turns":2},{"damage":23,"enemies":"Exordium Thugs","floor":13,"turns":5},{"damage":30,"enemies":"Lagavulin","floor":14,"turns":5},{"damage":45,"enemies":"Hexaghost","floor":16,"turns":9}],"seed_played":"-2558745659436719241","potions_obtained":[{"floor":1,"key":"EssenceOfSteel"},{"floor":5,"key":"Block Potion"},{"floor":8,"key":"Block Potion"},{"floor":10,"key":"BloodPotion"},{"floor":13,"key":"Poison Potion"}],"is_trial":false,"path_per_floor":["M","?","?","?","M","R","E","M","T","E","M","M","M","E","R","B"],"character_chosen":"IRONCLAD","items_purchased":[],"campfire_rested":0,"item_purchase_floors":[],"current_hp_per_floor":[80,80,85,82,85,85,71,70,70,56,62,60,47,32,32,0],"gold":351,"neow_bonus":"RANDOM_COMMON_RELIC","is_prod":false,"is_daily":false,"chose_seed":false,"campfire_upgraded":2,"win_rate":0,"timestamp":1543283027,"path_taken":["M","?","?","?","M","R","E","M","T","E","M","M","M","E","R","BOSS"],"build_version":"2018-11-15","purchased_purges":0,"victory":false,"max_hp_per_floor":[80,80,85,85,85,85,85,85,85,85,85,85,85,85,85,85],"card_choices":[{"not_picked":["Clothesline","Flex"],"picked":"Carnage","floor":1},{"not_picked":["Headbutt","Twin Strike"],"picked":"Infernal Blade","floor":5},{"not_picked":["Wild Strike","Metallicize","Burning Pact"],"picked":"SKIP","floor":7},{"not_picked":["Anger","Sword Boomerang","Power Through","Havoc"],"picked":"SKIP","floor":8},{"not_picked":["Sever Soul","Flex","Clothesline"],"picked":"Reaper","floor":10},{"not_picked":["Clash","Thunderclap","Flex","True Grit"],"picked":"SKIP","floor":11},{"not_picked":["Cleave","Wild Strike","Twin Strike"],"picked":"Flex","floor":12},{"not_picked":["Pommel Strike","Sever Soul","Spot Weakness"],"picked":"Carnage","floor":13},{"not_picked":["Evolve","Rupture","Body Slam"],"picked":"Clash","floor":14}],"player_experience":384578,"relics_obtained":[{"floor":7,"key":"Question Card"},{"floor":9,"key":"Sundial"},{"floor":10,"key":"Bird Faced Urn"},{"floor":14,"key":"Bag of Marbles"}],"event_choices":[{"cards_removed":["Strike_R"],"damage_healed":0,"gold_gain":0,"player_choice":"Card Removal","damage_taken":0,"max_hp_gain":0,"max_hp_loss":0,"event_name":"The Cleric","floor":2,"gold_loss":50},{"damage_healed":0,"gold_gain":0,"player_choice":"Donut","damage_taken":0,"max_hp_gain":5,"max_hp_loss":0,"event_name":"Big Fish","floor":3,"gold_loss":0},{"damage_healed":0,"gold_gain":0,"player_choice":"Success","damage_taken":3,"relics_obtained":["Tiny Chest"],"max_hp_gain":0,"max_hp_loss":0,"event_name":"Scrap Ooze","floor":4,"gold_loss":0}],"is_beta":true,"boss_relics":[],"items_purged_floors":[],"is_endless":false,"potions_floor_spawned":[1,5,8,10,13],"killed_by":"Hexaghost","ascension_level":5}