{"gold_per_floor":[119,130,141,152,172,172,206,171,171,171,1,1,19,19,19,117,117,136,153,153,167,167,167,3,3,29,29,49,49,69,21,21,21],"floor_reached":33,"playtime":1549,"items_purged":[],"score":408,"play_id":"2d73f958-24e7-4a92-b865-5f8869f98bfe","local_time":"20190126235447","is_ascension_mode":true,"campfire_choices":[{"floor":6.0,"key":"REST"},{"data":"Transmutation","floor":12.0,"key":"SMITH"},{"floor":15.0,"key":"REST"},{"floor":23.0,"key":"REST"},{"floor":25.0,"key":"REST"},{"data":"Double Tap","floor":27.0,"key":"SMITH"},{"data":"Armaments","floor":32.0,"key":"SMITH"}],"neow_cost":"PERCENT_DAMAGE","seed_source_timestamp":92585568640600,"circlet_count":0,"master_deck":["AscendersBane","Defend_R","Defend_R","Defend_R","Defend_R","Bash","Reaper","Spot Weakness","Shrug It Off","Whirlwind","Carnage","Sword Boomerang","Transmutation+1","Reaper","Bite","Bite","Bite","Bite","Bite","Havoc+1","Double Tap+1","Armaments+1","Flex+1","Flex"],"special_seed":0,"relics":["Black Blood","Ice Cream","Anchor","Kunai","Vajra","Centennial Puzzle"],"potions_floor_usage":[],"damage_taken":[{"damage":14.0,"enemies":"Cultist","floor":1.0,"turns":5.0},{"damage":16.0,"enemies":"Jaw Worm","floor":2.0,"turns":4.0},{"damage":10.0,"enemies":"Small Slimes","floor":3.0,"turns":4.0},{"damage":20.0,"enemies":"Looter","floor":4.0,"turns":4.0},{"damage":19.0,"enemies":"Blue Slaver","floor":5.0,"turns":7.0},{"damage":42.0,"enemies":"3 Sentries","floor":7.0,"turns":6.0},{"damage":26.0,"enemies":"Exordium Thugs","floor":13.0,"turns":4.0},{"damage":62.0,"enemies":"The Guardian","floor":16.0,"turns":10.0},{"damage":26.0,"enemies":"Chosen","floor":18.0,"turns":6.0},{"damage":46.0,"enemies":"Spheric Guardian","floor":19.0,"turns":6.0},{"damage":31.0,"enemies":"Centurion and Healer","floor":21.0,"turns":6.0},{"damage":19.0,"enemies":"Cultist and Chosen","floor":28.0,"turns":6.0},{"damage":24.0,"enemies":"Snake Plant","floor":30.0,"turns":4.0},{"damage":125,"enemies":"Champ","floor":33,"turns":9}],"seed_played":"-8698124195114961737","potions_obtained":[{"floor":3.0,"key":"Weak Potion"},{"floor":5.0,"key":"Poison Potion"},{"floor":13.0,"key":"EntropicBrew"},{"floor":16.0,"key":"Explosive Potion"},{"floor":21.0,"key":"EssenceOfSteel"},{"floor":28.0,"key":"GamblersBrew"}],"is_trial":false,"path_per_floor":["M","M","M","M","M","R","E","?","T","T","$","R","M","?","R","B",null,"M","M","?","M","?","R","$","R","T","R","M","?","M","$","R","B"],"character_chosen":"IRONCLAD","items_purchased":["Transmutation","Double Tap","Flex"],"campfire_rested":4,"item_purchase_floors":[11,24,31],"current_hp_per_floor":[43,33,36,37,31,55,40,60,60,60,60,60,54,47,71,26,67,63,27,27,18,13,29,29,45,45,45,55,55,46,46,46,0],"gold":21,"neow_bonus":"THREE_RARE_CARDS","is_prod":false,"is_daily":false,"chose_seed":false,"campfire_upgraded":3,"win_rate":0,"timestamp":1548564887,"path_taken":["M","?","M","M","M","R","E","?","T","?","$","R","M","?","R","BOSS","M","M","?","M","?","R","$","R","T","R","?","?","M","?","R","BOSS"],"build_version":"2019-01-23","purchased_purges":0,"victory":false,"max_hp_per_floor":[80,80,80,80,80,80,80,80,80,80,80,80,80,80,80,80,80,80,80,56,56,56,56,56,56,56,56,56,56,56,56,56,56],"card_choices":[{"not_picked":["Offering","Brutality"],"picked":"Reaper","floor":0.0},{"not_picked":["Perfected Strike","Headbutt"],"picked":"Spot Weakness","floor":1.0},{"not_picked":["Cleave","Blood for Blood"],"picked":"Shrug It Off","floor":2.0},{"not_picked":["Shockwave","Shrug It Off"],"picked":"Whirlwind","floor":3.0},{"not_picked":["Second Wind","Headbutt"],"picked":"Carnage","floor":4.0},{"not_picked":["True Grit","Perfected Strike","Twin Strike"],"picked":"SKIP","floor":5.0},{"not_picked":["Brutality","Twin Strike"],"picked":"Sword Boomerang","floor":7.0},{"not_picked":["Clash","Clothesline","Dropkick"],"picked":"SKIP","floor":13.0},{"not_picked":["Impervious","Bludgeon"],"picked":"Reaper","floor":16.0},{"not_picked":["Iron Wave","Sentinel","Headbutt"],"picked":"SKIP","floor":18.0},{"not_picked":["Wild Strike","Power Through","Pommel Strike"],"picked":"SKIP","floor":19.0},{"not_picked":["Intimidate","Battle Trance"],"picked":"Havoc+1","floor":21.0},{"not_picked":["Sentinel","Carnage"],"picked":"Armaments","floor":28.0},{"not_picked":["Juggernaut","Rage"],"picked":"Flex+1","floor":30.0}],"player_experience":542802,"relics_obtained":[{"floor":7.0,"key":"Ice Cream"},{"floor":9.0,"key":"Anchor"},{"floor":10.0,"key":"Kunai"},{"floor":26.0,"key":"Centennial Puzzle"}],"event_choices":[{"damage_healed":20.0,"max_hp_gain":0.0,"max_hp_loss":0.0,"gold_gain":0.0,"event_name":"The Cleric","player_choice":"Healed","floor":8.0,"gold_loss":35.0,"damage_taken":0.0},{"damage_healed":0.0,"max_hp_gain":0.0,"max_hp_loss":0.0,"gold_gain":0.0,"event_name":"Scrap Ooze","player_choice":"Success","floor":14.0,"gold_loss":0.0,"damage_taken":7.0,"relics_obtained":["Vajra"]},{"damage_healed":0.0,"max_hp_gain":0.0,"max_hp_loss":24.0,"gold_gain":0.0,"event_name":"Vampires","player_choice":"Became a vampire","floor":20.0,"gold_loss":0.0,"damage_taken":0.0,"cards_obtained":["Bite","Bite","Bite","Bite","Bite"]},{"damage_healed":0.0,"max_hp_gain":0.0,"max_hp_loss":0.0,"gold_gain":0.0,"event_name":"Wheel of Change","player_choice":"Damaged","floor":22.0,"gold_loss":0.0,"damage_taken":5.0},{"damage_healed":0.0,"max_hp_gain":0.0,"max_hp_loss":0.0,"gold_gain":0.0,"event_name":"Beggar","player_choice":"Ignored","floor":29.0,"gold_loss":0.0,"damage_taken":0.0}],"is_beta":true,"boss_relics":[{"not_picked":["Lizard Tail","Mark of Pain"],"picked":"Black Blood"}],"items_purged_floors":[],"is_endless":false,"potions_floor_spawned":[3,5,13,16,21,28],"killed_by":"Champ","ascension_level":11}