{"gold_per_floor":[121,133,245,268,280,323,300,387,399,437,461,533,545,586,598,610],"floor_reached":16,"playtime":590,"items_purged":[],"score":139,"play_id":"e4787d4a-c03a-4dde-8abb-41a51b684317","local_time":"20180724023658","is_ascension_mode":true,"campfire_choices":[{"floor":13,"key":"REST"},{"floor":15,"key":"REST"}],"neow_cost":"NONE","seed_source_timestamp":191225333608153,"circlet_count":0,"master_deck":["Strike_B+1","Strike_B","Strike_B","Strike_B","Defend_B","Defend_B","Defend_B","Defend_B","Zap+1","Dualcast","Doom and Gloom","Static Discharge","Static Discharge","Heatsinks","White Noise","Self Repair","Reprogram"],"relics":["Cracked Core","MawBank","Bag of Marbles","Lantern","Smiling Mask","Happy Flower","Dream Catcher"],"potions_floor_usage":[12,12],"damage_taken":[{"damage":2,"enemies":"Jaw Worm","floor":1,"turns":3},{"damage":0,"enemies":"2 Louse","floor":4,"turns":1},{"damage":26,"enemies":"3 Sentries","floor":6,"turns":5},{"damage":15,"enemies":"Gremlin Nob","floor":10,"turns":3},{"damage":0,"enemies":"Cultist","floor":11,"turns":4},{"damage":12,"enemies":"Lagavulin Event","floor":12,"turns":5},{"damage":20,"enemies":"Lagavulin","floor":14,"turns":5},{"damage":50,"enemies":"Slime Boss","floor":16,"turns":7}],"seed_played":"-3661695656054218331","potions_obtained":[{"floor":10,"key":"Block Potion"},{"floor":11,"key":"EssenceOfSteel"}],"is_trial":false,"path_per_floor":["M","?","?","M","$","E","?","?","T","E","M","?","R","E","R"],"character_chosen":"DEFECT","items_purchased":[],"campfire_rested":2,"item_purchase_floors":[],"current_hp_per_floor":[73,58,58,58,58,32,50,39,39,24,24,12,34,28,50,0],"gold":610,"neow_bonus":"RANDOM_COMMON_RELIC","is_prod":false,"is_daily":false,"chose_seed":false,"campfire_upgraded":0,"win_rate":0,"timestamp":1532392618,"path_taken":["M","?","?","M","$","E","?","?","T","E","M","?","R","E","R","BOSS"],"build_version":"2018-07-19v2","purchased_purges":0,"victory":false,"max_hp_per_floor":[75,75,75,75,75,75,75,75,75,75,75,75,75,75,75,75],"card_choices":[{"not_picked":["Sweeping Beam","Compile Driver"],"picked":"Doom and Gloom","floor":1},{"not_picked":["Undo","Glacier"],"picked":"Static Discharge","floor":4},{"not_picked":["Darkness","Core Surge"],"picked":"Static Discharge","floor":6},{"not_picked":["BootSequence","Coolheaded"],"picked":"Heatsinks","floor":10},{"not_picked":["Go for the Eyes","Ball Lightning"],"picked":"White Noise","floor":11},{"not_picked":["Fusion","Barrage"],"picked":"Self Repair","floor":12},{"not_picked":["Beam Cell","Go for the Eyes","Fusion"],"picked":"SKIP","floor":14},{"not_picked":["Rebound","Steam"],"picked":"Reprogram","floor":15}],"player_experience":452401,"relics_obtained":[{"floor":6,"key":"Bag of Marbles"},{"floor":9,"key":"Lantern"},{"floor":10,"key":"Smiling Mask"},{"floor":12,"key":"Happy Flower"},{"floor":14,"key":"Dream Catcher"}],"event_choices":[{"event_name":"Shining Light","player_choice":"Entered Light","floor":2,"damage_taken":0},{"event_name":"Golden Shrine","player_choice":"Pray","floor":3,"damage_taken":0},{"event_name":"The Cleric","player_choice":"Healed","floor":7,"damage_taken":0},{"event_name":"World of Goop","player_choice":"Gather Gold","floor":8,"damage_taken":0},{"event_name":"Dead Adventurer","player_choice":"Searched \u00272\u0027 times","floor":12,"damage_taken":0}],"is_beta":false,"boss_relics":[],"items_purged_floors":[],"is_endless":false,"potions_floor_spawned":[10,11],"killed_by":"Slime Boss","ascension_level":4}