{"gold_per_floor":[116,136,152,166,178,178,189,221,221,221,236,236,12,43,43,147,147,158,158,168,185,185],"floor_reached":22,"playtime":1307,"items_purged":["Strike_B"],"score":260,"play_id":"c50f5bc4-562f-4874-b92e-8dbe70bfc585","local_time":"20190108150714","is_ascension_mode":true,"campfire_choices":[{"data":"Dualcast","floor":6,"key":"SMITH"},{"floor":10,"key":"REST"},{"data":"Capacitor","floor":12,"key":"SMITH"},{"data":"Capacitor","floor":15,"key":"SMITH"}],"neow_cost":"NONE","seed_source_timestamp":1626058463913974,"circlet_count":0,"master_deck":["Strike_B","Strike_B","Strike_B","Defend_B","Defend_B","Defend_B","Defend_B","Zap","Dualcast+1","Steam","Cold Snap","Redo","Cold Snap","Capacitor+1","Capacitor+1","Glacier","Rebound+1","FTL+1"],"relics":["Cracked Core","Meat on the Bone","Darkstone Periapt","Girya","Nuclear Battery","MutagenicStrength"],"potions_floor_usage":[14,16,21,21,21],"damage_taken":[{"damage":0,"enemies":"Cultist","floor":1,"turns":4},{"damage":0,"enemies":"Small Slimes","floor":2,"turns":2},{"damage":2,"enemies":"Jaw Worm","floor":3,"turns":4},{"damage":7,"enemies":"Blue Slaver","floor":4,"turns":4},{"damage":7,"enemies":"3 Louse","floor":5,"turns":4},{"damage":10,"enemies":"Lots of Slimes","floor":7,"turns":5},{"damage":25,"enemies":"Lagavulin","floor":8,"turns":8},{"damage":13,"enemies":"Exordium Thugs","floor":11,"turns":4},{"damage":26,"enemies":"Gremlin Nob","floor":14,"turns":5},{"damage":15,"enemies":"The Guardian","floor":16,"turns":16},{"damage":25,"enemies":"Chosen","floor":18,"turns":8},{"damage":20,"enemies":"Shell Parasite","floor":20,"turns":11},{"damage":27,"enemies":"Centurion and Healer","floor":21,"turns":22},{"damage":29,"enemies":"Chosen and Byrds","floor":22,"turns":6}],"seed_played":"2495172915401564962","potions_obtained":[{"floor":2,"key":"Strength Potion"},{"floor":7,"key":"Dexterity Potion"},{"floor":8,"key":"Dexterity Potion"},{"floor":14,"key":"Dexterity Potion"},{"floor":18,"key":"GamblersBrew"}],"is_trial":false,"path_per_floor":["M","M","M","M","M","R","M","E","T","R","M","R","$","E","R","B",null,"M","?","M","M","M"],"character_chosen":"DEFECT","items_purchased":["Capacitor","Glacier"],"campfire_rested":1,"item_purchase_floors":[13,13],"current_hp_per_floor":[75,75,73,66,59,59,49,24,24,48,47,47,47,33,33,30,69,44,44,36,21,0],"gold":185,"neow_bonus":"TEN_PERCENT_HP_BONUS","is_prod":false,"is_daily":false,"chose_seed":false,"campfire_upgraded":3,"win_rate":0,"timestamp":1546956434,"path_taken":["M","M","M","M","M","R","M","E","T","R","M","R","$","E","R","BOSS","M","?","M","M","M"],"build_version":"2019-01-03v4","purchased_purges":1,"victory":false,"max_hp_per_floor":[82,82,82,82,82,82,82,82,82,82,82,82,82,82,82,82,82,82,82,82,82,82],"card_choices":[{"not_picked":["Turbo","Rebound"],"picked":"Steam","floor":1},{"not_picked":["Force Field","Hologram"],"picked":"Cold Snap","floor":2},{"not_picked":["Rip and Tear","Undo"],"picked":"Redo","floor":3},{"not_picked":["Coolheaded","Darkness"],"picked":"Cold Snap","floor":4},{"not_picked":["Aggregate","Go for the Eyes","Sweeping Beam"],"picked":"SKIP","floor":5},{"not_picked":["White Noise","Ball Lightning"],"picked":"Capacitor","floor":7},{"not_picked":["Cold Snap","Go for the Eyes","Multi-Cast"],"picked":"SKIP","floor":8},{"not_picked":["Leap","Redo","Skim"],"picked":"SKIP","floor":11},{"not_picked":["Streamline","Aggregate","Double Energy"],"picked":"SKIP","floor":14},{"not_picked":["Turbo","Compile Driver"],"picked":"Rebound+1","floor":18},{"not_picked":["Streamline","Sweeping Beam","Tempest+1"],"picked":"SKIP","floor":20},{"not_picked":["Double Energy","Leap+1"],"picked":"FTL+1","floor":21}],"player_experience":649707,"relics_obtained":[{"floor":8,"key":"Meat on the Bone"},{"floor":9,"key":"Darkstone Periapt"},{"floor":14,"key":"Girya"}],"event_choices":[{"damage_healed":0,"gold_gain":0,"player_choice":"Inject Mutagens","damage_taken":0,"relics_obtained":["MutagenicStrength"],"max_hp_gain":0,"max_hp_loss":0,"event_name":"Drug Dealer","floor":19,"gold_loss":0}],"is_beta":false,"boss_relics":[{"not_picked":["Orrery","Velvet Choker"],"picked":"Nuclear Battery"}],"items_purged_floors":[13],"is_endless":false,"potions_floor_spawned":[2,7,8,11,14,18],"killed_by":"Chosen and Byrds","ascension_level":6}