{"path_per_floor":["M","M","M","?","?","E","R","E","T","M","$","?","?","M","R","B",null,"M","?","?","M","M","M","$","?","T","R","M","M","R"],"character_chosen":"THE_SILENT","items_purchased":["Toolbox","Heel Hook","Infinite Blades"],"gold_per_floor":[116,126,139,139,119,450,450,480,506,518,99,99,99,112,112,207,207,219,219,119,139,158,171,71,71,71,71,91,107,107],"floor_reached":31,"campfire_rested":2,"playtime":2901,"current_hp_per_floor":[70,70,70,63,63,27,27,16,23,25,25,25,50,54,54,40,77,65,65,65,52,32,28,28,14,14,38,8,6,30],"items_purged":["Strike_G","Venomology"],"gold":107,"score":247,"play_id":"6e8601b8-9559-4479-a83e-c57d900227af","is_prod":false,"is_daily":false,"is_ascension_mode":false,"campfire_upgraded":2,"path_taken":["M","M","M","?","?","E","R","E","T","M","?","?","?","M","R","BOSS","M","?","?","M","M","?","?","?","T","R","M","?","R","E"],"build_version":"2018-02-15-PROD1","purchased_purges":2,"victory":false,"master_deck":["Defend_G+1","Defend_G+1","Defend_G+1","Defend_G+1","Defend_G+1","Strike_G+1","Strike_G+1","Strike_G+1","Survivor","Neutralize","Blur","Poisoned Stab+1","Footwork+1","Deadly Poison","Backstab","Distraction","Heel Hook","Infinite Blades","A Thousand Cuts","J.A.X.","Noxious Fumes+1","Bouncing Flask+1","Endless Agony+1","Malaise","Outmaneuver"],"max_hp_per_floor":[70,70,70,70,70,70,70,70,77,77,77,77,77,77,77,77,77,77,77,77,77,77,77,77,82,82,82,82,82,82],"relics":["Black Star","Peace Pipe","Old Coin","Blood Vial","Ancient Tea Set","Strawberry","Toolbox","Sozu","Oddly Smooth Stone"],"card_choices":[{"not_picked":["Choke","Predator"],"picked":"Blur"},{"not_picked":["Expertise","Dagger Spray"],"picked":"Poisoned Stab"},{"not_picked":["Bane","Dodge and Roll"],"picked":"Footwork"},{"not_picked":["Backflip","Flying Knee"],"picked":"Deadly Poison"},{"not_picked":["Backflip","Dagger Spray"],"picked":"Backstab"},{"not_picked":["Sucker Punch","Outmaneuver"],"picked":"Distraction"},{"not_picked":["Finisher","Dagger Throw"],"picked":"Venomology"},{"not_picked":["Doppelganger","Venomology"],"picked":"A Thousand Cuts"},{"not_picked":["PiercingWail","Riddle With Holes"],"picked":"Noxious Fumes"},{"not_picked":["Quick Slash","Sucker Punch"],"picked":"Bouncing Flask"},{"not_picked":["Acrobatics","Outmaneuver"],"picked":"Endless Agony"},{"not_picked":["Distraction","Deflect"],"picked":"Malaise"},{"not_picked":["Dagger Spray","Deadly Poison"],"picked":"Outmaneuver"}],"player_experience":126278,"potions_floor_usage":[6,6,16],"damage_taken":[{"damage":0,"enemies":"Jaw Worm","floor":1,"turns":5},{"damage":0,"enemies":"Cultist","floor":2,"turns":6},{"damage":0,"enemies":"Small Slimes","floor":3,"turns":4},{"damage":48,"enemies":"Gremlin Nob","floor":6,"turns":8},{"damage":11,"enemies":"Lagavulin","floor":8,"turns":8},{"damage":0,"enemies":"Gremlin Gang","floor":10,"turns":6},{"damage":2,"enemies":"Looter","floor":14,"turns":3},{"damage":16,"enemies":"The Guardian","floor":16,"turns":10},{"damage":12,"enemies":"Spheric Guardian","floor":18,"turns":6},{"damage":15,"enemies":"Chosen","floor":21,"turns":6},{"damage":22,"enemies":"Snecko","floor":22,"turns":5},{"damage":6,"enemies":"Centurion and Healer","floor":23,"turns":7},{"damage":36,"enemies":"3 Cultists","floor":28,"turns":6},{"damage":4,"enemies":"Snake Plant","floor":29,"turns":5},{"damage":36,"enemies":"Slavers","floor":31,"turns":5}],"event_choices":[{"event_name":"Wheel of Change","player_choice":"Damage","floor":4,"damage_taken":0},{"event_name":"The Woman in Blue","player_choice":"Bought 1 Potion","floor":5,"damage_taken":0},{"event_name":"Bonfire Elementals","player_choice":"BASIC","floor":12,"damage_taken":0},{"event_name":"Big Fish","player_choice":"Banana","floor":13,"damage_taken":0},{"event_name":"Back to Basics","player_choice":"Simplicity","floor":19,"damage_taken":0},{"event_name":"Drug Dealer","player_choice":"Got JAXXED","floor":20,"damage_taken":0},{"event_name":"Forgotten Altar","player_choice":"Shed Blood","floor":25,"damage_taken":0}],"boss_relics":[{"not_picked":["Ectoplasm","Astrolabe"],"picked":"Sozu"}],"potions_floor_spawned":[1,8,10,21,28,29],"seed_played":"-3088257297080427071","killed_by":"Slavers","ascension_level":0,"is_trial":false}