{"gold_per_floor":[119,119,137,156,167,202,213,213,213,240,251,251,262,227,227,325,325,338,44,57,57,57,57],"floor_reached":23,"playtime":1012,"items_purged":["Strike_B"],"score":233,"play_id":"55776263-c74a-4eeb-8ca4-457dd03cc1d5","local_time":"20190225162733","is_ascension_mode":true,"campfire_choices":[{"floor":8,"key":"REST"},{"data":"Dualcast","floor":12,"key":"SMITH"},{"data":"Zap","floor":15,"key":"SMITH"}],"neow_cost":"NONE","seed_source_timestamp":22471962276245,"circlet_count":0,"master_deck":["Strike_B","Strike_B","Defend_B","Defend_B","Defend_B","Defend_B","Zap+1","Dualcast+1","Conserve Battery","Scrape","Cold Snap+1","Gash","Melter","Genetic Algorithm+1","Chill+1","Ball Lightning+1","Beam Cell","Sweeping Beam","Biased Cognition","Double Energy+1","Conserve Battery+1","Turbo+1","Blizzard"],"relics":["Cracked Core","Anchor","Toxic Egg 2","Bottled Flame","Juzu Bracelet","Inserter","Whetstone","Thread and Needle"],"potions_floor_usage":[6,7,18,18],"damage_taken":[{"damage":2,"enemies":"Jaw Worm","floor":1,"turns":4},{"damage":0,"enemies":"Cultist","floor":3,"turns":5},{"damage":0,"enemies":"2 Louse","floor":4,"turns":2},{"damage":0,"enemies":"Looter","floor":5,"turns":3},{"damage":19,"enemies":"Gremlin Nob","floor":6,"turns":5},{"damage":0,"enemies":"3 Louse","floor":7,"turns":3},{"damage":9,"enemies":"3 Sentries","floor":10,"turns":8},{"damage":0,"enemies":"Exordium Thugs","floor":11,"turns":5},{"damage":0,"enemies":"2 Fungi Beasts","floor":13,"turns":2},{"damage":40,"enemies":"Hexaghost","floor":16,"turns":11},{"damage":0,"enemies":"Shell Parasite","floor":18,"turns":2},{"damage":0,"enemies":"Spheric Guardian","floor":20,"turns":1},{"damage":84,"enemies":"Slavers","floor":23,"turns":7}],"seed_played":"-7268296674910154474","potions_obtained":[{"floor":3,"key":"Energy Potion"},{"floor":4,"key":"EssenceOfSteel"},{"floor":6,"key":"FearPotion"},{"floor":13,"key":"FocusPotion"}],"is_trial":false,"path_per_floor":["M","?","M","M","M","E","M","R","T","E","M","R","M","?","R","B",null,"M","$","M","?","?","E"],"character_chosen":"DEFECT","items_purchased":["Whetstone","Conserve Battery+1","Turbo+1"],"campfire_rested":1,"item_purchase_floors":[19,19,19],"current_hp_per_floor":[73,73,73,73,73,54,54,75,75,66,66,66,66,75,75,35,75,75,75,75,75,75,0],"gold":57,"neow_bonus":"RANDOM_COMMON_RELIC","is_prod":false,"is_daily":false,"chose_seed":false,"campfire_upgraded":2,"win_rate":0,"timestamp":1551133653,"path_taken":["M","?","M","M","M","E","M","R","T","E","M","R","M","?","R","BOSS","M","$","M","?","?","E"],"build_version":"2019-01-23","purchased_purges":1,"victory":false,"max_hp_per_floor":[75,75,75,75,75,75,75,75,75,75,75,75,75,75,75,75,75,75,75,75,75,75,75],"card_choices":[{"not_picked":["Undo","Darkness"],"picked":"Conserve Battery","floor":1},{"not_picked":["Streamline","Darkness"],"picked":"Cold Snap","floor":3},{"not_picked":["Coolheaded","Hologram"],"picked":"Gash","floor":4},{"not_picked":["Self Repair","Leap"],"picked":"Melter","floor":5},{"not_picked":["Sweeping Beam","Barrage"],"picked":"Genetic Algorithm","floor":6},{"not_picked":["Sweeping Beam","Turbo+1"],"picked":"Chill+1","floor":7},{"not_picked":["Cold Snap","Blizzard"],"picked":"Ball Lightning","floor":10},{"not_picked":["Recycle+1","Scrape"],"picked":"Beam Cell","floor":11},{"not_picked":["Compile Driver","Barrage"],"picked":"Sweeping Beam","floor":13},{"not_picked":["Meteor Strike","Buffer"],"picked":"Biased Cognition","floor":16},{"not_picked":["Barrage","Loop"],"picked":"Double Energy+1","floor":18},{"not_picked":["Chill+1","Force Field+1"],"picked":"Blizzard","floor":20}],"player_experience":402960,"relics_obtained":[{"floor":6,"key":"Toxic Egg 2"},{"floor":9,"key":"Bottled Flame"},{"floor":10,"key":"Juzu Bracelet"}],"event_choices":[{"damage_healed":0,"gold_gain":0,"cards_transformed":["Strike_B"],"player_choice":"Transformed","damage_taken":0,"max_hp_gain":0,"max_hp_loss":0,"event_name":"Transmorgrifier","floor":2,"gold_loss":0,"cards_obtained":["Scrape"]},{"damage_healed":18,"gold_gain":0,"player_choice":"Healed","damage_taken":0,"max_hp_gain":0,"max_hp_loss":0,"event_name":"The Cleric","floor":14,"gold_loss":35},{"damage_healed":0,"gold_gain":0,"player_choice":"Ignored","damage_taken":0,"max_hp_gain":0,"max_hp_loss":0,"event_name":"Vampires","floor":21,"gold_loss":0},{"damage_healed":0,"gold_gain":0,"player_choice":"Opened","damage_taken":0,"relics_obtained":["Thread and Needle"],"max_hp_gain":0,"max_hp_loss":0,"event_name":"The Mausoleum","floor":22,"gold_loss":0}],"is_beta":false,"boss_relics":[{"not_picked":["Calling Bell","Tiny House"],"picked":"Inserter"}],"items_purged_floors":[19],"is_endless":false,"potions_floor_spawned":[3,4,6,13],"killed_by":"Slavers","ascension_level":3}