{"gold_per_floor":[116,136,106,120,135,135,195,156,181,209,240,240,257,270,270,366,366,377,391,407,407,427,459,73,84,109,109,154,154,171,183,183,183],"floor_reached":33,"playtime":1442,"items_purged":["Parasite"],"score":323,"play_id":"c3415163-39c2-4394-899f-f5c0bae9d900","local_time":"20190225114053","is_ascension_mode":true,"campfire_choices":[{"floor":6,"key":"REST"},{"floor":12,"key":"REST"},{"floor":15,"key":"REST"},{"floor":27,"key":"REST"},{"floor":29,"key":"REST"},{"floor":32,"key":"REST"}],"neow_cost":"CURSE","seed_source_timestamp":4841549681545,"circlet_count":0,"master_deck":["Strike_B","Strike_B","Strike_B","Strike_B","Defend_B","Defend_B","Defend_B","Defend_B","Zap","Dualcast","Chill","Stack","Defragment","Rebound","Beam Cell","Stack","Multi-Cast","Melter","Redo","Electrodynamics","Genetic Algorithm","Sweeping Beam+1","Gash","Defragment","Auto Shields","Doom and Gloom+1","Conserve Battery","Doom and Gloom+1","Barrage+1"],"relics":["Cracked Core","Emotion Chip","Tiny Chest","Lantern","Odd Mushroom","DataDisk","Inserter","Molten Egg 2","Letter Opener","Centennial Puzzle","Pen Nib"],"potions_floor_usage":[5,7,7,14,18,22,22,33,33],"damage_taken":[{"damage":7,"enemies":"Jaw Worm","floor":1,"turns":3},{"damage":0,"enemies":"Cultist","floor":2,"turns":3},{"damage":0,"enemies":"2 Louse","floor":4,"turns":3},{"damage":15,"enemies":"Large Slime","floor":5,"turns":7},{"damage":22,"enemies":"Lagavulin","floor":7,"turns":6},{"damage":10,"enemies":"The Mushroom Lair","floor":10,"turns":6},{"damage":31,"enemies":"3 Sentries","floor":11,"turns":7},{"damage":4,"enemies":"Blue Slaver","floor":13,"turns":4},{"damage":0,"enemies":"Lots of Slimes","floor":14,"turns":3},{"damage":28,"enemies":"Slime Boss","floor":16,"turns":12},{"damage":6,"enemies":"Shell Parasite","floor":18,"turns":5},{"damage":17,"enemies":"3 Byrds","floor":19,"turns":5},{"damage":6,"enemies":"Shelled Parasite and Fungi","floor":20,"turns":7},{"damage":7,"enemies":"Centurion and Healer","floor":22,"turns":8},{"damage":18,"enemies":"Gremlin Leader","floor":23,"turns":7},{"damage":24,"enemies":"Snake Plant","floor":25,"turns":3},{"damage":11,"enemies":"Sentry and Sphere","floor":30,"turns":3},{"damage":21,"enemies":"Centurion and Healer","floor":31,"turns":3},{"damage":57,"enemies":"Automaton","floor":33,"turns":6}],"seed_played":"-2276851714889966474","potions_obtained":[{"floor":2,"key":"FearPotion"},{"floor":3,"key":"Strength Potion"},{"floor":3,"key":"SkillPotion"},{"floor":4,"key":"FocusPotion"},{"floor":11,"key":"SkillPotion"},{"floor":14,"key":"Weak Potion"},{"floor":18,"key":"Energy Potion"},{"floor":19,"key":"Swift Potion"},{"floor":25,"key":"Poison Potion"},{"floor":30,"key":"Poison Potion"},{"floor":31,"key":"SteroidPotion"}],"is_trial":false,"path_per_floor":["M","M","?","M","M","R","E","?","T","?","E","R","M","M","R","B",null,"M","M","M","?","M","E","$","M","T","R","T","R","M","M","R","B"],"character_chosen":"DEFECT","items_purchased":["Doom and Gloom+1","Letter Opener"],"campfire_rested":6,"item_purchase_floors":[24,24],"current_hp_per_floor":[68,68,68,68,53,75,53,53,53,43,12,34,30,30,52,24,75,69,52,46,71,64,46,46,22,22,43,43,64,53,32,53,0],"gold":183,"neow_bonus":"ONE_RARE_RELIC","is_prod":false,"is_daily":false,"chose_seed":false,"campfire_upgraded":0,"win_rate":0,"timestamp":1551116453,"path_taken":["M","M","?","?","M","R","E","?","T","?","E","R","M","M","R","BOSS","M","M","M","?","M","E","$","M","T","R","?","R","?","M","R","BOSS"],"build_version":"2019-01-23","purchased_purges":1,"victory":false,"max_hp_per_floor":[75,75,75,75,75,75,75,75,75,75,75,75,75,75,75,75,75,75,75,75,75,75,75,72,72,72,72,72,72,72,72,72,72],"card_choices":[{"not_picked":["Beam Cell","Coolheaded"],"picked":"Chill","floor":1},{"not_picked":["Go for the Eyes","Fusion"],"picked":"Stack","floor":2},{"not_picked":["Hologram","Conserve Battery"],"picked":"Defragment","floor":4},{"not_picked":["Turbo","Hologram"],"picked":"Rebound","floor":5},{"not_picked":["Aggregate","Meteor Strike"],"picked":"Beam Cell","floor":7},{"not_picked":["Chill","Reinforced Body"],"picked":"Stack","floor":10},{"not_picked":["Cold Snap","Hologram"],"picked":"Multi-Cast","floor":11},{"not_picked":["Streamline","Compile Driver"],"picked":"Melter","floor":13},{"not_picked":["Rebound","Turbo"],"picked":"Redo","floor":14},{"not_picked":["Biased Cognition","Amplify"],"picked":"Electrodynamics","floor":16},{"not_picked":["Coolheaded+1","Compile Driver+1"],"picked":"Genetic Algorithm","floor":18},{"not_picked":["Coolheaded","Barrage"],"picked":"Sweeping Beam+1","floor":19},{"not_picked":["Reinforced Body","Heatsinks+1"],"picked":"Gash","floor":20},{"not_picked":["Rebound","Barrage+1"],"picked":"Defragment","floor":22},{"not_picked":["Reboot","Coolheaded"],"picked":"Auto Shields","floor":23},{"not_picked":["Cold Snap+1","Aggregate"],"picked":"Conserve Battery","floor":25},{"not_picked":["Redo","Cold Snap+1"],"picked":"Doom and Gloom+1","floor":30},{"not_picked":["Streamline+1","Force Field"],"picked":"Barrage+1","floor":31}],"player_experience":386126,"relics_obtained":[{"floor":7,"key":"Tiny Chest"},{"floor":9,"key":"Lantern"},{"floor":10,"key":"Odd Mushroom"},{"floor":11,"key":"DataDisk"},{"floor":23,"key":"Molten Egg 2"},{"floor":26,"key":"Centennial Puzzle"},{"floor":28,"key":"Pen Nib"}],"event_choices":[{"damage_healed":0,"gold_gain":0,"player_choice":"Bought 2 Potions","damage_taken":0,"max_hp_gain":0,"max_hp_loss":0,"event_name":"The Woman in Blue","floor":3,"gold_loss":0},{"damage_healed":0,"gold_gain":0,"player_choice":"Left Gold","damage_taken":0,"max_hp_gain":0,"max_hp_loss":0,"event_name":"World of Goop","floor":8,"gold_loss":39},{"damage_healed":0,"gold_gain":0,"player_choice":"Fought Mushrooms","damage_taken":0,"max_hp_gain":0,"max_hp_loss":0,"event_name":"Mushrooms","floor":10,"gold_loss":0},{"damage_healed":25,"gold_gain":0,"player_choice":"Heal","damage_taken":0,"max_hp_gain":0,"max_hp_loss":0,"event_name":"The Library","floor":21,"gold_loss":0}],"is_beta":false,"boss_relics":[{"not_picked":["Coffee Dripper","White Beast Statue"],"picked":"Inserter"}],"items_purged_floors":[24],"is_endless":false,"potions_floor_spawned":[2,4,11,14,18,19,25,30,31],"killed_by":"Automaton","ascension_level":3}