{"gold_per_floor":[113,113,124,124,134,164,164,179,247,259,259,271,289,305,305,407,407,396,496,514,531,543,543,555,555,555,74,85,85,115,48,48,152,152,168,0,300,313,313],"floor_reached":39,"playtime":1927,"items_purged":["Strike_B"],"score":596,"play_id":"63065392-0804-4f93-92aa-4e59f641d55c","local_time":"20190228183659","is_ascension_mode":true,"campfire_choices":[{"floor":7,"key":"REST"},{"floor":15,"key":"REST"},{"floor":23,"key":"REST"},{"data":"Echo Form","floor":25,"key":"SMITH"},{"data":"Buffer","floor":29,"key":"SMITH"},{"data":"Self Repair","floor":32,"key":"SMITH"}],"neow_cost":"TEN_PERCENT_HP_LOSS","seed_source_timestamp":21564408392960,"circlet_count":0,"master_deck":["Strike_B","Defend_B","Defend_B","Defend_B","Defend_B","Zap","Dualcast","Streamline+1","Streamline","Stack","Self Repair","Reinforced Body","Buffer+1","Conserve Battery","Ball Lightning","Darkness","Echo Form+1","Tempest+1","Chaos+1","BootSequence","Melter","Darkness","Capacitor","Conserve Battery+1","White Noise","Self Repair+1","Fission","Ball Lightning+1"],"relics":["Cracked Core","StoneCalendar","Du-Vu Doll","Anchor","Letter Opener","Eternal Feather","Pantograph","Ancient Tea Set","Orichalcum","Empty Cage","Red Mask"],"potions_floor_usage":[16,18,24,28,38,39],"damage_taken":[{"damage":6,"enemies":"Cultist","floor":1,"turns":3},{"damage":0,"enemies":"2 Louse","floor":3,"turns":2},{"damage":3,"enemies":"Small Slimes","floor":5,"turns":3},{"damage":30,"enemies":"3 Sentries","floor":6,"turns":7},{"damage":0,"enemies":"Red Slaver","floor":8,"turns":3},{"damage":0,"enemies":"3 Louse","floor":10,"turns":3},{"damage":11,"enemies":"Looter","floor":12,"turns":3},{"damage":9,"enemies":"Gremlin Gang","floor":13,"turns":5},{"damage":2,"enemies":"Red Slaver","floor":14,"turns":3},{"damage":20,"enemies":"Slime Boss","floor":16,"turns":7},{"damage":13,"enemies":"2 Thieves","floor":18,"turns":4},{"damage":18,"enemies":"Spheric Guardian","floor":20,"turns":7},{"damage":23,"enemies":"Centurion and Healer","floor":21,"turns":6},{"damage":13,"enemies":"Chosen and Byrds","floor":22,"turns":7},{"damage":14,"enemies":"Snake Plant","floor":24,"turns":4},{"damage":42,"enemies":"Sentry and Sphere","floor":28,"turns":6},{"damage":1,"enemies":"Book of Stabbing","floor":30,"turns":3},{"damage":0,"enemies":"Champ","floor":33,"turns":12},{"damage":31,"enemies":"Orb Walker","floor":35,"turns":6},{"damage":44,"enemies":"3 Darklings","floor":38,"turns":7},{"damage":35,"enemies":"Transient","floor":39,"turns":5}],"seed_played":"4167455966535050488","potions_obtained":[{"floor":1,"key":"Poison Potion"},{"floor":5,"key":"SpeedPotion"},{"floor":12,"key":"Swift Potion"},{"floor":13,"key":"Weak Potion"},{"floor":20,"key":"Explosive Potion"},{"floor":24,"key":"SpeedPotion"},{"floor":35,"key":"SteroidPotion"}],"is_trial":false,"path_per_floor":["M","?","M","?","M","E","R","M","T","M","$","M","M","M","R","B",null,"M","?","M","M","M","R","M","R","T","$","M","R","E","$","R","B",null,"M","?","?","M","M"],"character_chosen":"DEFECT","items_purchased":["Melter","Darkness","Ancient Tea Set","Fire Potion","Capacitor","Self Repair"],"campfire_rested":3,"item_purchase_floors":[27,27,27,27,27,31],"current_hp_per_floor":[62,62,62,59,56,26,46,53,53,53,53,49,47,52,68,55,65,59,59,48,39,33,65,65,68,68,68,40,55,54,54,68,68,68,54,54,54,27,0],"gold":313,"neow_bonus":"ONE_RARE_RELIC","is_prod":false,"is_daily":false,"chose_seed":false,"campfire_upgraded":3,"win_rate":0,"timestamp":1551400619,"path_taken":["M","?","?","?","M","E","R","M","T","M","$","M","M","M","R","BOSS","M","?","M","?","M","R","M","R","T","$","M","R","E","$","R","BOSS","M","?","?","?","M"],"build_version":"2019-01-23","purchased_purges":1,"victory":false,"max_hp_per_floor":[68,68,68,68,68,68,68,68,68,68,68,68,68,68,68,68,68,68,68,68,68,68,68,68,68,68,68,68,68,68,68,68,68,68,68,68,68,68,68],"card_choices":[{"not_picked":["Loop","Static Discharge"],"picked":"Streamline","floor":1},{"not_picked":["Steam","Hologram"],"picked":"Streamline","floor":3},{"not_picked":["Steam Power","Redo"],"picked":"Stack","floor":5},{"not_picked":["Steam Power","Chill"],"picked":"Self Repair","floor":6},{"not_picked":["Rebound","Turbo"],"picked":"Reinforced Body","floor":8},{"not_picked":["Barrage","Sweeping Beam"],"picked":"Buffer","floor":10},{"not_picked":["Rebound","Beam Cell"],"picked":"Conserve Battery","floor":12},{"not_picked":["Beam Cell","Redo"],"picked":"Ball Lightning","floor":13},{"not_picked":["Barrage","Double Energy"],"picked":"Darkness","floor":14},{"not_picked":["Machine Learning","All For One"],"picked":"Echo Form","floor":16},{"not_picked":["Storm","Chill","Beam Cell"],"picked":"SKIP","floor":18},{"not_picked":["Blizzard","Conserve Battery+1"],"picked":"Tempest+1","floor":20},{"not_picked":["Gash","Compile Driver+1"],"picked":"Chaos+1","floor":21},{"not_picked":["Sweeping Beam","Cold Snap","Hello World"],"picked":"SKIP","floor":22},{"not_picked":["Gash+1","Chill"],"picked":"BootSequence","floor":24},{"not_picked":["Genetic Algorithm+1","Beam Cell+1"],"picked":"Conserve Battery+1","floor":28},{"not_picked":["Cold Snap+1","Sunder+1"],"picked":"White Noise","floor":30},{"not_picked":["Meteor Strike","Creative AI"],"picked":"Fission","floor":33},{"not_picked":["Cold Snap","Hologram"],"picked":"Ball Lightning+1","floor":35},{"not_picked":["Fusion+1","Static Discharge","Gash"],"picked":"SKIP","floor":38}],"player_experience":480666,"relics_obtained":[{"floor":6,"key":"Anchor"},{"floor":9,"key":"Letter Opener"},{"floor":26,"key":"Pantograph"},{"floor":30,"key":"Orichalcum"}],"event_choices":[{"damage_healed":0,"gold_gain":0,"player_choice":"Upgraded","damage_taken":0,"max_hp_gain":0,"max_hp_loss":0,"event_name":"Upgrade Shrine","floor":2,"gold_loss":0,"cards_upgraded":["Streamline"]},{"damage_healed":0,"gold_gain":0,"player_choice":"Success","damage_taken":3,"relics_obtained":["Du-Vu Doll"],"max_hp_gain":0,"max_hp_loss":0,"event_name":"Scrap Ooze","floor":4,"gold_loss":0},{"damage_healed":0,"gold_gain":100,"player_choice":"Pray","damage_taken":0,"max_hp_gain":0,"max_hp_loss":0,"event_name":"Golden Shrine","floor":19,"gold_loss":0},{"damage_healed":0,"gold_gain":0,"player_choice":"Paid","damage_taken":0,"relics_obtained":["Red Mask"],"max_hp_gain":0,"max_hp_loss":0,"event_name":"Tomb of Lord Red Mask","floor":36,"gold_loss":168},{"damage_healed":0,"gold_gain":300,"player_choice":"Gold","damage_taken":0,"max_hp_gain":0,"max_hp_loss":0,"event_name":"Wheel of Change","floor":37,"gold_loss":0}],"is_beta":false,"boss_relics":[{"not_picked":["Runic Pyramid","Coffee Dripper"],"picked":"Eternal Feather"},{"not_picked":["White Beast Statue","Lizard Tail"],"picked":"Empty Cage"}],"items_purged_floors":[27],"is_endless":false,"potions_floor_spawned":[1,5,12,13,20,24,33,35],"killed_by":"Transient","ascension_level":5}