{"path_per_floor":["M","?","M","M","?","E","R","?","T","T","M","R","M","$","R"],"character_chosen":"THE_SILENT","items_purchased":["Anchor","Noxious Fumes"],"gold_per_floor":[118,118,136,155,155,184,184,184,210,210,224,224,242,21,21],"floor_reached":16,"campfire_rested":2,"playtime":1095,"current_hp_per_floor":[63,63,63,63,63,4,4,4,4,4,4,22,10,10,28],"items_purged":[],"gold":21,"score":100,"play_id":"24b5b898-3a59-4fe3-9bb3-b29c3741f231","is_prod":false,"is_daily":false,"is_ascension_mode":false,"campfire_upgraded":1,"path_taken":["M","?","M","?","?","E","R","?","T","?","M","R","?","$","R","BOSS"],"build_version":"2018-02-22-PROD1","purchased_purges":0,"victory":false,"master_deck":["Defend_G","Defend_G","Defend_G","Defend_G","Defend_G","Strike_G","Strike_G","Strike_G","Strike_G","Strike_G","Survivor","Neutralize","Adrenaline","PiercingWail","Cloak And Dagger+1","Deadly Poison","Calculated Gamble","Normality","Night Terror","Predator","Noxious Fumes"],"max_hp_per_floor":[63,63,63,63,63,63,63,63,63,63,63,63,63,63,63],"relics":["Ring of the Snake","Oddly Smooth Stone","Vajra","Omamori","Sundial","Anchor"],"card_choices":[{"not_picked":["Die Die Die","Storm of Steel"],"picked":"Adrenaline"},{"not_picked":["Prepared","Flying Knee"],"picked":"PiercingWail"},{"not_picked":["Bane","Deadly Poison"],"picked":"Cloak And Dagger"},{"not_picked":["Prepared","Skewer"],"picked":"Deadly Poison"},{"not_picked":["Dagger Throw","Bane"],"picked":"Calculated Gamble"},{"not_picked":["Dagger Throw","Acrobatics"],"picked":"Night Terror"},{"not_picked":["Sucker Punch","Cloak And Dagger"],"picked":"Predator"}],"player_experience":144007,"potions_floor_usage":[6,16,16],"damage_taken":[{"damage":0,"enemies":"2 Louse","floor":1,"turns":4},{"damage":0,"enemies":"Small Slimes","floor":3,"turns":3},{"damage":0,"enemies":"Cultist","floor":4,"turns":5},{"damage":59,"enemies":"Gremlin Nob","floor":6,"turns":6},{"damage":0,"enemies":"Gremlin Gang","floor":11,"turns":6},{"damage":12,"enemies":"Large Slime","floor":13,"turns":3},{"damage":37,"enemies":"Slime Boss","floor":16,"turns":10}],"event_choices":[{"event_name":"Liars Game","player_choice":"disagreed","floor":2,"damage_taken":0},{"event_name":"Wheel of Change","player_choice":"Full Heal","floor":5,"damage_taken":0},{"event_name":"Accursed Blacksmith","player_choice":"Rummage","floor":8,"damage_taken":0}],"boss_relics":[],"potions_floor_spawned":[3,11,13],"seed_played":"633904131357594773","killed_by":"Slime Boss","ascension_level":0,"is_trial":false}