{"gold_per_floor":[17,33,108,108,6,44,62,62,87,121,121,121,154,154,154,284,284,303,319,244,244,159,171,206,218,301,329,361,373,410,422,434,546,558,583,610,622,689,717,729,754,766,778,790,802,814,826,838,850,862,874,886,40,68,68],"floor_reached":55,"playtime":1729,"items_purged":["Defend_R"],"score":871,"play_id":"d62ce66c-60f6-492a-8df2-4cffa33ce31b","local_time":"20181126200836","is_ascension_mode":true,"campfire_choices":[{"data":"Shrug It Off","floor":8,"key":"SMITH"},{"data":"True Grit","floor":12,"key":"SMITH"},{"data":"Shockwave","floor":15,"key":"SMITH"},{"data":"Demon Form","floor":23,"key":"SMITH"},{"data":"Warcry","floor":25,"key":"SMITH"},{"data":"Disarm","floor":32,"key":"SMITH"},{"floor":40,"key":"RECALL"},{"data":"Disarm","floor":42,"key":"SMITH"},{"data":"Battle Trance","floor":44,"key":"SMITH"},{"data":"Bash","floor":47,"key":"SMITH"},{"data":"Strike_R","floor":49,"key":"SMITH"},{"data":"Strike_R","floor":52,"key":"SMITH"}],"neow_cost":"NO_GOLD","seed_source_timestamp":951642062074349,"circlet_count":0,"master_deck":["Strike_R","Strike_R","Strike_R","Strike_R+1","Strike_R+1","Bash+1","Immolate+1","Disarm+1","Shockwave+1","Shrug It Off+1","True Grit+1","Disarm+1","Demon Form+1","Warcry+1","Heavy Blade+1","Battle Trance+1","Warcry+1","Finesse"],"relics":["Burning Blood","Bloody Idol","Pen Nib","Vajra","Juzu Bracelet","Orichalcum","Runic Dome","Centennial Puzzle","MawBank","Bottled Tornado","Bag of Marbles","Coffee Dripper","Champion Belt","Turnip","Anchor","Medical Kit","Gremlin Horn"],"potions_floor_usage":[6,10,10,28,28,38,50,50],"damage_taken":[{"damage":2,"enemies":"Jaw Worm","floor":1,"turns":3},{"damage":0,"enemies":"Small Slimes","floor":2,"turns":2},{"damage":24,"enemies":"Gremlin Nob","floor":6,"turns":4},{"damage":0,"enemies":"Cultist","floor":7,"turns":3},{"damage":9,"enemies":"3 Sentries","floor":10,"turns":6},{"damage":24,"enemies":"Gremlin Nob","floor":13,"turns":4},{"damage":9,"enemies":"Hexaghost","floor":16,"turns":9},{"damage":21,"enemies":"2 Thieves","floor":18,"turns":3},{"damage":2,"enemies":"Chosen","floor":19,"turns":4},{"damage":14,"enemies":"3 Cultists","floor":24,"turns":4},{"damage":16,"enemies":"Snake Plant","floor":27,"turns":4},{"damage":15,"enemies":"Centurion and Healer","floor":28,"turns":4},{"damage":14,"enemies":"Collector","floor":33,"turns":6},{"damage":23,"enemies":"3 Darklings","floor":35,"turns":4},{"damage":7,"enemies":"Orb Walker","floor":36,"turns":3},{"damage":6,"enemies":"2 Orb Walkers","floor":38,"turns":2},{"damage":13,"enemies":"3 Darklings","floor":39,"turns":4},{"damage":9,"enemies":"Transient","floor":41,"turns":5},{"damage":38,"enemies":"Time Eater","floor":50,"turns":7},{"damage":60,"enemies":"Shield and Spear","floor":54,"turns":5},{"damage":59,"enemies":"The Heart","floor":55,"turns":2}],"seed_played":"8322641782094263477","potions_obtained":[{"floor":6,"key":"Block Potion"},{"floor":13,"key":"EssenceOfSteel"},{"floor":18,"key":"FearPotion"},{"floor":24,"key":"SkillPotion"},{"floor":28,"key":"Fruit Juice"},{"floor":36,"key":"EssenceOfSteel"},{"floor":54,"key":"Weak Potion"}],"is_trial":false,"path_per_floor":["M","M","?","?","$","E","M","R","T","E","?","R","E","?","R","B",null,"M","M","?","T","?","R","M","R","T","M","M","?","T","?","R","B",null,"M","M","?","?","M","R","M","R","T","R","$","?","R","?","R","B",null,"R","$","E","B"],"character_chosen":"IRONCLAD","items_purchased":["SpeedPotion","Explosive Potion","Turnip","Anchor","Medical Kit","Finesse","Fire Potion"],"campfire_rested":0,"item_purchase_floors":[5,5,53,53,53,53,53],"current_hp_per_floor":[80,80,69,49,49,31,37,37,37,34,60,60,42,42,42,39,80,65,69,69,69,69,69,61,61,61,51,47,47,57,85,85,82,85,73,82,85,85,83,85,85,85,85,85,85,85,85,85,85,53,85,85,85,36,0],"gold":68,"neow_bonus":"THREE_RARE_CARDS","is_prod":false,"is_daily":false,"chose_seed":false,"campfire_upgraded":11,"win_rate":0,"timestamp":1543280916,"path_taken":["M","M","?","?","?","E","?","R","T","E","?","R","E","?","R","BOSS","M","M","?","?","?","R","M","R","T","M","M","?","?","?","R","BOSS","M","M","?","?","M","R","M","R","T","R","$","?","R","?","R","BOSS","R","$","E","BOSS"],"build_version":"2018-11-15","purchased_purges":1,"victory":false,"max_hp_per_floor":[80,80,80,80,80,80,80,80,80,80,80,80,80,80,80,80,80,80,80,80,80,80,80,80,80,80,80,85,85,85,85,85,85,85,85,85,85,85,85,85,85,85,85,85,85,85,85,85,85,85,85,85,85,85,85],"card_choices":[{"not_picked":["Reaper","Offering"],"picked":"Immolate","floor":0},{"not_picked":["Sword Boomerang","True Grit"],"picked":"Disarm","floor":1},{"not_picked":["Wild Strike","Pommel Strike"],"picked":"Shockwave","floor":2},{"not_picked":["Rage","Wild Strike"],"picked":"Shrug It Off","floor":6},{"not_picked":["Perfected Strike","Sword Boomerang","Thunderclap"],"picked":"SKIP","floor":7},{"not_picked":["Cleave","Immolate"],"picked":"True Grit","floor":10},{"not_picked":["Second Wind","Clash"],"picked":"Disarm","floor":13},{"not_picked":["Double Tap","Barricade"],"picked":"Demon Form","floor":16},{"not_picked":["Blood for Blood","Armaments"],"picked":"Warcry","floor":18},{"not_picked":["Bloodletting","Uppercut"],"picked":"Heavy Blade+1","floor":19},{"not_picked":["Perfected Strike","Shrug It Off"],"picked":"Battle Trance","floor":24},{"not_picked":["Anger+1","Intimidate+1","Entrench"],"picked":"SKIP","floor":27},{"not_picked":["Corruption","Fire Breathing","Twin Strike"],"picked":"SKIP","floor":28},{"not_picked":["Body Slam","Perfected Strike+1","Cleave"],"picked":"SKIP","floor":35},{"not_picked":["True Grit","Anger","Dropkick"],"picked":"SKIP","floor":36},{"not_picked":["Perfected Strike","Twin Strike+1"],"picked":"Warcry+1","floor":39},{"not_picked":["Dropkick+1","Searing Blow","True Grit"],"picked":"SKIP","floor":41},{"not_picked":["Pommel Strike","True Grit+1","Power Through+1"],"picked":"SKIP","floor":54}],"player_experience":382849,"relics_obtained":[{"floor":6,"key":"Pen Nib"},{"floor":9,"key":"Vajra"},{"floor":10,"key":"Juzu Bracelet"},{"floor":13,"key":"Orichalcum"},{"floor":21,"key":"Centennial Puzzle"},{"floor":26,"key":"Bottled Tornado"},{"floor":30,"key":"Bag of Marbles"},{"floor":38,"key":"Champion Belt"},{"floor":54,"key":"Gremlin Horn"}],"event_choices":[{"damage_healed":0,"gold_gain":75,"player_choice":"Gather Gold","damage_taken":11,"max_hp_gain":0,"max_hp_loss":0,"event_name":"World of Goop","floor":3,"gold_loss":0},{"damage_healed":0,"gold_gain":0,"player_choice":"Take Damage","damage_taken":20,"relics_obtained":["Golden Idol"],"max_hp_gain":0,"max_hp_loss":0,"event_name":"Golden Idol","floor":4,"gold_loss":0},{"damage_healed":26,"gold_gain":0,"player_choice":"Banana","damage_taken":0,"max_hp_gain":0,"max_hp_loss":0,"event_name":"Big Fish","floor":11,"gold_loss":0},{"damage_healed":0,"gold_gain":0,"player_choice":"Grow","damage_taken":0,"max_hp_gain":0,"max_hp_loss":0,"event_name":"Living Wall","floor":14,"gold_loss":0,"cards_upgraded":["Immolate"]},{"cards_removed":["Defend_R"],"damage_healed":0,"gold_gain":0,"player_choice":"Gave Gold","damage_taken":0,"max_hp_gain":0,"max_hp_loss":0,"event_name":"Beggar","floor":20,"gold_loss":75},{"damage_healed":0,"gold_gain":0,"player_choice":"Obtained Relic","damage_taken":0,"relics_obtained":["MawBank"],"max_hp_gain":0,"max_hp_loss":0,"event_name":"Addict","floor":22,"gold_loss":85},{"damage_healed":0,"gold_gain":0,"player_choice":"Gave Idol","damage_taken":0,"relics_obtained":["Bloody Idol"],"max_hp_gain":0,"max_hp_loss":0,"event_name":"Forgotten Altar","floor":29,"relics_lost":["Golden Idol"],"gold_loss":0},{"damage_healed":28,"gold_gain":0,"player_choice":"Heal","damage_taken":0,"max_hp_gain":0,"max_hp_loss":0,"event_name":"The Library","floor":31,"gold_loss":0},{"cards_removed":["Defend_R"],"damage_healed":0,"gold_gain":0,"player_choice":"Removed Skill","damage_taken":0,"max_hp_gain":0,"max_hp_loss":0,"event_name":"Falling","floor":37,"gold_loss":0},{"damage_healed":0,"gold_gain":0,"player_choice":"Fight","damage_taken":0,"max_hp_gain":0,"max_hp_loss":0,"event_name":"Mysterious Sphere","floor":38,"gold_loss":0},{"damage_healed":0,"gold_gain":0,"player_choice":"Ignored","damage_taken":0,"max_hp_gain":0,"max_hp_loss":0,"event_name":"Tomb of Lord Red Mask","floor":46,"gold_loss":0},{"cards_removed":["Defend_R"],"damage_healed":0,"gold_gain":0,"player_choice":"Purged","damage_taken":0,"max_hp_gain":0,"max_hp_loss":0,"event_name":"Purifier","floor":48,"gold_loss":0}],"is_beta":true,"boss_relics":[{"not_picked":["Pandora\u0027s Box","Empty Cage"],"picked":"Runic Dome"},{"not_picked":["Mark of Pain","Runic Cube"],"picked":"Coffee Dripper"}],"items_purged_floors":[53],"is_endless":false,"potions_floor_spawned":[6,13,18,24,28,36,54],"killed_by":"The Heart","ascension_level":4}