{"gold_per_floor":[115,130,144,144,162,195,3,19,19,19,19,49,49,105,105,202,202,220,220,3,21,40,70,70,30,30,30,40,56,56,19,19,116,116,127,147,147,3,103,103,103,103,103,121,2,19,19,30,30,30],"floor_reached":50,"playtime":2601,"items_purged":["Expertise"],"score":520,"play_id":"50ca142c-5304-4969-a3af-5aa15d52d7ae","local_time":"20190304113059","is_ascension_mode":false,"campfire_choices":[{"data":"Terror","floor":11,"key":"SMITH"},{"data":"Infinite Blades","floor":13,"key":"SMITH"},{"floor":15,"key":"REST"},{"floor":24,"key":"REST"},{"floor":30,"key":"REST"},{"floor":32,"key":"REST"},{"floor":40,"key":"REST"},{"floor":42,"key":"REST"},{"floor":47,"key":"REST"},{"floor":49,"key":"REST"}],"neow_cost":"NONE","seed_source_timestamp":4332702752785,"circlet_count":0,"master_deck":["Defend_G+1","Defend_G","Defend_G","Defend_G","Defend_G","Strike_G","Strike_G","Strike_G","Strike_G","Survivor","Neutralize","Terror+1","Cloak And Dagger","Skewer","Poisoned Stab","Bane","Caltrops","Dagger Spray","Infinite Blades+1","Blade Dance+1","Envenom","Dodge and Roll","Infinite Blades","Catalyst","Accuracy","Accuracy","Catalyst","Phantasmal Killer","Blade Dance","Blur","Flying Knee","Deadly Poison","Night Terror","Deadly Poison","Calculated Gamble+1","Madness","Madness","Footwork","Poisoned Stab+1","Choke+1","Purity","Caltrops","Blade Dance+1","Blade Dance+1"],"relics":["Ring of the Snake","Mummified Hand","Anchor","Juzu Bracelet","Centennial Puzzle","The Courier","Runic Pyramid","War Paint","Dream Catcher","Art of War","Tough Bandages","Busted Crown","Vajra","Tingsha","Singing Bowl"],"potions_floor_usage":[6,8,12,12,12,12,14,19,21,23,23,28,29,33,39,48,50,50],"damage_taken":[{"damage":0,"enemies":"2 Louse","floor":1,"turns":3},{"damage":0,"enemies":"Cultist","floor":2,"turns":3},{"damage":0,"enemies":"Small Slimes","floor":3,"turns":3},{"damage":7,"enemies":"2 Fungi Beasts","floor":5,"turns":5},{"damage":38,"enemies":"Gremlin Nob","floor":6,"turns":5},{"damage":15,"enemies":"Large Slime","floor":8,"turns":4},{"damage":13,"enemies":"Lagavulin","floor":12,"turns":6},{"damage":26,"enemies":"Lagavulin Event","floor":14,"turns":4},{"damage":29,"enemies":"Slime Boss","floor":16,"turns":8},{"damage":18,"enemies":"2 Thieves","floor":18,"turns":4},{"damage":0,"enemies":"Masked Bandits","floor":19,"turns":1},{"damage":0,"enemies":"Spheric Guardian","floor":21,"turns":3},{"damage":25,"enemies":"Snecko","floor":22,"turns":5},{"damage":22,"enemies":"Slavers","floor":23,"turns":5},{"damage":1,"enemies":"3 Cultists","floor":28,"turns":5},{"damage":12,"enemies":"Shelled Parasite and Fungi","floor":29,"turns":5},{"damage":53,"enemies":"Champ","floor":33,"turns":9},{"damage":19,"enemies":"3 Darklings","floor":35,"turns":4},{"damage":10,"enemies":"Orb Walker","floor":36,"turns":3},{"damage":12,"enemies":"Mind Bloom Boss Battle","floor":39,"turns":7},{"damage":14,"enemies":"Maw","floor":44,"turns":7},{"damage":28,"enemies":"4 Shapes","floor":46,"turns":4},{"damage":16,"enemies":"3 Darklings","floor":48,"turns":4},{"damage":72,"enemies":"Time Eater","floor":50,"turns":6}],"seed_played":"2367331016423670795","potions_obtained":[{"floor":0,"key":"Ancient Potion"},{"floor":0,"key":"SteroidPotion"},{"floor":0,"key":"Regen Potion"},{"floor":1,"key":"Regen Potion"},{"floor":3,"key":"Regen Potion"},{"floor":8,"key":"EntropicBrew"},{"floor":16,"key":"SmokeBomb"},{"floor":21,"key":"Fire Potion"},{"floor":22,"key":"Fire Potion"},{"floor":25,"key":"Dexterity Potion"},{"floor":25,"key":"SpeedPotion"},{"floor":25,"key":"PowerPotion"},{"floor":28,"key":"Ancient Potion"},{"floor":29,"key":"Block Potion"},{"floor":39,"key":"EssenceOfSteel"},{"floor":44,"key":"Fire Potion"},{"floor":48,"key":"Regen Potion"}],"is_trial":false,"path_per_floor":["M","M","M","?","M","E","$","M","T","?","R","E","R","?","R","B",null,"M","?","$","M","M","E","R","?","T","?","M","M","R","$","R","B",null,"M","M","?","$","?","R","?","R","T","M","$","M","R","M","R","B"],"character_chosen":"THE_SILENT","items_purchased":["Caltrops","Anchor","War Paint","Infinite Blades","Fire Potion","Flying Knee","Footwork","Vajra","Caltrops"],"campfire_rested":8,"item_purchase_floors":[7,7,20,20,20,31,38,38,45],"current_hp_per_floor":[70,70,70,70,63,37,37,36,36,36,36,38,38,12,33,4,70,52,52,52,52,27,5,26,26,26,26,25,13,34,34,55,2,70,51,41,32,32,20,41,41,62,62,48,48,22,45,29,51,0],"gold":30,"neow_bonus":"THREE_SMALL_POTIONS","is_prod":false,"is_daily":false,"chose_seed":false,"campfire_upgraded":2,"win_rate":0,"timestamp":1551720659,"path_taken":["M","M","M","?","M","E","?","?","T","?","R","E","R","?","R","BOSS","M","?","$","M","M","E","R","?","T","?","M","M","R","?","R","BOSS","M","M","?","$","?","R","?","R","T","M","$","M","R","M","R","BOSS"],"build_version":"2019-01-23","purchased_purges":1,"victory":false,"max_hp_per_floor":[70,70,70,70,70,70,70,70,70,70,70,70,70,70,70,70,70,70,70,70,70,70,70,70,70,70,70,70,70,70,70,70,70,70,70,70,70,70,70,70,70,70,70,70,70,72,74,74,74,74],"card_choices":[{"not_picked":["Blade Dance","Catalyst"],"picked":"Terror","floor":1},{"not_picked":["Reflex","Prepared"],"picked":"Cloak And Dagger","floor":2},{"not_picked":["Prepared","Bullet Time"],"picked":"Skewer","floor":3},{"not_picked":["Deflect","Dodge and Roll"],"picked":"Poisoned Stab","floor":5},{"not_picked":["Finisher","Deadly Poison"],"picked":"Bane","floor":6},{"not_picked":["Setup","Blur"],"picked":"Dagger Spray","floor":8},{"not_picked":["Finisher","Blade Dance"],"picked":"Infinite Blades","floor":12},{"not_picked":["Eviscerate","All Out Attack"],"picked":"Blade Dance","floor":14},{"not_picked":["Venomology","Die Die Die"],"picked":"Envenom","floor":16},{"not_picked":["Reflex","Prepared"],"picked":"Dodge and Roll","floor":18},{"not_picked":["Deadly Poison+1","Dodge and Roll"],"picked":"Catalyst","floor":21},{"not_picked":["Eviscerate","Poisoned Stab"],"picked":"Accuracy","floor":22},{"not_picked":["Prepared+1","PiercingWail"],"picked":"Accuracy","floor":23},{"not_picked":["Bane","Predator"],"picked":"Catalyst","floor":24},{"not_picked":["Sucker Punch","Eviscerate"],"picked":"Phantasmal Killer","floor":28},{"not_picked":["Flying Knee","All Out Attack"],"picked":"Blade Dance","floor":29},{"not_picked":["Setup","Outmaneuver"],"picked":"Blur","floor":30},{"not_picked":["Dagger Throw","Acrobatics+1"],"picked":"Deadly Poison","floor":32},{"not_picked":["Envenom","Glass Knife"],"picked":"Night Terror","floor":33},{"not_picked":[],"picked":"Deadly Poison","floor":35},{"not_picked":[],"picked":"Calculated Gamble+1","floor":36},{"not_picked":[],"picked":"Poisoned Stab+1","floor":39},{"not_picked":[],"picked":"Choke+1","floor":40},{"not_picked":[],"picked":"Purity","floor":41},{"not_picked":[],"picked":"Expertise","floor":44},{"not_picked":["Quick Slash"],"picked":"Singing Bowl","floor":46},{"not_picked":["Underhanded Strike"],"picked":"Singing Bowl","floor":47},{"not_picked":[],"picked":"Blade Dance+1","floor":48},{"not_picked":[],"picked":"Blade Dance+1","floor":49}],"player_experience":503105,"relics_obtained":[{"floor":6,"key":"Mummified Hand"},{"floor":9,"key":"Juzu Bracelet"},{"floor":12,"key":"Centennial Puzzle"},{"floor":23,"key":"Dream Catcher"},{"floor":26,"key":"Art of War"},{"floor":39,"key":"Tingsha"},{"floor":43,"key":"Singing Bowl"}],"event_choices":[{"cards_removed":["Strike_G"],"damage_healed":0,"gold_gain":0,"player_choice":"Purged","damage_taken":0,"max_hp_gain":0,"max_hp_loss":0,"event_name":"Purifier","floor":4,"gold_loss":0},{"damage_healed":0,"gold_gain":0,"player_choice":"Ignored","damage_taken":0,"max_hp_gain":0,"max_hp_loss":0,"event_name":"Liars Game","floor":10,"gold_loss":0},{"damage_healed":0,"gold_gain":0,"player_choice":"Searched \u00272\u0027 times","damage_taken":0,"relics_obtained":["The Courier"],"max_hp_gain":0,"max_hp_loss":0,"event_name":"Dead Adventurer","floor":14,"gold_loss":0},{"damage_healed":0,"gold_gain":0,"player_choice":"Fought Bandits","damage_taken":0,"max_hp_gain":0,"max_hp_loss":0,"event_name":"Masked Bandits","floor":19,"gold_loss":0},{"damage_healed":0,"gold_gain":0,"player_choice":"Bought 3 Potions","damage_taken":0,"max_hp_gain":0,"max_hp_loss":0,"event_name":"The Woman in Blue","floor":25,"gold_loss":0},{"damage_healed":0,"gold_gain":0,"player_choice":"Gave Potion","damage_taken":0,"relics_obtained":["Tough Bandages"],"max_hp_gain":0,"max_hp_loss":0,"event_name":"WeMeetAgain","floor":27,"gold_loss":0},{"damage_healed":0,"gold_gain":0,"player_choice":"Embrace Madness","damage_taken":9,"max_hp_gain":0,"max_hp_loss":0,"event_name":"Winding Halls","floor":37,"gold_loss":0,"cards_obtained":["Madness","Madness"]},{"damage_healed":0,"gold_gain":0,"player_choice":"Fight","damage_taken":0,"max_hp_gain":0,"max_hp_loss":0,"event_name":"MindBloom","floor":39,"gold_loss":0},{"damage_healed":0,"gold_gain":0,"player_choice":"Memory 1","damage_taken":0,"max_hp_gain":0,"max_hp_loss":0,"event_name":"SensoryStone","floor":41,"gold_loss":0}],"is_beta":false,"boss_relics":[{"not_picked":["Calling Bell","HoveringKite"],"picked":"Runic Pyramid"},{"not_picked":["Velvet Choker","Tiny House"],"picked":"Busted Crown"}],"items_purged_floors":[45],"is_endless":false,"potions_floor_spawned":[1,3,8,16,21,22,28,29,39,44,48],"killed_by":"Time Eater","ascension_level":0}