{"path_per_floor":["M","?","?","T","M","R","M","M","T","M","M","E","M","E","R","B",null,"M","M","?","M","M","M","R","M","T"],"character_chosen":"DEFECT","items_purchased":[],"gold_per_floor":[119,294,294,294,305,305,316,330,409,424,440,475,488,520,520,624,624,636,652,652,670,690,706,706,723,793,793],"floor_reached":27,"campfire_rested":1,"playtime":1506,"item_purchase_floors":[],"current_hp_per_floor":[73,73,70,70,65,65,61,52,52,52,41,16,16,14,14,14,75,75,51,51,19,19,2,24,28,28,0],"items_purged":[],"gold":793,"score":281,"play_id":"eeae5eb4-c3a9-4f40-87de-bb00d558244a","local_time":"20180605160556","is_prod":false,"is_daily":false,"chose_seed":false,"is_ascension_mode":false,"campfire_upgraded":2,"win_rate":0.0,"timestamp":1528207556,"campfire_choices":[{"data":"Streamline","floor":6,"key":"SMITH"},{"data":"Buffer","floor":15,"key":"SMITH"},{"floor":24,"key":"REST"}],"path_taken":["M","?","?","?","M","R","?","M","T","M","M","E","M","E","R","BOSS","M","M","?","M","?","?","R","M","T","E"],"build_version":"2018-05-31","seed_source_timestamp":313422970890440,"purchased_purges":0,"victory":false,"master_deck":["Strike_B","Strike_B+1","Strike_B+1","Defend_B","Defend_B","Defend_B","Defend_B","Zap","Dualcast","Streamline+1","Doubt","Double Energy","Sunder","Glacier","Buffer+1","Tempest","Streamline","All For One","Genetic Algorithm+1","Static Discharge+1","Skim","Streamline+1","Chill"],"max_hp_per_floor":[75,75,75,75,75,75,75,75,75,75,75,75,75,75,75,75,75,75,75,75,75,75,75,75,75,75,75],"relics":["Cracked Core","Question Card","Toolbox","Mummified Hand","Calipers","Whetstone","Velvet Choker","Pantograph"],"card_choices":[{"not_picked":["Beam Cell","Turbo"],"picked":"Streamline","floor":1},{"not_picked":["Conserve Battery","Turbo","Beam Cell"],"picked":"Double Energy","floor":5},{"not_picked":["Reinforced Body","Conserve Battery","Rebound"],"picked":"Sunder","floor":7},{"not_picked":["Barrage","Turbo","Steam Power","Go for the Eyes"],"picked":"SKIP","floor":8},{"not_picked":["Redo","Turbo","Coolheaded"],"picked":"Glacier","floor":10},{"not_picked":["Blizzard","Conserve Battery","Darkness"],"picked":"Buffer","floor":11},{"not_picked":["Fusion","Hyperbeam","Hello World"],"picked":"Tempest","floor":12},{"not_picked":["Coolheaded","Turbo","Barrage","Redo"],"picked":"SKIP","floor":13},{"not_picked":["Reboot","Sweeping Beam","Self Repair"],"picked":"Streamline","floor":14},{"not_picked":["Biased Cognition","Thunder Strike","Fission"],"picked":"All For One","floor":16},{"not_picked":["Ball Lightning","Hello World+1","Go for the Eyes+1"],"picked":"Genetic Algorithm+1","floor":18},{"not_picked":["Leap","Consume+1","Compile Driver"],"picked":"Static Discharge+1","floor":19},{"not_picked":["Streamline","Barrage","Gash","Hologram"],"picked":"SKIP","floor":21},{"not_picked":["Biased Cognition","Steam Power","Streamline+1"],"picked":"Skim","floor":22},{"not_picked":["Melter","Coolheaded+1","Genetic Algorithm"],"picked":"Streamline+1","floor":23},{"not_picked":["Gash","Sweeping Beam+1","Stack"],"picked":"Chill","floor":25}],"player_experience":318949,"potions_floor_usage":[16,16,22,23],"damage_taken":[{"damage":2,"enemies":"Small Slimes","floor":1,"turns":3},{"damage":5,"enemies":"Jaw Worm","floor":5,"turns":4},{"damage":4,"enemies":"2 Louse","floor":7,"turns":3},{"damage":9,"enemies":"Blue Slaver","floor":8,"turns":4},{"damage":0,"enemies":"Exordium Wildlife","floor":10,"turns":3},{"damage":11,"enemies":"Large Slime","floor":11,"turns":7},{"damage":25,"enemies":"Gremlin Nob","floor":12,"turns":5},{"damage":0,"enemies":"Blue Slaver","floor":13,"turns":4},{"damage":2,"enemies":"3 Sentries","floor":14,"turns":8},{"damage":0,"enemies":"Hexaghost","floor":16,"turns":11},{"damage":0,"enemies":"Spheric Guardian","floor":18,"turns":3},{"damage":24,"enemies":"Chosen","floor":19,"turns":7},{"damage":32,"enemies":"3 Cultists","floor":21,"turns":5},{"damage":0,"enemies":"Cultist and Chosen","floor":22,"turns":6},{"damage":17,"enemies":"Centurion and Healer","floor":23,"turns":7},{"damage":0,"enemies":"Snecko","floor":25,"turns":5},{"damage":31,"enemies":"Gremlin Leader","floor":27,"turns":4}],"relics_obtained":[{"floor":4,"key":"Toolbox"},{"floor":9,"key":"Mummified Hand"},{"floor":12,"key":"Calipers"},{"floor":14,"key":"Whetstone"},{"floor":26,"key":"Pantograph"}],"event_choices":[{"event_name":"Liars Game","player_choice":"agreed","floor":2,"damage_taken":0},{"event_name":"Scrap Ooze","player_choice":"success","floor":3,"damage_taken":3},{"event_name":"Vampires","player_choice":"Ignored","floor":20,"damage_taken":0}],"boss_relics":[{"not_picked":["Snecko Eye","Orrery"],"picked":"Velvet Choker"}],"items_purged_floors":[],"potions_floor_spawned":[5,10,11,13,16,21,22,25],"seed_played":"-2133637222400831031","killed_by":"Gremlin Leader","ascension_level":0,"potions_obtained":[{"floor":5,"key":"Ancient Potion"},{"floor":10,"key":"GamblersBrew"},{"floor":11,"key":"Swift Potion"},{"floor":13,"key":"Energy Potion"},{"floor":16,"key":"SteroidPotion"},{"floor":21,"key":"FocusPotion"},{"floor":22,"key":"SpeedPotion"},{"floor":25,"key":"LiquidBronze"}],"is_trial":false}