{"path_per_floor":["M","?","?","M","M","E","R","?","T","M","E","M","R","M","R","B",null,"M","M","M","M","M","M","E","M","T","R","E","R","M","?","R"],"character_chosen":"IRONCLAD","items_purchased":[],"gold_per_floor":[109,109,109,122,145,185,185,185,212,236,272,285,285,303,303,432,432,451,469,494,510,531,552,586,604,604,604,638,638,659,659,659,659],"floor_reached":33,"campfire_rested":0,"playtime":2492,"current_hp_per_floor":[78,58,58,59,65,61,61,61,61,60,48,54,54,60,60,32,80,80,80,67,61,53,52,35,44,44,44,19,19,15,15,15,0],"items_purged":[],"gold":659,"score":303,"play_id":"ca2521a6-d777-40b9-9cd6-4ba8a3dbe248","local_time":"20180510001842","is_prod":false,"is_daily":false,"chose_seed":false,"is_ascension_mode":false,"campfire_upgraded":6,"timestamp":1525904322,"path_taken":["M","?","?","M","M","E","R","?","T","?","E","M","R","M","R","BOSS","M","M","?","M","M","M","E","M","T","R","E","R","M","?","R","BOSS"],"build_version":"2018-05-03","seed_source_timestamp":8958385905203,"purchased_purges":0,"victory":false,"master_deck":["Strike_R","Strike_R","Strike_R","Strike_R","Strike_R","Defend_R","Defend_R","Defend_R","Defend_R","Bash","Carnage+1","Blood for Blood+1","Flame Barrier+1","Uppercut+1","Bludgeon+1","Uppercut+1","Uppercut+1","Entrench","Fire Breathing","Doubt","Writhe"],"max_hp_per_floor":[80,80,80,80,80,80,80,80,80,80,80,80,80,80,80,80,80,80,80,80,80,80,80,80,80,80,80,80,80,80,80,80,80],"relics":["Burning Blood","Happy Flower","Golden Idol","Oddly Smooth Stone","Regal Pillow","Bag of Preparation","Cursed Key","Magic Flower","Mercury Hourglass","Smiling Mask","Gambling Chip"],"card_choices":[{"not_picked":["Headbutt","Clash"],"picked":"Carnage","floor":1},{"not_picked":["Flex","Havoc"],"picked":"Blood for Blood","floor":5},{"not_picked":["Bloodletting","Intimidate"],"picked":"Flame Barrier","floor":6},{"not_picked":["Seeing Red","Flex"],"picked":"Uppercut","floor":11},{"not_picked":["Offering","Limit Break"],"picked":"Bludgeon","floor":16},{"not_picked":["Clothesline","Twin Strike"],"picked":"Uppercut","floor":18},{"not_picked":["Perfected Strike","Warcry"],"picked":"Uppercut","floor":20},{"not_picked":["Cleave","Havoc"],"picked":"Entrench","floor":21},{"not_picked":["Iron Wave","Flex"],"picked":"Fire Breathing","floor":24}],"player_experience":234120,"potions_floor_usage":[6,23,24,25,28,28],"damage_taken":[{"damage":8,"enemies":"2 Louse","floor":1,"turns":3},{"damage":5,"enemies":"Small Slimes","floor":4,"turns":3},{"damage":0,"enemies":"Cultist","floor":5,"turns":4},{"damage":10,"enemies":"Gremlin Nob","floor":6,"turns":4},{"damage":7,"enemies":"Lots of Slimes","floor":10,"turns":5},{"damage":18,"enemies":"3 Sentries","floor":11,"turns":8},{"damage":0,"enemies":"2 Fungi Beasts","floor":12,"turns":5},{"damage":0,"enemies":"Red Slaver","floor":14,"turns":2},{"damage":34,"enemies":"The Guardian","floor":16,"turns":8},{"damage":1,"enemies":"Chosen","floor":18,"turns":3},{"damage":5,"enemies":"2 Thieves","floor":19,"turns":3},{"damage":19,"enemies":"Centurion and Healer","floor":20,"turns":4},{"damage":12,"enemies":"Cultist and Chosen","floor":21,"turns":6},{"damage":14,"enemies":"Slaver and Parasite","floor":22,"turns":6},{"damage":7,"enemies":"Snake Plant","floor":23,"turns":3},{"damage":29,"enemies":"Gremlin Leader","floor":24,"turns":4},{"damage":0,"enemies":"Snecko","floor":25,"turns":3},{"damage":34,"enemies":"Slavers","floor":28,"turns":4},{"damage":13,"enemies":"Cultist and Chosen","floor":30,"turns":4},{"damage":15,"enemies":"Collector","floor":33,"turns":2}],"event_choices":[{"event_name":"Golden Idol","player_choice":"Take Damage","floor":2,"damage_taken":0},{"event_name":"The Lab","player_choice":"Got Potions","floor":3,"damage_taken":0},{"event_name":"Upgrade Shrine","player_choice":"Upgraded","floor":8,"damage_taken":0},{"event_name":"The Mausoleum","player_choice":"Yes","floor":31,"damage_taken":0}],"boss_relics":[{"not_picked":["Astrolabe","Runic Dome"],"picked":"Cursed Key"}],"potions_floor_spawned":[1,4,12,16,19,24,25,28,30],"seed_played":"-4943183722962968868","killed_by":"Collector","ascension_level":0,"is_trial":false}