{"gold_per_floor":[118,134,134,146,158,158,190,190,190,190,37,64,64,77,77,172,172,182,210,227,227,239,239,252,352,431,431,431,445,10,20,20,117,117,133,150,29,41,41,41,54,154,201,201,201,221,241,241,241,241],"floor_reached":50,"playtime":2125,"items_purged":["Perfected Strike+1"],"score":469,"play_id":"a207a2fb-6900-47e8-aace-e9205c122123","local_time":"20190219095809","is_ascension_mode":false,"campfire_choices":[{"data":"Perfected Strike","floor":6,"key":"SMITH"},{"data":"Cleave","floor":10,"key":"SMITH"},{"floor":13,"key":"REST"},{"data":"Pommel Strike","floor":15,"key":"SMITH"},{"data":"Shrug It Off","floor":23,"key":"SMITH"},{"floor":32,"key":"REST"},{"data":"Twin Strike","floor":40,"key":"SMITH"},{"floor":45,"key":"REST"},{"floor":49,"key":"REST"}],"neow_cost":"NONE","seed_source_timestamp":3555234698692,"circlet_count":0,"master_deck":["Strike_R","Strike_R","Strike_R","Defend_R","Defend_R","Defend_R","Pommel Strike","Cleave+1","Pommel Strike+1","Fiend Fire+1","Shrug It Off+1","Twin Strike+1","RitualDagger","Double Tap+1","Disarm+1","Sword Boomerang+1","Perfected Strike+1","Armaments+1","Iron Wave+1","Battle Trance+1","Demon Form"],"relics":["Burning Blood","WingedGreaves","Sundial","Happy Flower","Odd Mushroom","Cursed Key","Red Mask","StoneCalendar","Toxic Egg 2","Ornamental Fan","Sling","Shuriken","Astrolabe","Torii","Dream Catcher"],"potions_floor_usage":[14,19,25,25,29,29,29,31,36,38,41,50],"damage_taken":[{"damage":12,"enemies":"Jaw Worm","floor":1,"turns":6},{"damage":0,"enemies":"2 Louse","floor":2,"turns":3},{"damage":2,"enemies":"Small Slimes","floor":4,"turns":2},{"damage":9,"enemies":"2 Fungi Beasts","floor":5,"turns":3},{"damage":54,"enemies":"Lagavulin","floor":7,"turns":7},{"damage":13,"enemies":"The Mushroom Lair","floor":12,"turns":3},{"damage":1,"enemies":"Red Slaver","floor":14,"turns":3},{"damage":31,"enemies":"Slime Boss","floor":16,"turns":9},{"damage":0,"enemies":"Spheric Guardian","floor":18,"turns":3},{"damage":0,"enemies":"Masked Bandits","floor":19,"turns":3},{"damage":1,"enemies":"Chosen","floor":20,"turns":3},{"damage":5,"enemies":"Snake Plant","floor":22,"turns":3},{"damage":6,"enemies":"Sentry and Sphere","floor":24,"turns":4},{"damage":23,"enemies":"Colosseum Slavers","floor":25,"turns":3},{"damage":12,"enemies":"Colosseum Nobs","floor":25,"turns":3},{"damage":5,"enemies":"Centurion and Healer","floor":29,"turns":5},{"damage":0,"enemies":"Cultist and Chosen","floor":31,"turns":4},{"damage":69,"enemies":"Champ","floor":33,"turns":10},{"damage":19,"enemies":"Orb Walker","floor":35,"turns":3},{"damage":0,"enemies":"3 Shapes","floor":36,"turns":2},{"damage":4,"enemies":"Sphere and 2 Shapes","floor":38,"turns":5},{"damage":26,"enemies":"Writhing Mass","floor":41,"turns":7},{"damage":30,"enemies":"Mind Bloom Boss Battle","floor":42,"turns":6},{"damage":1,"enemies":"4 Shapes","floor":46,"turns":4},{"damage":1,"enemies":"Maw","floor":47,"turns":6},{"damage":76,"enemies":"Donu and Deca","floor":50,"turns":5}],"seed_played":"850318204410860552","potions_obtained":[{"floor":5,"key":"Dexterity Potion"},{"floor":14,"key":"Regen Potion"},{"floor":16,"key":"Dexterity Potion"},{"floor":20,"key":"Regen Potion"},{"floor":24,"key":"AttackPotion"},{"floor":29,"key":"Poison Potion"},{"floor":35,"key":"Block Potion"},{"floor":36,"key":"Block Potion"},{"floor":38,"key":"Swift Potion"},{"floor":47,"key":"Energy Potion"}],"is_trial":false,"path_per_floor":["M","M","?","M","M","R","E","?","T","R","$","?","R","M","R","B",null,"M","?","M","?","M","R","M","?","T","?","?","M","$","M","R","B",null,"M","M","$","M","?","R","M","?","T","?","R","M","M","?","R","B"],"character_chosen":"IRONCLAD","items_purchased":["Happy Flower","Sling","Shuriken","Armaments+1"],"campfire_rested":4,"item_purchase_floors":[11,30,30,37],"current_hp_per_floor":[74,80,80,80,77,77,29,55,55,55,55,48,72,77,77,52,80,80,80,80,80,80,80,80,66,66,60,28,43,43,49,73,10,80,67,73,73,75,75,75,55,31,31,31,52,57,62,62,73,0],"gold":241,"neow_bonus":"REMOVE_CARD","is_prod":false,"is_daily":false,"chose_seed":false,"campfire_upgraded":5,"win_rate":0,"timestamp":1550591889,"path_taken":["M","M","?","M","M","R","E","?","T","R","$","?","R","M","R","BOSS","M","?","M","?","M","R","?","?","T","?","?","?","$","M","R","BOSS","M","M","$","M","?","R","M","?","T","?","R","?","M","?","R","BOSS"],"build_version":"2019-01-23","purchased_purges":1,"victory":false,"max_hp_per_floor":[80,80,80,80,80,80,80,80,80,80,80,80,80,80,80,80,80,80,80,80,80,80,80,80,80,80,80,80,80,80,80,80,80,80,80,80,80,80,76,76,76,76,76,73,73,73,73,73,73,73],"card_choices":[{"not_picked":["Clash","Havoc"],"picked":"Pommel Strike","floor":1},{"not_picked":["Blood for Blood","Twin Strike"],"picked":"Perfected Strike","floor":2},{"not_picked":["Sword Boomerang","Havoc"],"picked":"Cleave","floor":4},{"not_picked":["Dark Embrace","Cleave"],"picked":"Pommel Strike","floor":5},{"not_picked":["Heavy Blade","Dual Wield","Body Slam"],"picked":"SKIP","floor":7},{"not_picked":["Entrench","Fire Breathing","Second Wind"],"picked":"SKIP","floor":14},{"not_picked":["Brutality","Berserk"],"picked":"Fiend Fire","floor":16},{"not_picked":["Anger","Shockwave","Heavy Blade"],"picked":"SKIP","floor":18},{"not_picked":["Thunderclap","Rupture+1"],"picked":"Shrug It Off","floor":20},{"not_picked":["Blood for Blood","Havoc","Shrug It Off"],"picked":"SKIP","floor":22},{"not_picked":["Flex","Shrug It Off"],"picked":"Twin Strike","floor":24},{"not_picked":["Anger","Hemokinesis","Heavy Blade"],"picked":"SKIP","floor":29},{"not_picked":["Flame Barrier+1","Blood for Blood+1","Sword Boomerang+1"],"picked":"SKIP","floor":31},{"not_picked":["Immolate","Juggernaut"],"picked":"Double Tap+1","floor":33},{"not_picked":["Blood for Blood","True Grit+1","Fire Breathing"],"picked":"SKIP","floor":35},{"not_picked":["Sentinel+1","Anger"],"picked":"Perfected Strike+1","floor":36},{"not_picked":["Pummel+1","True Grit+1"],"picked":"Iron Wave+1","floor":38},{"not_picked":["Flex+1","Ghostly Armor+1","Flame Barrier+1"],"picked":"SKIP","floor":41},{"not_picked":["Reckless Charge","Pummel+1","Dropkick+1"],"picked":"SKIP","floor":46},{"not_picked":["Body Slam+1","Pummel+1"],"picked":"Battle Trance+1","floor":47},{"not_picked":["Havoc+1","Wild Strike+1"],"picked":"Demon Form","floor":49}],"player_experience":235858,"relics_obtained":[{"floor":7,"key":"WingedGreaves"},{"floor":9,"key":"Sundial"},{"floor":12,"key":"Odd Mushroom"},{"floor":19,"key":"Red Mask"},{"floor":25,"key":"StoneCalendar"},{"floor":25,"key":"Toxic Egg 2"},{"floor":26,"key":"Ornamental Fan"},{"floor":42,"key":"Torii"},{"floor":43,"key":"Dream Catcher"}],"event_choices":[{"damage_healed":0,"gold_gain":0,"player_choice":"Ignored","damage_taken":0,"max_hp_gain":0,"max_hp_loss":0,"event_name":"Liars Game","floor":3,"gold_loss":0},{"damage_healed":26,"gold_gain":0,"player_choice":"Banana","damage_taken":0,"max_hp_gain":0,"max_hp_loss":0,"event_name":"Big Fish","floor":8,"gold_loss":0},{"damage_healed":0,"gold_gain":0,"player_choice":"Fought Mushrooms","damage_taken":0,"max_hp_gain":0,"max_hp_loss":0,"event_name":"Mushrooms","floor":12,"gold_loss":0},{"damage_healed":0,"gold_gain":0,"player_choice":"Fought Bandits","damage_taken":0,"max_hp_gain":0,"max_hp_loss":0,"event_name":"Masked Bandits","floor":19,"gold_loss":0},{"damage_healed":0,"gold_gain":0,"player_choice":"Forge","damage_taken":0,"max_hp_gain":0,"max_hp_loss":0,"event_name":"Accursed Blacksmith","floor":21,"gold_loss":0,"cards_upgraded":["Fiend Fire"]},{"damage_healed":0,"gold_gain":0,"player_choice":"Fight","damage_taken":0,"max_hp_gain":0,"max_hp_loss":0,"event_name":"Colosseum","floor":25,"gold_loss":0},{"damage_healed":0,"gold_gain":0,"player_choice":"Fought Nobs","damage_taken":0,"max_hp_gain":0,"max_hp_loss":0,"event_name":"Colosseum","floor":25,"gold_loss":0},{"damage_healed":0,"gold_gain":0,"player_choice":"Joined the Cult","damage_taken":6,"max_hp_gain":0,"max_hp_loss":0,"event_name":"Nest","floor":27,"gold_loss":0,"cards_obtained":["RitualDagger"]},{"damage_healed":0,"gold_gain":0,"player_choice":"POTION POTION POTION ","damage_taken":32,"max_hp_gain":0,"max_hp_loss":0,"event_name":"Knowing Skull","floor":28,"potions_obtained":["Block Potion","Swift Potion","Poison Potion"],"gold_loss":0,"cards_obtained":[]},{"damage_healed":0,"gold_gain":0,"player_choice":"Max HP","damage_taken":0,"max_hp_gain":0,"max_hp_loss":4,"event_name":"Winding Halls","floor":39,"gold_loss":0},{"damage_healed":0,"gold_gain":0,"player_choice":"Fight","damage_taken":0,"max_hp_gain":0,"max_hp_loss":0,"event_name":"MindBloom","floor":42,"gold_loss":0},{"cards_removed":["Writhe","Parasite","Injury"],"damage_healed":0,"gold_gain":0,"player_choice":"Removed Curses","damage_taken":0,"max_hp_gain":0,"max_hp_loss":0,"event_name":"Fountain of Cleansing","floor":44,"gold_loss":0},{"cards_removed":["Rupture"],"damage_healed":0,"gold_gain":0,"player_choice":"Removed Power","damage_taken":0,"max_hp_gain":0,"max_hp_loss":0,"event_name":"Falling","floor":48,"gold_loss":0}],"is_beta":false,"boss_relics":[{"not_picked":["Eternal Feather","Tiny House"],"picked":"Cursed Key"},{"not_picked":["Busted Crown","Snecko Eye"],"picked":"Astrolabe"}],"items_purged_floors":[37],"is_endless":false,"potions_floor_spawned":[5,14,16,20,24,29,35,36,38,47],"killed_by":"Donu and Deca","ascension_level":0}