{"gold_per_floor":[110,35,45,59,6,6,23,40,40,40,40,40,40,54,54,150,150,163,163,63,63,47,47,47,0,26,45,45,59,59,59,59,59],"floor_reached":33,"playtime":1564,"items_purged":["Defend_B","Strike_B"],"score":235,"play_id":"d091b3af-263b-455f-918a-1f9a61e7d245","local_time":"20190303022546","is_ascension_mode":false,"campfire_choices":[{"data":"Zap","floor":6,"key":"SMITH"},{"data":"Redo","floor":10,"key":"SMITH"},{"data":"Cold Snap","floor":12,"key":"SMITH"},{"data":"Loop","floor":15,"key":"SMITH"},{"data":"Creative AI","floor":23,"key":"SMITH"},{"floor":30,"key":"REST"},{"floor":32,"key":"REST"}],"neow_cost":"NONE","seed_source_timestamp":47539033435493,"circlet_count":0,"master_deck":["Strike_B","Strike_B","Defend_B","Defend_B","Defend_B","Zap+1","Dualcast+1","Conserve Battery+1","Loop+1","Cold Snap+1","Beam Cell","Redo+1","Creative AI+1","Skim","Sunder","Defragment","Conserve Battery","Darkness+1","Turbo+1"],"relics":["Cracked Core","Gremlin Horn","Orrery","MutagenicStrength","Oddly Smooth Stone","Cables"],"potions_floor_usage":[8,16,18,18],"damage_taken":[{"damage":1,"enemies":"Jaw Worm","floor":1,"turns":3},{"damage":1,"enemies":"Cultist","floor":3,"turns":3},{"damage":0,"enemies":"2 Louse","floor":4,"turns":2},{"damage":0,"enemies":"Blue Slaver","floor":7,"turns":4},{"damage":2,"enemies":"Large Slime","floor":8,"turns":5},{"damage":3,"enemies":"Exordium Wildlife","floor":14,"turns":3},{"damage":22,"enemies":"Hexaghost","floor":16,"turns":9},{"damage":13,"enemies":"Chosen","floor":18,"turns":5},{"damage":20,"enemies":"2 Thieves","floor":22,"turns":4},{"damage":9,"enemies":"Chosen and Byrds","floor":27,"turns":6},{"damage":28,"enemies":"Snake Plant","floor":29,"turns":4},{"damage":49,"enemies":"Collector","floor":33,"turns":6}],"seed_played":"-6782428485901292679","potions_obtained":[{"floor":3,"key":"FocusPotion"},{"floor":4,"key":"EssenceOfSteel"},{"floor":7,"key":"Ancient Potion"},{"floor":16,"key":"PowerPotion"}],"is_trial":false,"path_per_floor":["M","$","M","M","$","R","M","M","T","R","?","R","$","M","R","B",null,"M","?","$","?","M","R","?","$","T","M","?","M","R","T","R","B"],"character_chosen":"DEFECT","items_purchased":["Cold Snap","Conserve Battery"],"campfire_rested":2,"item_purchase_floors":[5,25],"current_hp_per_floor":[74,74,73,73,73,73,73,71,71,71,71,71,71,68,68,46,75,62,62,62,62,42,42,42,42,42,33,33,5,27,27,49,0],"gold":59,"neow_bonus":"UPGRADE_CARD","is_prod":false,"is_daily":false,"chose_seed":false,"campfire_upgraded":5,"win_rate":0,"timestamp":1551608746,"path_taken":["M","$","M","M","$","R","M","M","T","R","?","R","?","M","R","BOSS","M","?","$","?","M","R","?","$","T","M","?","M","R","?","R","BOSS"],"build_version":"2019-01-23","purchased_purges":2,"victory":false,"max_hp_per_floor":[75,75,75,75,75,75,75,75,75,75,75,75,75,75,75,75,75,75,75,75,75,75,75,75,75,75,75,75,75,75,75,75,75],"card_choices":[{"not_picked":["Stack","FTL"],"picked":"Conserve Battery","floor":1},{"not_picked":["Turbo","Steam","Double Energy"],"picked":"SKIP","floor":3},{"not_picked":["Redo","Stack"],"picked":"Loop","floor":4},{"not_picked":["Heatsinks","Compile Driver"],"picked":"Beam Cell","floor":7},{"not_picked":["Go for the Eyes","Hologram"],"picked":"Redo","floor":8},{"not_picked":["Beam Cell","Lockon","Turbo"],"picked":"SKIP","floor":14},{"not_picked":["All For One","Buffer"],"picked":"Creative AI","floor":16},{"not_picked":["Coolheaded","Beam Cell"],"picked":"Skim","floor":17},{"not_picked":["Echo Form","Lockon"],"picked":"Sunder","floor":18},{"not_picked":["Static Discharge+1","Gash+1","Hologram"],"picked":"SKIP","floor":22},{"not_picked":["Compile Driver+1","Rip and Tear"],"picked":"Darkness+1","floor":27},{"not_picked":["Redo","Rebound"],"picked":"Turbo+1","floor":29}],"player_experience":259500,"relics_obtained":[{"floor":9,"key":"Gremlin Horn"},{"floor":26,"key":"Oddly Smooth Stone"},{"floor":31,"key":"Cables"}],"event_choices":[{"damage_healed":0,"gold_gain":0,"player_choice":"Forge","damage_taken":0,"max_hp_gain":0,"max_hp_loss":0,"event_name":"Accursed Blacksmith","floor":11,"gold_loss":0,"cards_upgraded":["Conserve Battery"]},{"damage_healed":0,"gold_gain":0,"player_choice":"Inject Mutagens","damage_taken":0,"relics_obtained":["MutagenicStrength"],"max_hp_gain":0,"max_hp_loss":0,"event_name":"Drug Dealer","floor":19,"gold_loss":0},{"damage_healed":0,"gold_gain":0,"player_choice":"Read","damage_taken":0,"max_hp_gain":0,"max_hp_loss":0,"event_name":"The Library","floor":21,"gold_loss":0,"cards_obtained":["Defragment"]},{"cards_removed":["Strike_B"],"damage_healed":0,"gold_gain":0,"player_choice":"Elegance","damage_taken":0,"max_hp_gain":0,"max_hp_loss":0,"event_name":"Back to Basics","floor":28,"gold_loss":0}],"is_beta":false,"boss_relics":[{"not_picked":["Ectoplasm","Black Star"],"picked":"Orrery"}],"items_purged_floors":[2,20],"is_endless":false,"potions_floor_spawned":[3,4,7,16],"killed_by":"Collector","ascension_level":0}