{"gold_per_floor":[116,130,130,80,40,40,40,40,94,114,114,124,124,124,124,249,249,274,274,299,11,31,31,31,31,31,31,31,52,90,109,109,239,239,254,274,607,624,624],"floor_reached":39,"playtime":2094,"items_purged":[],"score":408,"play_id":"488c8168-8eff-441b-9aca-bb8b61fb715d","local_time":"20190306005437","is_ascension_mode":true,"campfire_choices":[{"data":"Footwork","floor":6,"key":"SMITH"},{"data":"Neutralize","floor":8,"key":"SMITH"},{"data":"Finisher","floor":15,"key":"SMITH"},{"data":"Footwork","floor":23,"key":"SMITH"},{"data":"RitualDagger","floor":28,"key":"SMITH"},{"floor":32,"key":"REST"}],"neow_cost":"NONE","seed_source_timestamp":418053230232832,"circlet_count":0,"master_deck":["Defend_G","Defend_G","Defend_G","Defend_G","Defend_G","Strike_G","Strike_G","Strike_G","Strike_G","Survivor","Neutralize+1","Doppelganger","Well Laid Plans","Backflip","Footwork+1","Finisher+1","Accuracy","Die Die Die","Blade Dance+1","Footwork+1","Infinite Blades+1","Footwork","The Bomb","Dash","RitualDagger+1","Cloak And Dagger+1","Blade Dance+1","Corpse Explosion","Escape Plan+1","Dodge and Roll+1","Parasite","Cloak And Dagger+1"],"relics":["Ring of the Snake","Ancient Tea Set","Regal Pillow","Philosopher\u0027s Stone","Pantograph","Bottled Flame","Eternal Feather"],"potions_floor_usage":[16,16,22,30,33],"damage_taken":[{"damage":0,"enemies":"2 Louse","floor":1,"turns":4},{"damage":0,"enemies":"Small Slimes","floor":2,"turns":4},{"damage":0,"enemies":"Jaw Worm","floor":10,"turns":6},{"damage":7,"enemies":"Exordium Thugs","floor":12,"turns":7},{"damage":28,"enemies":"Hexaghost","floor":16,"turns":13},{"damage":24,"enemies":"Spheric Guardian","floor":18,"turns":6},{"damage":0,"enemies":"3 Byrds","floor":20,"turns":5},{"damage":10,"enemies":"Centurion and Healer","floor":22,"turns":6},{"damage":2,"enemies":"Cultist and Chosen","floor":29,"turns":4},{"damage":19,"enemies":"Gremlin Leader","floor":30,"turns":5},{"damage":17,"enemies":"Shelled Parasite and Fungi","floor":31,"turns":6},{"damage":64,"enemies":"Collector","floor":33,"turns":10},{"damage":25,"enemies":"3 Darklings","floor":35,"turns":3},{"damage":23,"enemies":"Orb Walker","floor":36,"turns":4},{"damage":19,"enemies":"Writhing Mass","floor":38,"turns":7},{"damage":17,"enemies":"Spire Growth","floor":39,"turns":2}],"seed_played":"-3541386031663856712","potions_obtained":[{"floor":1,"key":"FearPotion"},{"floor":2,"key":"AttackPotion"},{"floor":14,"key":"Fruit Juice"},{"floor":18,"key":"Regen Potion"},{"floor":29,"key":"Dexterity Potion"},{"floor":33,"key":"EssenceOfSteel"},{"floor":36,"key":"Explosive Potion"}],"is_trial":false,"path_per_floor":["M","M","?","?","$","R","$","R","T","M","?","M","?","?","R","B",null,"M","?","M","$","M","R","?","?","T","$","R","M","E","M","R","B",null,"M","M","?","M","M"],"character_chosen":"THE_SILENT","items_purchased":["Footwork","Footwork","The Bomb","Dash"],"campfire_rested":1,"item_purchase_floors":[5,21,21,21],"current_hp_per_floor":[70,70,75,75,75,75,75,75,75,75,72,65,47,47,47,19,75,51,51,51,51,56,56,56,50,50,50,50,48,34,17,56,16,80,55,32,32,13,0],"gold":624,"neow_bonus":"ONE_RANDOM_RARE_CARD","is_prod":false,"is_daily":false,"chose_seed":false,"campfire_upgraded":5,"win_rate":0,"timestamp":1551851677,"path_taken":["M","M","?","?","$","R","?","R","T","?","?","M","?","?","R","BOSS","M","?","M","$","M","R","?","?","T","$","R","M","E","M","R","BOSS","M","M","?","M","M"],"build_version":"2019-01-23","purchased_purges":0,"victory":false,"max_hp_per_floor":[70,70,75,75,75,75,75,75,75,75,75,75,75,75,75,75,75,75,75,75,75,75,75,75,75,75,75,75,75,80,80,80,80,80,80,80,80,80,80],"card_choices":[{"not_picked":["Quick Slash","Slice"],"picked":"Well Laid Plans","floor":1},{"not_picked":["Sucker Punch","Terror"],"picked":"Backflip","floor":2},{"not_picked":["Endless Agony","Underhanded Strike"],"picked":"Finisher","floor":10},{"not_picked":["Deadly Poison","Bane"],"picked":"Accuracy","floor":12},{"not_picked":["Night Terror","Grand Finale"],"picked":"Die Die Die","floor":16},{"not_picked":["Prepared","Bane+1"],"picked":"Blade Dance+1","floor":18},{"not_picked":["Distraction+1","Prepared"],"picked":"Infinite Blades+1","floor":20},{"not_picked":["Deadly Poison","Expertise","Poisoned Stab+1"],"picked":"SKIP","floor":22},{"not_picked":["Prepared+1","PiercingWail+1"],"picked":"Cloak And Dagger+1","floor":29},{"not_picked":["Night Terror","Distraction"],"picked":"Blade Dance+1","floor":30},{"not_picked":["Bouncing Flask","Poisoned Stab+1","Heel Hook"],"picked":"SKIP","floor":31},{"not_picked":["Wraith Form v2","Phantasmal Killer"],"picked":"Corpse Explosion","floor":33},{"not_picked":["Deflect+1","Bane"],"picked":"Escape Plan+1","floor":35},{"not_picked":["Dagger Throw+1","Deflect"],"picked":"Dodge and Roll+1","floor":36},{"not_picked":["Sucker Punch+1","Glass Knife"],"picked":"Cloak And Dagger+1","floor":38}],"player_experience":1136056,"relics_obtained":[{"floor":9,"key":"Ancient Tea Set"},{"floor":26,"key":"Pantograph"},{"floor":30,"key":"Bottled Flame"}],"event_choices":[{"damage_healed":0,"gold_gain":0,"player_choice":"Donut","damage_taken":0,"max_hp_gain":5,"max_hp_loss":0,"event_name":"Big Fish","floor":3,"gold_loss":0},{"cards_removed":["Strike_G"],"damage_healed":0,"gold_gain":0,"player_choice":"Card Removal","damage_taken":0,"max_hp_gain":0,"max_hp_loss":0,"event_name":"The Cleric","floor":4,"gold_loss":50},{"damage_healed":0,"gold_gain":0,"player_choice":"Success","damage_taken":3,"relics_obtained":["Regal Pillow"],"max_hp_gain":0,"max_hp_loss":0,"event_name":"Scrap Ooze","floor":11,"gold_loss":0},{"damage_healed":0,"gold_gain":0,"player_choice":"Take Damage","damage_taken":18,"relics_obtained":["Golden Idol"],"max_hp_gain":0,"max_hp_loss":0,"event_name":"Golden Idol","floor":13,"gold_loss":0},{"damage_healed":0,"gold_gain":0,"player_choice":"Got Potions","damage_taken":0,"max_hp_gain":0,"max_hp_loss":0,"event_name":"Lab","floor":14,"gold_loss":0},{"damage_healed":0,"gold_gain":0,"player_choice":"Read","damage_taken":0,"max_hp_gain":0,"max_hp_loss":0,"event_name":"The Library","floor":19,"gold_loss":0,"cards_obtained":["Footwork"]},{"damage_healed":0,"gold_gain":0,"player_choice":"Joined the Cult","damage_taken":6,"max_hp_gain":0,"max_hp_loss":0,"event_name":"Nest","floor":25,"gold_loss":0,"cards_obtained":["RitualDagger"]},{"damage_healed":0,"gold_gain":333,"player_choice":"Gave Idol","damage_taken":0,"max_hp_gain":0,"max_hp_loss":0,"event_name":"The Moai Head","floor":37,"relics_lost":["Golden Idol"],"gold_loss":0}],"is_beta":false,"boss_relics":[{"not_picked":["Ring of the Serpent","Runic Pyramid"],"picked":"Philosopher\u0027s Stone"},{"not_picked":["Coffee Dripper","HoveringKite"],"picked":"Eternal Feather"}],"items_purged_floors":[],"is_endless":false,"potions_floor_spawned":[1,2,18,29,33,36],"killed_by":"Spire Growth","ascension_level":1}