{"path_per_floor":["M","M","?","M","$","E","M","E","T","R","E","M","$","M","R","B",null,"M","?","?","$","M","E","M","?","T","M","R","M","R","T","R"],"character_chosen":"THE_SILENT","items_purchased":["Lantern","Omamori"],"gold_per_floor":[109,119,119,131,56,90,109,139,191,191,217,228,83,103,103,207,207,227,227,227,83,94,123,136,136,161,178,178,195,195,195,195],"floor_reached":33,"campfire_rested":1,"playtime":3641,"current_hp_per_floor":[70,70,70,70,70,64,46,31,31,31,12,10,10,10,10,4,70,70,57,41,41,33,10,10,10,10,7,7,2,24,24,24],"items_purged":["Strike_G"],"gold":195,"score":287,"play_id":"d7d91f06-a0bd-403a-b77c-648e60e512dc","local_time":"20180310165452","is_prod":false,"is_daily":false,"is_ascension_mode":false,"campfire_upgraded":4,"timestamp":1520697292,"path_taken":["M","M","?","M","$","E","?","E","T","R","E","M","?","M","R","BOSS","M","?","?","$","M","E","M","?","T","M","R","M","R","?","R","BOSS"],"build_version":"2018-03-09","purchased_purges":1,"victory":false,"master_deck":["Defend_G","Defend_G","Defend_G","Defend_G","Defend_G","Strike_G","Strike_G","Strike_G+1","Survivor","Neutralize","Well Laid Plans","Predator+1","Burst+1","Catalyst","Backstab","All Out Attack","Cloak And Dagger+1","Dash+1","A Thousand Cuts+1","Leg Sweep+1","Tools of the Trade","Flechettes","Prepared+1","Backstab+1","Poisoned Stab","Deflect+1","Venomology+1"],"max_hp_per_floor":[70,70,70,70,70,70,70,70,70,70,70,70,70,70,70,70,70,70,75,75,75,75,75,75,75,75,75,75,75,75,75,75],"relics":["Ring of the Snake","Ninja Scroll","Toxic Egg 2","Art of War","Bag of Marbles","Lantern","Question Card","Nilry\u0027s Codex","Omamori","Happy Flower","Dream Catcher","Whetstone"],"card_choices":[{"not_picked":["Poisoned Stab","Flechettes"],"picked":"Well Laid Plans"},{"not_picked":["Flechettes","Acrobatics"],"picked":"Predator"},{"not_picked":["Outmaneuver","Finisher"],"picked":"Burst"},{"not_picked":["Slice","Underhanded Strike"],"picked":"Catalyst"},{"not_picked":["Catalyst","Flechettes"],"picked":"Backstab"},{"not_picked":["Outmaneuver","Flying Knee"],"picked":"All Out Attack"},{"not_picked":["Quick Slash","Flying Knee"],"picked":"Cloak And Dagger"},{"not_picked":["Predator","Quick Slash"],"picked":"Dash"},{"not_picked":["Night Terror","Doppelganger"],"picked":"A Thousand Cuts"},{"not_picked":["Prepared","Deadly Poison","Deflect"],"picked":"Leg Sweep"},{"not_picked":["Prepared","Dagger Spray","PiercingWail"],"picked":"Tools of the Trade"},{"not_picked":["Flying Knee","Dagger Spray","Dodge and Roll"],"picked":"Flechettes"},{"not_picked":["Deflect","Flying Knee","Heel Hook"],"picked":"Prepared"},{"not_picked":["Malaise","Predator","Bane"],"picked":"Poisoned Stab"},{"not_picked":["Dagger Spray","Flying Knee","Sucker Punch"],"picked":"Deflect"},{"not_picked":["Slice","PiercingWail","Bane"],"picked":"Venomology"}],"player_experience":185867,"potions_floor_usage":[6,8,16,22,29,33,33,33],"damage_taken":[{"damage":0,"enemies":"2 Louse","floor":1,"turns":3},{"damage":0,"enemies":"Small Slimes","floor":2,"turns":4},{"damage":0,"enemies":"Cultist","floor":4,"turns":3},{"damage":6,"enemies":"3 Sentries","floor":6,"turns":11},{"damage":18,"enemies":"Exordium Thugs","floor":7,"turns":8},{"damage":30,"enemies":"Lagavulin","floor":8,"turns":8},{"damage":19,"enemies":"Gremlin Nob","floor":11,"turns":4},{"damage":2,"enemies":"Blue Slaver","floor":12,"turns":2},{"damage":0,"enemies":"3 Louse","floor":14,"turns":2},{"damage":6,"enemies":"The Guardian","floor":16,"turns":15},{"damage":0,"enemies":"Chosen","floor":18,"turns":4},{"damage":8,"enemies":"3 Byrds","floor":22,"turns":4},{"damage":23,"enemies":"Gremlin Leader","floor":23,"turns":10},{"damage":0,"enemies":"Centurion and Healer","floor":24,"turns":9},{"damage":3,"enemies":"Snecko","floor":27,"turns":3},{"damage":5,"enemies":"Cultist and Chosen","floor":29,"turns":6},{"damage":31,"enemies":"Champ","floor":33,"turns":14}],"event_choices":[{"event_name":"Living Wall","player_choice":"Forget","floor":3,"damage_taken":0},{"event_name":"Forgotten Altar","player_choice":"Shed Blood","floor":19,"damage_taken":0},{"event_name":"Cursed Tome","player_choice":"Obtained Book","floor":20,"damage_taken":0},{"event_name":"The Library","player_choice":"Read","floor":25,"damage_taken":0}],"boss_relics":[{"not_picked":["The Specimen","Astrolabe"],"picked":"Question Card"}],"potions_floor_spawned":[2,4,7,16,18,22,27],"seed_played":"5488815656933958924","killed_by":"Champ","ascension_level":0,"is_trial":false}