{"gold_per_floor":[118,137,16,16,16,46,111,111,187,254,270,303,322,339,339,444,444,456,467,517,533,583,583,915,915,994,1079,1094,1127,1127,1142,1142,1242,1242,1255,1305,1355,1405,1417,1417,1432,1432,1456,1456,1506,1516,1566,1584,1584,1584,1584,1584,697,723,723],"floor_reached":56,"playtime":2919,"items_purged":["Strike_R","Strike_R"],"score":1274,"play_id":"fe3df365-aa24-468e-9c65-f6af2a6b2f9a","local_time":"20190110171232","is_ascension_mode":false,"campfire_choices":[{"data":"Feed","floor":8.0,"key":"SMITH"},{"data":"Searing Blow","floor":15.0,"key":"SMITH"},{"data":"Searing Blow+1","floor":23.0,"key":"SMITH"},{"data":"Searing Blow+2","floor":25.0,"key":"SMITH"},{"data":"Searing Blow+3","floor":30.0,"key":"SMITH"},{"data":"Searing Blow+4","floor":32.0,"key":"SMITH"},{"data":"Searing Blow+5","floor":40.0,"key":"SMITH"},{"data":"Searing Blow+6","floor":42.0,"key":"SMITH"},{"data":"Searing Blow+7","floor":44,"key":"SMITH"},{"floor":49,"key":"RECALL"},{"data":"Searing Blow+8","floor":52,"key":"SMITH"}],"neow_cost":"NONE","seed_source_timestamp":76699558101689,"circlet_count":0,"master_deck":["Strike_R","Strike_R","Defend_R","Defend_R","Defend_R","Defend_R","Bash","Heavy Blade","Shrug It Off","Flex","Feed+1","Iron Wave","Headbutt","Searing Blow+9","Battle Trance","Armaments+1","Offering","Inflame","Warcry+1","Evolve","Warcry+1"],"special_seed":0,"relics":["Burning Blood","Omamori","PreservedInsect","SsserpentHead","Dream Catcher","Singing Bowl","Lantern","Philosopher\u0027s Stone","Old Coin","Pantograph","Red Mask","Juzu Bracelet","Coffee Dripper","Pocketwatch","Vajra","Mercury Hourglass","Strange Spoon","Mango"],"potions_floor_usage":[46,55,55,55,55,55,55],"damage_taken":[{"damage":1.0,"enemies":"Cultist","floor":1.0,"turns":4.0},{"damage":6.0,"enemies":"2 Louse","floor":2.0,"turns":3.0},{"damage":18.0,"enemies":"Lagavulin","floor":6.0,"turns":5.0},{"damage":9.0,"enemies":"Small Slimes","floor":7.0,"turns":4.0},{"damage":0.0,"enemies":"Red Slaver","floor":10.0,"turns":5.0},{"damage":4.0,"enemies":"Lots of Slimes","floor":11.0,"turns":6.0},{"damage":15.0,"enemies":"3 Sentries","floor":12.0,"turns":7.0},{"damage":21.0,"enemies":"Exordium Thugs","floor":13.0,"turns":5.0},{"damage":2.0,"enemies":"Looter","floor":14.0,"turns":4.0},{"damage":79.0,"enemies":"The Guardian","floor":16.0,"turns":13.0},{"damage":6.0,"enemies":"Chosen","floor":18.0,"turns":3.0},{"damage":13.0,"enemies":"Shell Parasite","floor":19.0,"turns":3.0},{"damage":28.0,"enemies":"Sentry and Sphere","floor":21.0,"turns":7.0},{"damage":10.0,"enemies":"Book of Stabbing","floor":24.0,"turns":4.0},{"damage":27.0,"enemies":"Masked Bandits","floor":27.0,"turns":4.0},{"damage":18.0,"enemies":"Snecko","floor":28.0,"turns":4.0},{"damage":40.0,"enemies":"Gremlin Leader","floor":29.0,"turns":7.0},{"damage":13.0,"enemies":"Centurion and Healer","floor":31.0,"turns":5.0},{"damage":79.0,"enemies":"Automaton","floor":33.0,"turns":8.0},{"damage":12.0,"enemies":"3 Shapes","floor":35.0,"turns":2.0},{"damage":29.0,"enemies":"Orb Walker","floor":39.0,"turns":4.0},{"damage":6.0,"enemies":"Jaw Worm Horde","floor":41.0,"turns":4.0},{"damage":16,"enemies":"Sphere and 2 Shapes","floor":46,"turns":3},{"damage":0,"enemies":"Transient","floor":48,"turns":5},{"damage":104,"enemies":"Awakened One","floor":50,"turns":9},{"damage":6,"enemies":"Shield and Spear","floor":54,"turns":2},{"damage":184,"enemies":"The Heart","floor":55,"turns":8}],"seed_played":"-2793964113400554756","potions_obtained":[{"floor":1.0,"key":"EssenceOfSteel"},{"floor":6.0,"key":"Ancient Potion"},{"floor":7.0,"key":"BloodPotion"},{"floor":12.0,"key":"Regen Potion"},{"floor":14.0,"key":"Swift Potion"},{"floor":18.0,"key":"Dexterity Potion"},{"floor":28.0,"key":"Strength Potion"},{"floor":31.0,"key":"Ancient Potion"},{"floor":38.0,"key":"Fire Potion"},{"floor":38.0,"key":"Fire Potion"},{"floor":38.0,"key":"EntropicBrew"},{"floor":46,"key":"Energy Potion"}],"is_trial":false,"path_per_floor":["M","M","$","?","?","E","M","R","T","M","M","E","M","M","R","B",null,"M","M","?","M","?","R","E","R","T","?","M","E","R","M","R","B",null,"M","?","?","?","M","R","M","R","T","R","T","M","?","M","R","B",null,"R","$","E","B",null],"character_chosen":"IRONCLAD","items_purchased":["Flex","Vajra","Mercury Hourglass","Strange Spoon","Evolve","Block Potion","LiquidBronze"],"campfire_rested":0,"item_purchase_floors":[3,53,53,53,53,53,53],"current_hp_per_floor":[80,80,80,73,73,61,61,61,61,67,73,70,61,71,71,27,109,113,110,110,94,123,123,125,125,125,110,100,68,68,67,67,19,145,145,145,145,145,128,128,132,132,132,132,132,128,128,136,136,63,169,169,169,187,9],"gold":723,"neow_bonus":"RANDOM_COMMON_RELIC","is_prod":false,"is_daily":false,"chose_seed":false,"campfire_upgraded":10,"win_rate":0,"timestamp":1547158352,"path_taken":["M","?","$","?","?","E","?","R","T","?","M","E","M","M","R","BOSS","M","M","?","M","?","R","E","R","T","?","M","E","R","M","R","BOSS","M","?","?","?","M","R","M","R","T","R","?","M","?","M","R","BOSS","R","$","E","BOSS"],"build_version":"2019-01-09","purchased_purges":2,"victory":true,"max_hp_per_floor":[80,80,80,80,80,80,83,83,83,83,87,93,99,105,105,109,109,113,117,117,123,123,123,129,129,129,135,137,139,139,145,145,145,145,151,151,151,151,157,157,161,161,161,161,161,167,167,169,169,169,169,169,169,187,187],"card_choices":[{"not_picked":["Feel No Pain","Sword Boomerang"],"picked":"Heavy Blade","floor":1.0},{"not_picked":["Hemokinesis","Wild Strike"],"picked":"Shrug It Off","floor":2.0},{"not_picked":["Headbutt","Whirlwind"],"picked":"Feed","floor":6.0},{"not_picked":["Blood for Blood","Headbutt"],"picked":"Iron Wave","floor":7.0},{"not_picked":["Clothesline","Body Slam"],"picked":"Headbutt","floor":10.0},{"not_picked":["Hemokinesis","Heavy Blade"],"picked":"Searing Blow","floor":11.0},{"not_picked":["Thunderclap","Inflame","Sentinel"],"picked":"Singing Bowl","floor":12.0},{"not_picked":["Warcry","Clothesline","Havoc"],"picked":"Singing Bowl","floor":13.0},{"not_picked":["Inflame","Blood for Blood","Body Slam"],"picked":"Singing Bowl","floor":14.0},{"not_picked":["Berserk","Reaper"],"picked":"Offering","floor":16.0},{"not_picked":["Clash","Heavy Blade+1"],"picked":"Battle Trance","floor":18.0},{"not_picked":["Flame Barrier","Flex+1"],"picked":"Armaments+1","floor":19.0},{"not_picked":["Thunderclap","Shrug It Off+1","Flame Barrier"],"picked":"Singing Bowl","floor":21.0},{"not_picked":["Sever Soul","Corruption","Perfected Strike"],"picked":"Singing Bowl","floor":24.0},{"not_picked":["Second Wind","Thunderclap","Perfected Strike"],"picked":"Singing Bowl","floor":27.0},{"not_picked":["Intimidate","Heavy Blade+1","True Grit"],"picked":"Singing Bowl","floor":28.0},{"not_picked":["Ghostly Armor+1","True Grit","Headbutt"],"picked":"Singing Bowl","floor":29.0},{"not_picked":["Body Slam","Perfected Strike","Shrug It Off"],"picked":"Singing Bowl","floor":31.0},{"not_picked":["Exhume","Immolate"],"picked":"Offering","floor":33.0},{"not_picked":["Rampage","Corruption","Rupture+1"],"picked":"Singing Bowl","floor":35.0},{"not_picked":["Thunderclap+1","Havoc","Rage"],"picked":"Singing Bowl","floor":39.0},{"not_picked":["Seeing Red+1","Body Slam+1"],"picked":"Warcry+1","floor":41.0},{"not_picked":["Pommel Strike+1","Sentinel+1","Wild Strike+1"],"picked":"Singing Bowl","floor":46},{"not_picked":["Carnage","Iron Wave","Armaments"],"picked":"Singing Bowl","floor":48},{"not_picked":["Spot Weakness+1","Wild Strike"],"picked":"Warcry+1","floor":54}],"player_experience":479239,"relics_obtained":[{"floor":6.0,"key":"Dream Catcher"},{"floor":9.0,"key":"Singing Bowl"},{"floor":12.0,"key":"Lantern"},{"floor":24.0,"key":"Old Coin"},{"floor":26.0,"key":"Pantograph"},{"floor":27.0,"key":"Red Mask"},{"floor":29.0,"key":"Juzu Bracelet"},{"floor":45,"key":"Pocketwatch"},{"floor":54,"key":"Mango"}],"event_choices":[{"damage_healed":0.0,"max_hp_gain":0.0,"max_hp_loss":0.0,"gold_gain":0.0,"event_name":"Scrap Ooze","player_choice":"Success","floor":4.0,"gold_loss":0.0,"damage_taken":7.0,"relics_obtained":["PreservedInsect"]},{"damage_healed":0.0,"max_hp_gain":0.0,"max_hp_loss":0.0,"gold_gain":0.0,"event_name":"FaceTrader","player_choice":"Trade","floor":5.0,"gold_loss":0.0,"damage_taken":0.0,"relics_obtained":["SsserpentHead"]},{"damage_healed":0.0,"max_hp_gain":0.0,"max_hp_loss":0.0,"gold_gain":0.0,"event_name":"Vampires","player_choice":"Ignored","floor":20.0,"gold_loss":0.0,"damage_taken":0.0},{"damage_healed":41.0,"max_hp_gain":0.0,"max_hp_loss":0.0,"gold_gain":0.0,"event_name":"The Library","player_choice":"Heal","floor":22.0,"gold_loss":0.0,"damage_taken":0.0},{"damage_healed":0.0,"max_hp_gain":0.0,"max_hp_loss":0.0,"gold_gain":0.0,"event_name":"Masked Bandits","player_choice":"Fought Bandits","floor":27.0,"gold_loss":0.0,"damage_taken":0.0},{"cards_removed":["Offering"],"damage_healed":0.0,"max_hp_gain":0.0,"max_hp_loss":0.0,"gold_gain":0.0,"event_name":"Falling","player_choice":"Removed Skill","floor":36.0,"gold_loss":0.0,"damage_taken":0.0},{"damage_healed":0.0,"max_hp_gain":0.0,"max_hp_loss":0.0,"gold_gain":0.0,"cards_transformed":["Strike_R"],"event_name":"Transmorgrifier","player_choice":"Transformed","floor":37.0,"gold_loss":0.0,"damage_taken":0.0,"cards_obtained":["Inflame"]},{"damage_healed":0.0,"max_hp_gain":0.0,"max_hp_loss":0.0,"gold_gain":0.0,"event_name":"Lab","player_choice":"Got Potions","floor":38.0,"gold_loss":0.0,"damage_taken":0.0},{"damage_healed":0,"gold_gain":0,"player_choice":"Ignored","damage_taken":0,"max_hp_gain":0,"max_hp_loss":0,"event_name":"Mysterious Sphere","floor":47,"gold_loss":0}],"is_beta":true,"boss_relics":[{"not_picked":["Eternal Feather","Lizard Tail"],"picked":"Philosopher\u0027s Stone"},{"not_picked":["Mark of Pain","Tiny House"],"picked":"Coffee Dripper"}],"items_purged_floors":[3,53],"is_endless":false,"potions_floor_spawned":[1,6,7,12,14,18,28,31,39,46],"ascension_level":0}