{"path_per_floor":["M","$","?","M","M","R","?","R","T","?","R","E","R","M","R","B",null,"M","?","?","M","M","R","M","$","T","R","M","M","E","?","R"],"character_chosen":"THE_SILENT","items_purchased":["Noxious Fumes","Master of Strategy","Ancient Tea Set"],"gold_per_floor":[113,38,38,55,71,71,21,21,21,196,196,222,222,234,234,331,331,347,547,547,563,577,577,594,190,190,190,203,214,240,240,240,240],"floor_reached":33,"campfire_rested":1,"playtime":1455,"current_hp_per_floor":[66,66,66,66,66,66,66,66,66,66,66,48,48,45,66,42,70,70,70,70,68,46,46,48,48,48,48,44,44,22,22,22,0],"items_purged":["Normality"],"gold":240,"score":290,"play_id":"6e02697d-fdc6-447d-8e3b-5387c949de00","local_time":"20180416101227","is_prod":false,"is_daily":false,"chose_seed":false,"is_ascension_mode":false,"campfire_upgraded":7,"timestamp":1523887947,"path_taken":["M","$","?","M","?","R","?","R","T","?","R","E","R","?","R","BOSS","M","?","?","M","M","R","M","$","T","R","M","?","E","?","R","BOSS"],"build_version":"2018-04-12","seed_source_timestamp":5987434691417,"purchased_purges":1,"victory":false,"master_deck":["Defend_G","Defend_G","Defend_G","Defend_G","Defend_G","Strike_G","Strike_G","Strike_G","Strike_G","Strike_G","Survivor","Neutralize+1","Noxious Fumes+1","Crippling Poison+1","Bouncing Flask+1","Doubt","Noxious Fumes+1","Bullet Time","Prepared","Bane+1","Noxious Fumes+1","Master of Strategy+1","Setup+1","Ghostly","Ghostly","Ghostly","Ghostly","Ghostly"],"max_hp_per_floor":[70,70,70,70,70,70,70,70,70,70,70,70,70,70,70,70,70,70,70,70,70,70,70,70,70,70,70,70,70,70,35,35,35],"relics":["Ring of the Snake","Ginger","Oddly Smooth Stone","Blood Vial","Sozu","Thread and Needle","Ancient Tea Set","Meat on the Bone","Orichalcum"],"card_choices":[{"not_picked":["Flying Knee","Endless Agony"],"picked":"Crippling Poison","floor":4},{"not_picked":["Reflex","Poisoned Stab"],"picked":"Bouncing Flask","floor":5},{"not_picked":["Predator","Escape Plan"],"picked":"Noxious Fumes","floor":12},{"not_picked":["Grand Finale","Wraith Form v2"],"picked":"Bullet Time","floor":16},{"not_picked":["Dash","Bane"],"picked":"Prepared","floor":21},{"not_picked":["Blur","Blade Dance"],"picked":"Bane","floor":22},{"not_picked":["Cloak And Dagger","Outmaneuver"],"picked":"Noxious Fumes","floor":24},{"not_picked":["Outmaneuver","Night Terror"],"picked":"Setup","floor":30}],"player_experience":182410,"potions_floor_usage":[24,30],"damage_taken":[{"damage":4,"enemies":"Cultist","floor":1,"turns":5},{"damage":0,"enemies":"2 Louse","floor":4,"turns":3},{"damage":0,"enemies":"Jaw Worm","floor":5,"turns":5},{"damage":18,"enemies":"3 Sentries","floor":12,"turns":5},{"damage":5,"enemies":"Exordium Wildlife","floor":14,"turns":4},{"damage":26,"enemies":"Hexaghost","floor":16,"turns":8},{"damage":0,"enemies":"Chosen","floor":18,"turns":4},{"damage":2,"enemies":"Shell Parasite","floor":21,"turns":5},{"damage":24,"enemies":"Cultist and Chosen","floor":22,"turns":5},{"damage":0,"enemies":"Centurion and Healer","floor":24,"turns":5},{"damage":6,"enemies":"Sentry and Sphere","floor":28,"turns":4},{"damage":14,"enemies":"Snake Plant","floor":29,"turns":6},{"damage":36,"enemies":"Slavers","floor":30,"turns":4},{"damage":30,"enemies":"Champ","floor":33,"turns":10}],"event_choices":[{"event_name":"Upgrade Shrine","player_choice":"Upgraded","floor":3,"damage_taken":0},{"event_name":"The Cleric","player_choice":"Card Removal","floor":7,"damage_taken":0},{"event_name":"Liars Game","player_choice":"agreed","floor":10,"damage_taken":0},{"event_name":"Wheel of Change","player_choice":"Gold","floor":19,"damage_taken":0},{"event_name":"Accursed Blacksmith","player_choice":"Rummage","floor":20,"damage_taken":0},{"event_name":"Ghosts","player_choice":"Became a Ghost","floor":31,"damage_taken":0}],"boss_relics":[{"not_picked":["Orrery","Ectoplasm"],"picked":"Sozu"}],"potions_floor_spawned":[1,12,22,24,30],"seed_played":"-7069784145683503277","killed_by":"Champ","ascension_level":0,"is_trial":false}