{"path_per_floor":["M","M","M","M","M","E","M","E","T","R","M","$","M","M","R","B",null,"M","M","?","$"],"character_chosen":"DEFECT","items_purchased":["Frozen Egg 2","Defragment+1","Orichalcum"],"gold_per_floor":[109,123,134,154,169,202,214,239,314,314,332,94,107,120,120,225,225,242,259,259,25,25],"floor_reached":22,"campfire_rested":1,"playtime":991,"item_purchase_floors":[12,21,21],"current_hp_per_floor":[75,75,75,71,64,37,33,19,19,19,13,13,12,12,49,17,75,39,23,23,23,0],"items_purged":[],"gold":25,"score":202,"play_id":"60af4083-d31f-42be-a448-bdccba18077c","local_time":"20180621143716","is_prod":false,"is_daily":false,"chose_seed":false,"is_ascension_mode":false,"campfire_upgraded":1,"win_rate":0,"timestamp":1529584636,"campfire_choices":[{"data":"Sunder","floor":10,"key":"SMITH"},{"floor":15,"key":"REST"}],"path_taken":["M","M","M","M","M","E","M","E","T","R","M","$","M","M","R","BOSS","M","M","?","$","M"],"build_version":"2018-06-14v2","seed_source_timestamp":3198366858409,"purchased_purges":0,"victory":false,"master_deck":["Strike_B","Strike_B","Strike_B","Strike_B","Defend_B","Defend_B","Defend_B","Defend_B","Zap","Dualcast","Streamline","Sunder+1","Reinforced Body","Loop","Static Discharge","Capacitor","Heatsinks","White Noise","Capacitor+1","Capacitor+1","Thunder Strike","Defragment+1"],"max_hp_per_floor":[75,75,75,75,75,75,75,75,75,75,75,75,75,75,75,75,75,75,75,75,75,75],"relics":["Cracked Core","Anchor","Regal Pillow","Bottled Flame","Frozen Egg 2","White Beast Statue","Orichalcum"],"card_choices":[{"not_picked":["Coolheaded","Sweeping Beam"],"picked":"Streamline","floor":0},{"not_picked":["Go for the Eyes","Barrage","Conserve Battery"],"picked":"SKIP","floor":1},{"not_picked":["Scrape","Blizzard"],"picked":"Sunder","floor":2},{"not_picked":["Scrape","Steam"],"picked":"Reinforced Body","floor":3},{"not_picked":["FTL","Redo"],"picked":"Loop","floor":4},{"not_picked":["Doom and Gloom","Cold Snap"],"picked":"Static Discharge","floor":5},{"not_picked":["FTL","Streamline"],"picked":"Capacitor","floor":6},{"not_picked":["Hello World","Stack","Rebound"],"picked":"SKIP","floor":7},{"not_picked":["Aggregate","Rip and Tear"],"picked":"Heatsinks","floor":8},{"not_picked":["Sweeping Beam","Leap"],"picked":"White Noise","floor":11},{"not_picked":["Steam","Streamline"],"picked":"Capacitor+1","floor":13},{"not_picked":["Blizzard","Compile Driver"],"picked":"Capacitor+1","floor":14},{"not_picked":["Fission","Meteor Strike"],"picked":"Thunder Strike","floor":16},{"not_picked":["Gash","Steam","Redo"],"picked":"SKIP","floor":18},{"not_picked":["Leap","Compile Driver","Genetic Algorithm+1"],"picked":"SKIP","floor":19}],"player_experience":364464,"potions_floor_usage":[16,22,22],"damage_taken":[{"damage":0,"enemies":"Small Slimes","floor":1,"turns":2},{"damage":0,"enemies":"Cultist","floor":2,"turns":3},{"damage":0,"enemies":"2 Louse","floor":3,"turns":1},{"damage":4,"enemies":"Gremlin Gang","floor":4,"turns":4},{"damage":7,"enemies":"Exordium Wildlife","floor":5,"turns":6},{"damage":27,"enemies":"Lagavulin","floor":6,"turns":8},{"damage":4,"enemies":"Blue Slaver","floor":7,"turns":4},{"damage":14,"enemies":"3 Sentries","floor":8,"turns":5},{"damage":6,"enemies":"Large Slime","floor":11,"turns":7},{"damage":1,"enemies":"Exordium Wildlife","floor":13,"turns":5},{"damage":0,"enemies":"Blue Slaver","floor":14,"turns":2},{"damage":32,"enemies":"The Guardian","floor":16,"turns":10},{"damage":36,"enemies":"Spheric Guardian","floor":18,"turns":7},{"damage":16,"enemies":"Chosen","floor":19,"turns":5},{"damage":23,"enemies":"Slaver and Parasite","floor":22,"turns":4}],"relics_obtained":[{"floor":6,"key":"Anchor"},{"floor":8,"key":"Regal Pillow"},{"floor":9,"key":"Bottled Flame"}],"event_choices":[{"event_name":"The Woman in Blue","player_choice":"Bought 0 Potions","floor":20,"damage_taken":0}],"boss_relics":[{"not_picked":["Inserter","Busted Crown"],"picked":"White Beast Statue"}],"items_purged_floors":[],"is_endless":false,"potions_floor_spawned":[2,4,6,7,11,18,19],"seed_played":"5977080477820243307","killed_by":"Slaver and Parasite","ascension_level":0,"potions_obtained":[{"floor":2,"key":"SneckoOil"},{"floor":4,"key":"AttackPotion"},{"floor":6,"key":"SpeedPotion"},{"floor":7,"key":"Strength Potion"},{"floor":11,"key":"SkillPotion"},{"floor":18,"key":"Fire Potion"},{"floor":19,"key":"Block Potion"}],"is_trial":false}