{"path_per_floor":["M","?","M","M","M","R","?","M","T","E","M","R","?","?","R","B",null,"M","$","?","T","M","R","M","E","T","E","M","M","?","T","R"],"character_chosen":"THE_SILENT","items_purchased":["Mummified Hand","A Thousand Cuts"],"gold_per_floor":[118,118,138,154,168,168,118,130,209,241,254,254,254,329,329,427,427,443,25,25,95,107,107,127,161,210,237,255,271,271,271,271],"floor_reached":33,"campfire_rested":1,"playtime":3290,"current_hp_per_floor":[70,70,70,63,63,63,63,63,63,57,57,57,57,46,46,12,70,31,31,31,31,31,31,30,16,16,35,35,31,31,31,52],"items_purged":[],"gold":271,"score":287,"play_id":"6db91a08-3c86-4aa3-932e-b3179c8b75f1","is_prod":false,"is_daily":false,"is_ascension_mode":false,"campfire_upgraded":4,"path_taken":["M","?","M","M","M","R","?","M","T","E","M","R","?","?","R","BOSS","M","?","?","?","M","R","M","E","T","E","?","M","?","?","R","BOSS"],"build_version":"2018-02-15-PROD1","purchased_purges":0,"victory":false,"master_deck":["Defend_G","Defend_G","Defend_G","Defend_G","Defend_G","Strike_G","Strike_G","Strike_G","Strike_G","Survivor","Neutralize+1","Dodge and Roll","Choke","Terror","Dash+1","Endless Agony","Distraction+1","Venomology","Corpse Explosion","Flechettes+1","A Thousand Cuts+1","Blur+1","Deadly Poison+1","Bullet Time","Bane+1","Dagger Spray+1","Die Die Die"],"max_hp_per_floor":[70,70,70,70,70,70,70,70,70,70,70,70,70,70,70,70,70,70,70,70,70,70,70,70,70,70,70,70,70,70,70,70],"relics":["Ring of the Snake","Darkstone Periapt","Lantern","Lizard Tail","Mummified Hand","Ninja Scroll","Prayer Wheel","Oddly Smooth Stone","Ornamental Fan","Dream Catcher"],"card_choices":[{"not_picked":["Bane","Deflect"],"picked":"Dodge and Roll"},{"not_picked":["Glass Knife","Backflip"],"picked":"Choke"},{"not_picked":["Sucker Punch","PiercingWail"],"picked":"Terror"},{"not_picked":["Dodge and Roll","Flying Knee"],"picked":"Dash"},{"not_picked":["Dagger Spray","Prepared"],"picked":"Endless Agony"},{"not_picked":["Backflip","Bane"],"picked":"Distraction"},{"not_picked":["Leg Sweep","PiercingWail"],"picked":"Venomology"},{"not_picked":["Die Die Die","Unload"],"picked":"Corpse Explosion"},{"not_picked":["Acrobatics","Choke"],"picked":"Flechettes"},{"not_picked":["Calculated Gamble","Flying Knee"],"picked":"Deadly Poison"},{"not_picked":["Riddle With Holes","Outmaneuver"],"picked":"Bullet Time"},{"not_picked":["Flying Knee","Backflip"],"picked":"Bane"},{"not_picked":["Eviscerate","Choke"],"picked":"Dagger Spray"},{"not_picked":["PiercingWail","Calculated Gamble"],"picked":"Die Die Die"}],"player_experience":130128,"potions_floor_usage":[10,16,16,16,16,22,22,25,27,27,27,27,27,29,29],"damage_taken":[{"damage":0,"enemies":"Jaw Worm","floor":1,"turns":4},{"damage":0,"enemies":"Cultist","floor":3,"turns":4},{"damage":7,"enemies":"2 Louse","floor":4,"turns":3},{"damage":0,"enemies":"2 Fungi Beasts","floor":5,"turns":6},{"damage":0,"enemies":"Looter","floor":8,"turns":4},{"damage":6,"enemies":"3 Sentries","floor":10,"turns":11},{"damage":0,"enemies":"Exordium Thugs","floor":11,"turns":8},{"damage":34,"enemies":"Slime Boss","floor":16,"turns":16},{"damage":39,"enemies":"3 Byrds","floor":18,"turns":11},{"damage":0,"enemies":"Chosen","floor":22,"turns":3},{"damage":1,"enemies":"Centurion and Healer","floor":24,"turns":7},{"damage":14,"enemies":"Gremlin Leader","floor":25,"turns":4},{"damage":25,"enemies":"Slavers","floor":27,"turns":8},{"damage":0,"enemies":"Snecko","floor":28,"turns":5},{"damage":4,"enemies":"Slaver and Parasite","floor":29,"turns":8},{"damage":64,"enemies":"Collector","floor":33,"turns":5}],"event_choices":[{"event_name":"Wheel of Change","player_choice":"Full Heal","floor":2,"damage_taken":0},{"event_name":"The Cleric","player_choice":"Card Removal","floor":7,"damage_taken":0},{"event_name":"The Woman in Blue","player_choice":"Bought 0 Potions","floor":13,"damage_taken":0},{"event_name":"World of Goop","player_choice":"Gather Gold","floor":14,"damage_taken":0},{"event_name":"Match and Keep!","player_choice":"1 cards matched","floor":20,"damage_taken":0},{"event_name":"Upgrade Shrine","player_choice":"Upgraded","floor":30,"damage_taken":0}],"boss_relics":[{"not_picked":["Tiny House","Velvet Choker"],"picked":"Lizard Tail"}],"potions_floor_spawned":[3,4,8,10,11,18,24],"seed_played":"-836660270117224115","killed_by":"Collector","ascension_level":0,"is_trial":false}