{"gold_per_floor":[114,128,146,146,157,157,187,187,187,200,220,220,235,247,247,342,342,356,120,120,132,144,144],"floor_reached":23,"playtime":1120,"items_purged":[],"score":197,"play_id":"4f8440d7-ec53-407f-a315-90fc5c8635fc","local_time":"20190224115510","is_ascension_mode":false,"campfire_choices":[{"data":"Body Slam","floor":6,"key":"SMITH"},{"data":"Entrench","floor":12,"key":"SMITH"},{"floor":15,"key":"REST"}],"neow_cost":"NONE","seed_source_timestamp":13012969426375,"circlet_count":0,"master_deck":["Strike_R","Strike_R","Strike_R","Strike_R","Strike_R","Defend_R","Defend_R","Defend_R","Defend_R","Bash","Body Slam","Shrug It Off","Cleave","Body Slam+1","Shockwave","Spot Weakness","Entrench+1","Demon Form","Whirlwind","Impervious","Shrug It Off","Anger+1"],"relics":["Burning Blood","Shuriken","Black Star"],"potions_floor_usage":[7,16,16,18,22,22,23],"damage_taken":[{"damage":11,"enemies":"Jaw Worm","floor":1,"turns":4},{"damage":8,"enemies":"Cultist","floor":2,"turns":5},{"damage":10,"enemies":"Small Slimes","floor":3,"turns":4},{"damage":9,"enemies":"Blue Slaver","floor":5,"turns":6},{"damage":34,"enemies":"Gremlin Nob","floor":7,"turns":5},{"damage":2,"enemies":"Exordium Thugs","floor":10,"turns":4},{"damage":0,"enemies":"2 Fungi Beasts","floor":11,"turns":3},{"damage":0,"enemies":"3 Louse","floor":13,"turns":3},{"damage":7,"enemies":"Large Slime","floor":14,"turns":8},{"damage":60,"enemies":"Hexaghost","floor":16,"turns":10},{"damage":29,"enemies":"Spheric Guardian","floor":18,"turns":6},{"damage":16,"enemies":"Shell Parasite","floor":21,"turns":10},{"damage":13,"enemies":"3 Cultists","floor":22,"turns":5},{"damage":53,"enemies":"Gremlin Leader","floor":23,"turns":6}],"seed_played":"-1248263761758105332","potions_obtained":[{"floor":2,"key":"Fire Potion"},{"floor":7,"key":"Weak Potion"},{"floor":11,"key":"SkillPotion"},{"floor":13,"key":"Explosive Potion"},{"floor":16,"key":"Weak Potion"},{"floor":18,"key":"Swift Potion"}],"is_trial":false,"path_per_floor":["M","M","M","?","M","R","E","?","T","M","M","R","M","M","R","B",null,"M","$","?","M","M","E"],"character_chosen":"IRONCLAD","items_purchased":["Impervious","Shrug It Off","SkillPotion"],"campfire_rested":1,"item_purchase_floors":[19,19,19],"current_hp_per_floor":[83,81,77,82,79,79,51,51,51,55,61,61,67,66,93,39,93,70,70,70,60,53,0],"gold":144,"neow_bonus":"TEN_PERCENT_HP_BONUS","is_prod":false,"is_daily":false,"chose_seed":false,"campfire_upgraded":2,"win_rate":0,"timestamp":1551030910,"path_taken":["M","M","M","?","M","R","E","?","T","M","M","R","M","M","R","BOSS","M","$","?","?","M","E"],"build_version":"2019-01-23","purchased_purges":0,"victory":false,"max_hp_per_floor":[88,88,88,93,93,93,93,93,93,93,93,93,93,93,93,93,93,93,93,93,93,93,93],"card_choices":[{"not_picked":["Warcry","Thunderclap"],"picked":"Body Slam","floor":1},{"not_picked":["Bloodletting","Thunderclap"],"picked":"Shrug It Off","floor":2},{"not_picked":["Perfected Strike","Bloodletting"],"picked":"Cleave","floor":3},{"not_picked":["Heavy Blade","Sword Boomerang"],"picked":"Body Slam","floor":5},{"not_picked":["Second Wind","Dual Wield"],"picked":"Shockwave","floor":7},{"not_picked":["Uppercut","Dual Wield"],"picked":"Spot Weakness","floor":10},{"not_picked":["Anger","Intimidate"],"picked":"Entrench","floor":11},{"not_picked":["Corruption","Sever Soul","Immolate"],"picked":"SKIP","floor":13},{"not_picked":["Shockwave","Clash","Evolve"],"picked":"SKIP","floor":14},{"not_picked":["Reaper","Immolate"],"picked":"Demon Form","floor":16},{"not_picked":["Cleave","Sword Boomerang"],"picked":"Whirlwind","floor":18},{"not_picked":["Intimidate","Searing Blow"],"picked":"Anger+1","floor":21},{"not_picked":["Twin Strike","Flame Barrier","Sword Boomerang"],"picked":"SKIP","floor":22}],"player_experience":337662,"relics_obtained":[{"floor":7,"key":"Shuriken"}],"event_choices":[{"damage_healed":0,"gold_gain":0,"player_choice":"Donut","damage_taken":0,"max_hp_gain":5,"max_hp_loss":0,"event_name":"Big Fish","floor":4,"gold_loss":0},{"damage_healed":0,"gold_gain":0,"player_choice":"Ignored","damage_taken":0,"max_hp_gain":0,"max_hp_loss":0,"event_name":"Liars Game","floor":8,"gold_loss":0},{"damage_healed":0,"gold_gain":0,"player_choice":"Leave","damage_taken":0,"max_hp_gain":0,"max_hp_loss":0,"event_name":"FaceTrader","floor":20,"gold_loss":0}],"is_beta":false,"boss_relics":[{"not_picked":["Tiny House","Astrolabe"],"picked":"Black Star"}],"items_purged_floors":[],"is_endless":false,"potions_floor_spawned":[2,7,11,13,16,18,21],"killed_by":"Gremlin Leader","ascension_level":0}