{"gold_per_floor":[118,129,129,204,1,15,15,42,66,66,101,101,101,133,133,233,233,249,279,1,1,1,1,12,32,57,67,97,113,113,133,133,231,531,543,543,554,155,35,35,35,35,117,134,134,149,161,178,178,178],"floor_reached":51,"playtime":6367,"items_purged":["Strike_G","Strike_G","Normality","Doubt"],"score":1131,"play_id":"33e5e486-03d1-415f-9d59-dafc06502d54","local_time":"20190206193341","is_ascension_mode":true,"campfire_choices":[{"floor":7.0,"key":"REST"},{"floor":10.0,"key":"REST"},{"floor":12.0,"key":"REST"},{"data":"Catalyst","floor":15.0,"key":"SMITH"},{"floor":23.0,"key":"REST"},{"floor":30.0,"key":"REST"},{"floor":32.0,"key":"REST"},{"data":"Footwork","floor":40,"key":"SMITH"},{"data":"Footwork","floor":41,"key":"SMITH"},{"data":"Footwork","floor":42,"key":"SMITH"},{"data":"Envenom","floor":45,"key":"SMITH"},{"floor":49,"key":"REST"}],"neow_cost":"TEN_PERCENT_HP_LOSS","seed_source_timestamp":22010784982100,"circlet_count":0,"master_deck":["AscendersBane","Defend_G+1","Defend_G+1","Defend_G+1","Defend_G+1","Defend_G+1","Strike_G+1","Strike_G+1","Strike_G+1","Survivor","Neutralize","Die Die Die","Leg Sweep+1","Calculated Gamble","Footwork+1","Envenom+1","Catalyst+1","Cloak And Dagger+1","Dash","Leg Sweep+1","Burst+1","Backflip+1","Backflip+1","Footwork+1","Dodge and Roll+1","Backflip+1","Backflip+1","Poisoned Stab","Dodge and Roll+1","Blade Dance+1","Crippling Poison+1","Caltrops","Bouncing Flask+1","Adrenaline+1","Clumsy","Adrenaline+1","Crippling Poison+1","Footwork+1","Bouncing Flask+1","Deadly Poison+1"],"special_seed":0,"relics":["Ring of the Snake","Centennial Puzzle","Dream Catcher","Toxic Egg 2","Pear","Philosopher\u0027s Stone","Red Mask","Vajra","WingedGreaves","Calling Bell","Snake Skull","The Courier","Old Coin","Bag of Preparation","Molten Egg 2"],"potions_floor_usage":[50,50],"damage_taken":[{"damage":0.0,"enemies":"Small Slimes","floor":1.0,"turns":3.0},{"damage":0.0,"enemies":"2 Louse","floor":2.0,"turns":1.0},{"damage":0.0,"enemies":"Jaw Worm","floor":6.0,"turns":7.0},{"damage":20.0,"enemies":"3 Sentries","floor":8.0,"turns":16.0},{"damage":17.0,"enemies":"Gremlin Nob","floor":11.0,"turns":4.0},{"damage":7.0,"enemies":"Lagavulin","floor":14.0,"turns":10.0},{"damage":23.0,"enemies":"The Guardian","floor":16.0,"turns":13.0},{"damage":24.0,"enemies":"Chosen","floor":18.0,"turns":7.0},{"damage":16.0,"enemies":"Masked Bandits","floor":19.0,"turns":5.0},{"damage":18.0,"enemies":"3 Byrds","floor":24.0,"turns":3.0},{"damage":0.0,"enemies":"Snake Plant","floor":25.0,"turns":7.0},{"damage":0.0,"enemies":"Shelled Parasite and Fungi","floor":27.0,"turns":10.0},{"damage":9.0,"enemies":"Slavers","floor":28.0,"turns":14.0},{"damage":0.0,"enemies":"Cultist and Chosen","floor":29.0,"turns":7.0},{"damage":9.0,"enemies":"Centurion and Healer","floor":31.0,"turns":5.0},{"damage":6.0,"enemies":"Collector","floor":33.0,"turns":4.0},{"damage":8.0,"enemies":"3 Darklings","floor":35.0,"turns":4.0},{"damage":1,"enemies":"Orb Walker","floor":37,"turns":4},{"damage":0,"enemies":"Transient","floor":44,"turns":5},{"damage":10,"enemies":"Spire Growth","floor":46,"turns":4},{"damage":20,"enemies":"Jaw Worm Horde","floor":47,"turns":4},{"damage":0,"enemies":"Transient","floor":48,"turns":5},{"damage":56,"enemies":"Time Eater","floor":50,"turns":12}],"seed_played":"-4934412063389678969","potions_obtained":[{"floor":1.0,"key":"Explosive Potion"},{"floor":11.0,"key":"LiquidBronze"},{"floor":16.0,"key":"Fire Potion"},{"floor":24.0,"key":"GhostInAJar"},{"floor":28.0,"key":"Dexterity Potion"},{"floor":31.0,"key":"EssenceOfSteel"},{"floor":36.0,"key":"Regen Potion"},{"floor":36.0,"key":"Regen Potion"}],"is_trial":false,"path_per_floor":["M","M","?","?","$","M","R","E","T","R","E","R","?","E","R","B",null,"M","?","$","?","?","R","M","M","T","M","E","M","R","M","R","B",null,"M","?","M","$","$","R","R","R","T","M","R","M","M","M","R","B",null],"character_chosen":"THE_SILENT","items_purchased":["Footwork","Poison Potion","Footwork","Dodge and Roll+1","Backflip+1","Adrenaline+1","Crippling Poison+1","Footwork","Bag of Preparation"],"campfire_rested":7,"item_purchase_floors":[5,5,20,20,20,38,38,38,38],"current_hp_per_floor":[63,63,50,39,39,39,57,37,37,55,38,56,56,59,59,36,64,40,24,24,24,24,45,27,27,27,27,18,18,39,30,51,45,66,58,58,57,57,57,57,57,57,57,57,57,47,27,27,48,39],"gold":178,"neow_bonus":"THREE_RARE_CARDS","is_prod":false,"is_daily":false,"chose_seed":false,"campfire_upgraded":5,"win_rate":0,"timestamp":1549499621,"path_taken":["M","M","?","?","$","M","R","E","T","R","E","R","?","E","R","BOSS","M","?","$","?","?","R","M","M","T","?","E","M","R","M","R","BOSS","M","?","M","?","$","R","R","R","T","M","R","M","?","M","R","BOSS"],"build_version":"2019-01-23","purchased_purges":4,"victory":true,"max_hp_per_floor":[63,63,63,63,63,63,63,63,63,63,63,63,63,73,73,73,73,73,73,73,73,73,73,73,73,73,73,73,73,73,73,73,73,73,73,73,73,73,73,73,73,73,73,73,73,73,73,73,73,73],"card_choices":[{"not_picked":["Burst","Bullet Time"],"picked":"Die Die Die","floor":0.0},{"not_picked":["Catalyst","Masterful Stab"],"picked":"Leg Sweep","floor":1.0},{"not_picked":["Concentrate","Riddle With Holes"],"picked":"Calculated Gamble","floor":2.0},{"not_picked":["Blade Dance","Underhanded Strike","Prepared"],"picked":"SKIP","floor":6.0},{"not_picked":["Sucker Punch","Distraction"],"picked":"Envenom","floor":8.0},{"not_picked":["Dagger Spray","Accuracy"],"picked":"Catalyst","floor":10.0},{"not_picked":["Distraction","Slice"],"picked":"Cloak And Dagger","floor":11.0},{"not_picked":["Quick Slash","PiercingWail+1"],"picked":"Dash","floor":12.0},{"not_picked":["Backstab","Prepared+1"],"picked":"Leg Sweep+1","floor":14.0},{"not_picked":["Glass Knife","Die Die Die"],"picked":"Burst+1","floor":16.0},{"not_picked":["Sucker Punch","Heel Hook"],"picked":"Backflip+1","floor":18.0},{"not_picked":["Quick Slash","Expertise+1"],"picked":"Backflip+1","floor":19.0},{"not_picked":["Quick Slash","Flying Knee"],"picked":"Backflip+1","floor":23.0},{"not_picked":["Outmaneuver+1","Grand Finale","Underhanded Strike"],"picked":"SKIP","floor":24.0},{"not_picked":["Bane","Blade Dance+1"],"picked":"Poisoned Stab","floor":25.0},{"not_picked":["Setup+1","Blade Dance+1"],"picked":"Dodge and Roll+1","floor":27.0},{"not_picked":["Endless Agony","Dash+1"],"picked":"Blade Dance+1","floor":28.0},{"not_picked":["Bane","Heel Hook"],"picked":"Crippling Poison+1","floor":29.0},{"not_picked":["Phantasmal Killer+1","All Out Attack"],"picked":"Caltrops","floor":30.0},{"not_picked":["Leg Sweep+1","Poisoned Stab"],"picked":"Bouncing Flask+1","floor":31.0},{"not_picked":["After Image","Phantasmal Killer+1"],"picked":"Adrenaline+1","floor":33.0},{"not_picked":["Bane","Deflect+1","Poisoned Stab"],"picked":"SKIP","floor":35.0},{"not_picked":["Slice","Poisoned Stab","Calculated Gamble+1"],"picked":"SKIP","floor":37},{"not_picked":["Backflip+1","Finisher+1"],"picked":"Bouncing Flask+1","floor":44},{"not_picked":["Expertise+1","Flying Knee+1","Finisher+1"],"picked":"SKIP","floor":46},{"not_picked":["Backflip+1","Poisoned Stab+1"],"picked":"Deadly Poison+1","floor":47},{"not_picked":["Outmaneuver+1","Poisoned Stab+1","Deflect+1"],"picked":"SKIP","floor":48}],"player_experience":585810,"relics_obtained":[{"floor":8.0,"key":"Centennial Puzzle"},{"floor":9.0,"key":"Dream Catcher"},{"floor":11.0,"key":"Toxic Egg 2"},{"floor":14.0,"key":"Pear"},{"floor":19.0,"key":"Red Mask"},{"floor":26.0,"key":"Vajra"},{"floor":28.0,"key":"WingedGreaves"},{"floor":34.0,"key":"Snake Skull"},{"floor":34.0,"key":"The Courier"},{"floor":34.0,"key":"Old Coin"},{"floor":43,"key":"Molten Egg 2"}],"event_choices":[{"damage_healed":0.0,"max_hp_gain":0.0,"max_hp_loss":0.0,"gold_gain":0.0,"event_name":"Shining Light","player_choice":"Entered Light","floor":3.0,"gold_loss":0.0,"damage_taken":13.0,"cards_upgraded":["Strike_G","Leg Sweep"]},{"damage_healed":0.0,"max_hp_gain":0.0,"max_hp_loss":0.0,"gold_gain":75.0,"event_name":"World of Goop","player_choice":"Gather Gold","floor":4.0,"gold_loss":0.0,"damage_taken":11.0},{"damage_healed":0.0,"max_hp_gain":0.0,"max_hp_loss":0.0,"gold_gain":0.0,"event_name":"Liars Game","player_choice":"Ignored","floor":13.0,"gold_loss":0.0,"damage_taken":0.0},{"damage_healed":0.0,"max_hp_gain":0.0,"max_hp_loss":0.0,"gold_gain":0.0,"event_name":"Masked Bandits","player_choice":"Fought Bandits","floor":19.0,"gold_loss":0.0,"damage_taken":0.0},{"damage_healed":0.0,"max_hp_gain":0.0,"max_hp_loss":0.0,"gold_gain":0.0,"event_name":"Back to Basics","player_choice":"Simplicity","floor":21.0,"gold_loss":0.0,"damage_taken":0.0,"cards_upgraded":["Defend_G","Defend_G","Defend_G","Defend_G","Defend_G","Strike_G","Strike_G"]},{"damage_healed":0.0,"max_hp_gain":0.0,"max_hp_loss":0.0,"gold_gain":0.0,"event_name":"Vampires","player_choice":"Ignored","floor":22.0,"gold_loss":0.0,"damage_taken":0.0},{"damage_healed":0.0,"max_hp_gain":0.0,"max_hp_loss":0.0,"gold_gain":0.0,"event_name":"Lab","player_choice":"Got Potions","floor":36.0,"gold_loss":0.0,"damage_taken":0.0}],"is_beta":true,"boss_relics":[{"not_picked":["Fusion Hammer","Tiny House"],"picked":"Philosopher\u0027s Stone"},{"not_picked":["Velvet Choker","Runic Pyramid"],"picked":"Calling Bell"}],"items_purged_floors":[5,20,38,39],"is_endless":false,"potions_floor_spawned":[1,6,11,14,16,24,28,31,46],"ascension_level":12}