{"gold_per_floor":[118,137,151,168,188,188,208,208,208,220,250,250,269,16,16,16],"floor_reached":16,"playtime":842,"items_purged":[],"score":106,"play_id":"eeb502ac-7bfb-487e-9160-10b14ae5f0a4","local_time":"20190219133352","is_ascension_mode":false,"campfire_choices":[{"data":"Body Slam","floor":6,"key":"SMITH"},{"data":"Infernal Blade","floor":8,"key":"SMITH"},{"floor":15,"key":"REST"}],"neow_cost":"TEN_PERCENT_HP_LOSS","seed_source_timestamp":17782003429685,"circlet_count":0,"master_deck":["Strike_R","Strike_R","Strike_R","Strike_R","Strike_R","Defend_R","Defend_R","Defend_R","Defend_R","Bash","Pummel","Infernal Blade+1","Perfected Strike","Body Slam+1","Shrug It Off","Body Slam","Dual Wield","Iron Wave"],"relics":["Burning Blood","Bird Faced Urn","Dream Catcher","Shuriken"],"potions_floor_usage":[11,11,16],"damage_taken":[{"damage":4,"enemies":"Cultist","floor":1,"turns":4},{"damage":0,"enemies":"2 Louse","floor":2,"turns":3},{"damage":0,"enemies":"Small Slimes","floor":3,"turns":3},{"damage":2,"enemies":"2 Fungi Beasts","floor":4,"turns":5},{"damage":8,"enemies":"Red Slaver","floor":5,"turns":3},{"damage":5,"enemies":"3 Louse","floor":7,"turns":3},{"damage":7,"enemies":"Blue Slaver","floor":10,"turns":4},{"damage":27,"enemies":"Lagavulin","floor":11,"turns":6},{"damage":13,"enemies":"Lots of Slimes","floor":13,"turns":4},{"damage":69,"enemies":"Slime Boss","floor":16,"turns":8}],"seed_played":"7718569473170261367","potions_obtained":[{"floor":2,"key":"Swift Potion"},{"floor":4,"key":"SkillPotion"},{"floor":7,"key":"Energy Potion"}],"is_trial":false,"path_per_floor":["M","M","M","M","M","R","M","R","T","M","E","?","M","$","R","B"],"character_chosen":"IRONCLAD","items_purchased":["Shuriken"],"campfire_rested":1,"item_purchase_floors":[14],"current_hp_per_floor":[72,72,72,72,70,70,71,71,71,70,49,49,42,42,63,0],"gold":16,"neow_bonus":"ONE_RARE_RELIC","is_prod":false,"is_daily":false,"chose_seed":false,"campfire_upgraded":2,"win_rate":0,"timestamp":1550604832,"path_taken":["M","M","M","M","M","R","M","R","T","M","E","?","M","$","R","BOSS"],"build_version":"2019-01-23","purchased_purges":0,"victory":false,"max_hp_per_floor":[72,72,72,72,72,72,72,72,72,72,72,72,72,72,72,72],"card_choices":[{"not_picked":["Thunderclap","Dropkick","Havoc"],"picked":"SKIP","floor":1},{"not_picked":["Warcry","Clothesline"],"picked":"Pummel","floor":2},{"not_picked":["Havoc","Clothesline"],"picked":"Infernal Blade","floor":3},{"not_picked":["Warcry","Burning Pact"],"picked":"Perfected Strike","floor":4},{"not_picked":["Warcry","Thunderclap"],"picked":"Body Slam","floor":5},{"not_picked":["Flex","Clash"],"picked":"Shrug It Off","floor":7},{"not_picked":["Rupture","Wild Strike"],"picked":"Body Slam","floor":10},{"not_picked":["Feed","Sentinel","Pommel Strike"],"picked":"SKIP","floor":11},{"not_picked":["Evolve","Reckless Charge"],"picked":"Dual Wield","floor":13},{"not_picked":["Whirlwind","Shockwave"],"picked":"Iron Wave","floor":15}],"player_experience":249857,"relics_obtained":[{"floor":11,"key":"Dream Catcher"}],"event_choices":[{"damage_healed":0,"gold_gain":0,"player_choice":"Ignored","damage_taken":0,"max_hp_gain":0,"max_hp_loss":0,"event_name":"Golden Wing","floor":12,"gold_loss":0}],"is_beta":false,"boss_relics":[],"items_purged_floors":[],"is_endless":false,"potions_floor_spawned":[2,4,7,10],"killed_by":"Slime Boss","ascension_level":0}