{"gold_per_floor":[111,111,122,142,142,175,175,203,230,61,61,72,87,107,107,208,208,228,228,245,145,161,161,161,161,188,198,198,214,232,232,232,337,337,357,370,245,345,356,390,409,409,433,461,474,474,505,505,505,505,505,505,51,82,82],"floor_reached":56,"playtime":3764,"items_purged":["Defend_R","Strike_R","Dark Embrace+1","Parasite"],"score":1379,"play_id":"993dbe35-3666-48d1-8695-12bb0d8fdcf0","local_time":"20181208140917","is_ascension_mode":false,"campfire_choices":[{"data":"Body Slam","floor":7,"key":"SMITH"},{"data":"Entrench","floor":15,"key":"SMITH"},{"data":"Barricade","floor":23,"key":"SMITH"},{"data":"True Grit","floor":25,"key":"SMITH"},{"data":"Finesse","floor":28,"key":"SMITH"},{"data":"Shrug It Off","floor":32,"key":"SMITH"},{"floor":42,"key":"RECALL"},{"data":"Metallicize","floor":46,"key":"SMITH"},{"data":"Double Tap","floor":49,"key":"SMITH"},{"data":"Shrug It Off","floor":52,"key":"SMITH"}],"neow_cost":"NONE","seed_source_timestamp":110467128041500,"circlet_count":0,"master_deck":["Strike_R+1","Defend_R+1","Defend_R+1","Defend_R+1","Bash","Body Slam+1","Battle Trance","Shrug It Off+1","Headbutt","Shrug It Off","Finesse+1","Barricade+1","Entrench+1","Double Tap+1","Flame Barrier+1","Iron Wave+1","True Grit+1","Shrug It Off+1","Metallicize+1","Ghostly Armor+1","Headbutt","Dual Wield+1","Body Slam+1","Evolve+1"],"relics":["Burning Blood","PreservedInsect","Centennial Puzzle","Lantern","Astrolabe","Ancient Tea Set","Bag of Preparation","Velvet Choker","Du-Vu Doll","Shuriken","Boot","Mummified Hand","Bottled Tornado","Anchor"],"potions_floor_usage":[33,33,33,36,36,36],"damage_taken":[{"damage":7,"enemies":"Jaw Worm","floor":1,"turns":4},{"damage":2,"enemies":"2 Louse","floor":3,"turns":3},{"damage":1,"enemies":"Cultist","floor":4,"turns":4},{"damage":40,"enemies":"Gremlin Nob","floor":6,"turns":5},{"damage":5,"enemies":"3 Sentries","floor":8,"turns":7},{"damage":3,"enemies":"3 Louse","floor":12,"turns":2},{"damage":0,"enemies":"Blue Slaver","floor":13,"turns":3},{"damage":2,"enemies":"2 Fungi Beasts","floor":14,"turns":3},{"damage":16,"enemies":"Hexaghost","floor":16,"turns":9},{"damage":0,"enemies":"Shell Parasite","floor":18,"turns":4},{"damage":0,"enemies":"Colosseum Slavers","floor":19,"turns":6},{"damage":10,"enemies":"3 Byrds","floor":20,"turns":4},{"damage":11,"enemies":"3 Cultists","floor":22,"turns":9},{"damage":0,"enemies":"Shelled Parasite and Fungi","floor":27,"turns":8},{"damage":0,"enemies":"Centurion and Healer","floor":29,"turns":15},{"damage":0,"enemies":"Snecko","floor":30,"turns":5},{"damage":7,"enemies":"Automaton","floor":33,"turns":13},{"damage":0,"enemies":"3 Shapes","floor":35,"turns":7},{"damage":0,"enemies":"3 Darklings","floor":36,"turns":8},{"damage":0,"enemies":"Mind Bloom Boss Battle","floor":38,"turns":5},{"damage":0,"enemies":"Sphere and 2 Shapes","floor":39,"turns":6},{"damage":0,"enemies":"Nemesis","floor":40,"turns":9},{"damage":0,"enemies":"Writhing Mass","floor":41,"turns":9},{"damage":29,"enemies":"Reptomancer","floor":44,"turns":8},{"damage":2,"enemies":"Jaw Worm Horde","floor":45,"turns":5},{"damage":0,"enemies":"Nemesis","floor":47,"turns":11},{"damage":0,"enemies":"Awakened One","floor":50,"turns":9},{"damage":14,"enemies":"Shield and Spear","floor":54,"turns":5},{"damage":0,"enemies":"The Heart","floor":55,"turns":6}],"seed_played":"-3978670408040802235","potions_obtained":[{"floor":6,"key":"Energy Potion"},{"floor":8,"key":"EssenceOfSteel"},{"floor":14,"key":"Strength Potion"},{"floor":27,"key":"EssenceOfSteel"},{"floor":35,"key":"EntropicBrew"},{"floor":39,"key":"Strength Potion"},{"floor":40,"key":"BloodPotion"}],"is_trial":false,"path_per_floor":["M","?","M","M","?","E","R","E","T","$","$","M","M","M","R","B",null,"M","?","M","$","M","R","?","R","T","M","R","M","M","?","R","B",null,"M","M","$","?","M","E","M","R","T","E","M","R","E","?","R","B",null,"R","$","E","B",null],"character_chosen":"IRONCLAD","items_purchased":["Finesse","Bottled Tornado","Strength Potion"],"campfire_rested":0,"item_purchase_floors":[10,53,53],"current_hp_per_floor":[79,79,80,80,85,51,51,52,52,52,52,55,61,65,65,55,85,85,85,81,81,76,76,76,76,76,82,82,85,85,85,85,84,85,85,85,85,85,85,85,85,85,85,62,66,66,72,72,72,78,85,85,82,74,80],"gold":82,"neow_bonus":"THREE_CARDS","is_prod":false,"is_daily":false,"chose_seed":false,"campfire_upgraded":9,"win_rate":0,"timestamp":1544274557,"path_taken":["M","?","M","M","?","E","R","E","T","?","$","M","?","M","R","BOSS","M","?","M","$","M","R","?","R","T","M","R","M","M","?","R","BOSS","M","M","$","?","M","E","M","R","T","E","M","R","E","?","R","BOSS","R","$","E","BOSS"],"build_version":"2018-12-06","purchased_purges":4,"victory":true,"max_hp_per_floor":[80,80,80,80,85,85,85,85,85,85,85,85,85,85,85,85,85,85,85,85,85,85,85,85,85,85,85,85,85,85,85,85,85,85,85,85,85,85,85,85,85,85,85,85,85,85,85,85,85,85,85,85,82,82,82],"card_choices":[{"not_picked":["Anger","Pommel Strike"],"picked":"Body Slam","floor":0},{"not_picked":["Heavy Blade","Anger"],"picked":"Battle Trance","floor":1},{"not_picked":["Searing Blow","Entrench"],"picked":"Shrug It Off","floor":3},{"not_picked":["Infernal Blade","Combust"],"picked":"Headbutt","floor":4},{"not_picked":["Fire Breathing","Clothesline","Sever Soul"],"picked":"SKIP","floor":6},{"not_picked":["Sentinel","Clothesline"],"picked":"Shrug It Off","floor":8},{"not_picked":["Anger","Shrug It Off"],"picked":"Barricade","floor":12},{"not_picked":["Second Wind","Dual Wield"],"picked":"Entrench","floor":13},{"not_picked":["Sentinel","Cleave"],"picked":"Flame Barrier","floor":14},{"not_picked":["Immolate","Demon Form"],"picked":"Double Tap","floor":16},{"not_picked":["Anger+1","Sword Boomerang"],"picked":"True Grit","floor":18},{"not_picked":["Warcry","Wild Strike"],"picked":"Shrug It Off","floor":20},{"not_picked":["Disarm","Warcry"],"picked":"Metallicize","floor":22},{"not_picked":["Sword Boomerang","Spot Weakness","Thunderclap"],"picked":"SKIP","floor":27},{"not_picked":["Pommel Strike","Sword Boomerang+1","Headbutt+1"],"picked":"SKIP","floor":29},{"not_picked":["Armaments","Sword Boomerang+1","Evolve"],"picked":"SKIP","floor":30},{"not_picked":["Pommel Strike+1","Burning Pact"],"picked":"Ghostly Armor+1","floor":35},{"not_picked":["Clothesline+1","Perfected Strike"],"picked":"Headbutt","floor":36},{"not_picked":["Flex+1","Blood for Blood","Wild Strike"],"picked":"SKIP","floor":39},{"not_picked":["Seeing Red","Anger","Bludgeon"],"picked":"SKIP","floor":40},{"not_picked":["Anger","Twin Strike","Rampage+1"],"picked":"SKIP","floor":41},{"not_picked":["Heavy Blade","Rampage+1","Dark Embrace"],"picked":"SKIP","floor":44},{"not_picked":["Twin Strike+1","Anger+1"],"picked":"Dual Wield+1","floor":45},{"not_picked":["Headbutt+1","Rupture"],"picked":"Body Slam+1","floor":47},{"not_picked":["Flex+1","Rage"],"picked":"Evolve+1","floor":54}],"player_experience":238828,"relics_obtained":[{"floor":6,"key":"PreservedInsect"},{"floor":8,"key":"Centennial Puzzle"},{"floor":9,"key":"Lantern"},{"floor":26,"key":"Bag of Preparation"},{"floor":38,"key":"Du-Vu Doll"},{"floor":40,"key":"Shuriken"},{"floor":44,"key":"Boot"},{"floor":47,"key":"Mummified Hand"},{"floor":54,"key":"Anchor"}],"event_choices":[{"damage_healed":0,"gold_gain":0,"player_choice":"Ignored","damage_taken":0,"max_hp_gain":0,"max_hp_loss":0,"event_name":"Liars Game","floor":2,"gold_loss":0},{"damage_healed":0,"gold_gain":0,"player_choice":"Donut","damage_taken":0,"max_hp_gain":5,"max_hp_loss":0,"event_name":"Big Fish","floor":5,"gold_loss":0},{"damage_healed":0,"gold_gain":0,"player_choice":"Fight","damage_taken":0,"max_hp_gain":0,"max_hp_loss":0,"event_name":"Colosseum","floor":19,"gold_loss":0},{"damage_healed":0,"gold_gain":0,"player_choice":"Fled From Nobs","damage_taken":0,"max_hp_gain":0,"max_hp_loss":0,"event_name":"Colosseum","floor":19,"gold_loss":0},{"damage_healed":0,"gold_gain":0,"player_choice":"Opened","damage_taken":0,"relics_obtained":["Ancient Tea Set"],"max_hp_gain":0,"max_hp_loss":0,"event_name":"The Mausoleum","floor":24,"gold_loss":0},{"damage_healed":0,"gold_gain":0,"player_choice":"Simplicity","damage_taken":0,"max_hp_gain":0,"max_hp_loss":0,"event_name":"Back to Basics","floor":31,"gold_loss":0,"cards_upgraded":["Strike_R","Defend_R","Defend_R","Defend_R"]},{"damage_healed":0,"gold_gain":0,"player_choice":"Fight","damage_taken":0,"max_hp_gain":0,"max_hp_loss":0,"event_name":"MindBloom","floor":38,"gold_loss":0},{"cards_removed":["Flame Barrier"],"damage_healed":0,"gold_gain":0,"player_choice":"Removed Skill","damage_taken":0,"max_hp_gain":0,"max_hp_loss":0,"event_name":"Falling","floor":48,"gold_loss":0}],"is_beta":false,"boss_relics":[{"not_picked":["Runic Cube","Empty Cage"],"picked":"Astrolabe"},{"not_picked":["Runic Dome","Runic Pyramid"],"picked":"Velvet Choker"}],"items_purged_floors":[10,21,37,53],"is_endless":false,"potions_floor_spawned":[6,8,14,18,20,22,27,30,35,39,40,47],"ascension_level":0}