{"gold_per_floor":[115,131,306,306,64,90,90,124,124,157,9,9,9,9,9,104,104,117,137,137],"floor_reached":20,"playtime":1298,"items_purged":["Doubt"],"score":207,"play_id":"b2d1eb4b-3010-4715-8cf1-dff4a04b9cfb","local_time":"20180921000301","is_ascension_mode":true,"campfire_choices":[{"data":"Prepared","floor":7,"key":"SMITH"},{"floor":12,"key":"REST"},{"floor":15,"key":"REST"}],"neow_cost":"PERCENT_DAMAGE","seed_source_timestamp":474784036050444,"circlet_count":0,"master_deck":["Defend_G","Defend_G","Defend_G","Defend_G","Defend_G","Strike_G","Strike_G","Strike_G","Strike_G","Strike_G","Survivor","Neutralize+1","All Out Attack","Prepared+1","Prepared+1","Tactician","Adrenaline","Acrobatics"],"relics":["Ring of the Snake","Tough Bandages","Paper Crane","Bird Faced Urn","Gambling Chip","WingedGreaves","Oddly Smooth Stone","HoveringKite"],"potions_floor_usage":[8,10,20,20],"damage_taken":[{"damage":0,"enemies":"2 Louse","floor":1,"turns":4},{"damage":0,"enemies":"Jaw Worm","floor":2,"turns":4},{"damage":10,"enemies":"3 Sentries","floor":6,"turns":11},{"damage":14,"enemies":"Lagavulin","floor":8,"turns":13},{"damage":25,"enemies":"Gremlin Nob","floor":10,"turns":5},{"damage":18,"enemies":"The Guardian","floor":16,"turns":19},{"damage":40,"enemies":"Spheric Guardian","floor":18,"turns":10},{"damage":6,"enemies":"3 Byrds","floor":19,"turns":7},{"damage":34,"enemies":"Masked Bandits","floor":20,"turns":3}],"seed_played":"-4463932720500441717","potions_obtained":[{"floor":2,"key":"Weak Potion"},{"floor":8,"key":"Fire Potion"},{"floor":16,"key":"GamblersBrew"},{"floor":19,"key":"SpeedPotion"}],"is_trial":false,"path_per_floor":["M","M","?","?","$","E","R","E","T","E","$","R","$","?","R","B",null,"M","M"],"character_chosen":"THE_SILENT","items_purchased":["Paper Crane","Tactician"],"campfire_rested":2,"item_purchase_floors":[5,11],"current_hp_per_floor":[49,49,49,70,70,60,60,46,46,21,21,42,42,28,49,31,70,30,24,0],"gold":137,"neow_bonus":"ONE_RARE_RELIC","is_prod":false,"is_daily":false,"chose_seed":false,"campfire_upgraded":1,"win_rate":0,"timestamp":1537502581,"path_taken":["M","M","?","?","$","E","R","E","T","E","$","R","?","?","R","BOSS","M","M","?"],"build_version":"2018-09-20","purchased_purges":1,"victory":false,"max_hp_per_floor":[70,70,70,70,70,70,70,70,70,70,70,70,70,70,70,70,70,70,70,70],"card_choices":[{"not_picked":["Underhanded Strike","Dodge and Roll"],"picked":"All Out Attack","floor":1},{"not_picked":["Acrobatics","Heel Hook"],"picked":"Prepared","floor":2},{"not_picked":["Masterful Stab","Cloak And Dagger","Heel Hook"],"picked":"SKIP","floor":6},{"not_picked":["Acrobatics","Dodge and Roll","Poisoned Stab"],"picked":"SKIP","floor":8},{"not_picked":["Expertise","Sucker Punch"],"picked":"Prepared","floor":10},{"not_picked":["Envenom","Grand Finale"],"picked":"Adrenaline","floor":16},{"not_picked":["Blade Dance","PiercingWail","Finisher"],"picked":"SKIP","floor":18},{"not_picked":["Deadly Poison","Cloak And Dagger"],"picked":"Acrobatics","floor":19}],"player_experience":306339,"relics_obtained":[{"floor":6,"key":"Bird Faced Urn"},{"floor":8,"key":"Gambling Chip"},{"floor":9,"key":"WingedGreaves"},{"floor":10,"key":"Oddly Smooth Stone"}],"event_choices":[{"event_name":"Liars Game","player_choice":"agreed","floor":3,"damage_taken":0},{"event_name":"Big Fish","player_choice":"Banana","floor":4,"damage_taken":0},{"event_name":"Shining Light","player_choice":"Entered Light","floor":14,"damage_taken":0},{"event_name":"Masked Bandits","player_choice":"Fought Bandits","floor":20,"damage_taken":0}],"is_beta":true,"boss_relics":[{"not_picked":["Lizard Tail","Tiny House"],"picked":"HoveringKite"}],"items_purged_floors":[11],"is_endless":false,"potions_floor_spawned":[2,8,16,19],"killed_by":"Masked Bandits","ascension_level":2}