{"path_per_floor":["M","?","?","$","?","E","M","E","T","R","E","R","M","M","R","B",null,"M","T","?","M","?","R","E","?","T","R","?","M","E","$","R","B",null,"M","?","?","?","?","R","E","?","T","$","M","R","?","?","R","B"],"character_chosen":"THE_SILENT","items_purchased":["Footwork","Paper Crane","Backflip","Deep Breath","Escape Plan"],"gold_per_floor":[113,113,113,45,45,73,88,116,116,116,143,143,156,167,167,264,264,283,283,208,223,223,223,252,252,252,252,252,269,303,21,21,118,118,130,176,0,0,0,0,31,131,177,43,55,55,55,55,55,55],"floor_reached":51,"campfire_rested":2,"playtime":4301,"current_hp_per_floor":[70,70,70,70,56,56,56,39,39,39,27,48,46,45,45,51,70,70,70,70,63,56,56,47,47,47,47,47,61,54,54,54,42,70,70,47,47,47,37,70,50,50,50,50,52,52,52,52,52,57],"items_purged":[],"gold":55,"play_id":"1b79f1f8-8f13-4cf9-9abd-b93d61a6e034","is_prod":false,"is_daily":false,"is_ascension_mode":true,"campfire_upgraded":7,"path_taken":["M","?","?","$","?","E","M","E","T","R","E","R","M","M","R","BOSS","M","?","?","M","?","R","E","?","T","R","?","M","E","$","R","BOSS","M","?","?","?","?","R","E","?","T","?","M","R","?","?","R","BOSS"],"build_version":"2018-01-25-PROD3","purchased_purges":0,"victory":true,"master_deck":["Defend_G","Defend_G","Defend_G+1","Strike_G+1","Survivor","Neutralize+1","Dagger Spray","Footwork+1","Terror+1","Sucker Punch","Blur","Prepared+1","Night Terror+1","Die Die Die+1","Acrobatics+1","Flechettes+1","Dagger Spray+1","A Thousand Cuts+1","Leg Sweep","Tactician+1","Backflip","Bullet Time+1","Finisher+1","Madness","Madness","Masterful Stab+1","Deep Breath+1","Escape Plan","Eviscerate+1","Night Terror+1"],"max_hp_per_floor":[70,70,70,70,70,70,70,70,70,70,70,70,70,70,70,70,70,70,70,70,70,70,70,70,70,70,70,70,70,70,70,70,70,70,70,70,70,70,70,70,70,70,70,70,70,70,70,70,70,70],"relics":["Ring of the Snake","NeowsBlessing","Pantograph","Spirit Poop","Smiling Mask","Juzu Bracelet","Sundial","Ice Cream","Astrolabe","Regal Pillow","Bag of Marbles","Thread and Needle","Frozen Egg","Paper Crane","Runic Dome","Tingsha","Red Mask","Omamori","Blood Vial"],"card_choices":[{"not_picked":["Bane","Quick Slash"],"picked":"Dagger Spray"},{"not_picked":["Well Laid Plans","Infinite Blades"],"picked":"Terror"},{"not_picked":["Bane","Dodge and Roll"],"picked":"Sucker Punch"},{"not_picked":["Quick Slash","Deflect"],"picked":"Blur"},{"not_picked":["Catalyst","Choke"],"picked":"Prepared"},{"not_picked":["Die Die Die","Envenom"],"picked":"Night Terror"},{"not_picked":["Deadly Poison","Slice"],"picked":"Dagger Spray"},{"not_picked":["Cloak And Dagger","Dagger Throw"],"picked":"Leg Sweep"},{"not_picked":["Poisoned Stab","Dagger Throw"],"picked":"Tactician"},{"not_picked":["Venomology","A Thousand Cuts"],"picked":"Bullet Time"},{"not_picked":["Cloak And Dagger","Slice"],"picked":"Noxious Fumes"},{"not_picked":["Flying Knee","Blade Dance"],"picked":"Finisher"},{"not_picked":["Flying Knee","Flechettes"],"picked":"Masterful Stab"},{"not_picked":["Dagger Spray","Underhanded Strike"],"picked":"Eviscerate"}],"player_experience":94173,"potions_floor_usage":[8,11,16,24,29,30,45,50],"damage_taken":[{"damage":0,"enemies":"Jaw Worm","floor":1,"turns":1},{"damage":0,"enemies":"Gremlin Nob","floor":6,"turns":1},{"damage":0,"enemies":"Small Slimes","floor":7,"turns":1},{"damage":17,"enemies":"3 Sentries","floor":8,"turns":9},{"damage":12,"enemies":"Gremlin Nob","floor":11,"turns":4},{"damage":2,"enemies":"Blue Slaver","floor":13,"turns":4},{"damage":1,"enemies":"Exordium Wildlife","floor":14,"turns":5},{"damage":19,"enemies":"The Guardian","floor":16,"turns":12},{"damage":0,"enemies":"Shell Parasite","floor":18,"turns":6},{"damage":7,"enemies":"2 Thieves","floor":21,"turns":4},{"damage":9,"enemies":"Book of Stabbing","floor":24,"turns":8},{"damage":1,"enemies":"Centurion and Healer","floor":29,"turns":7},{"damage":7,"enemies":"Gremlin Leader","floor":30,"turns":8},{"damage":28,"enemies":"Champ","floor":33,"turns":19},{"damage":0,"enemies":"Orb Walker","floor":35,"turns":4},{"damage":23,"enemies":"Mysterious Sphere","floor":36,"turns":6},{"damage":20,"enemies":"Nemesis","floor":41,"turns":7},{"damage":0,"enemies":"3 Shapes","floor":45,"turns":2},{"damage":13,"enemies":"Donu and Deca","floor":50,"turns":13}],"event_choices":[{"event_name":"Big Fish","player_choice":"Box","floor":2,"damage_taken":0},{"event_name":"Bonfire Elementals","player_choice":"CURSE","floor":3,"damage_taken":0},{"event_name":"Shining Light","player_choice":"Entered Light","floor":5,"damage_taken":0},{"event_name":"Beggar","player_choice":"Gave Gold","floor":20,"damage_taken":0},{"event_name":"Wheel of Change","player_choice":"Damage","floor":22,"damage_taken":0},{"event_name":"Transmorgrifier","player_choice":"Transform","floor":25,"damage_taken":0},{"event_name":"Purifier","player_choice":"One Purge","floor":28,"damage_taken":0},{"event_name":"Mysterious Sphere","player_choice":"Fight","floor":36,"damage_taken":0},{"event_name":"Tomb of Lord Red Mask","player_choice":"Paid","floor":37,"damage_taken":0},{"event_name":"Winding Halls","player_choice":"Embrace Madness","floor":39,"damage_taken":0},{"event_name":"Golden Shrine","player_choice":"Pray","floor":42,"damage_taken":0},{"event_name":"Duplicator","player_choice":"One dupe","floor":47,"damage_taken":0},{"event_name":"Upgrade Shrine","player_choice":"Upgraded","floor":48,"damage_taken":0}],"boss_relics":[{"not_picked":["Eternal Feather","White Beast Statue"],"picked":"Astrolabe"},{"not_picked":["Tiny House","Velvet Choker"],"picked":"Runic Dome"}],"potions_floor_spawned":[7,8,11,21,24,29,35,41],"seed_played":"-728956000391880098","ascension_level":1,"is_trial":false}