{"gold_per_floor":[110,122,136,146,158,158,191,191,191,223,72,83,161,161],"floor_reached":14,"playtime":433,"items_purged":["Strike_B"],"score":148,"play_id":"e146b4f1-92d3-4356-a95b-dfd2700f2e92","local_time":"20190115105912","is_ascension_mode":true,"campfire_choices":[{"floor":6,"key":"REST"},{"floor":8,"key":"REST"}],"neow_cost":"NONE","seed_source_timestamp":540840904631292,"circlet_count":0,"master_deck":["Strike_B","Strike_B","Strike_B","Defend_B","Defend_B","Defend_B","Defend_B","Zap","Dualcast","Compile Driver","Barrage","Conserve Battery","Barrage","Reboot","Streamline","Blizzard"],"relics":["Cracked Core","Bottled Lightning","Bag of Preparation","Lantern"],"potions_floor_usage":[7,10],"damage_taken":[{"damage":11,"enemies":"2 Louse","floor":1,"turns":2},{"damage":0,"enemies":"Small Slimes","floor":2,"turns":3},{"damage":0,"enemies":"Cultist","floor":3,"turns":3},{"damage":16,"enemies":"Exordium Wildlife","floor":4,"turns":5},{"damage":26,"enemies":"Exordium Thugs","floor":5,"turns":7},{"damage":33,"enemies":"Lagavulin","floor":7,"turns":7},{"damage":8,"enemies":"Gremlin Nob","floor":10,"turns":3},{"damage":6,"enemies":"Looter","floor":12,"turns":3},{"damage":28,"enemies":"Lagavulin","floor":14,"turns":4}],"seed_played":"4343545070737713623","potions_obtained":[{"floor":2,"key":"FearPotion"},{"floor":5,"key":"PowerPotion"},{"floor":12,"key":"SteroidPotion"}],"is_trial":false,"path_per_floor":["M","M","M","M","M","R","E","R","T","E","$","M","?","E"],"character_chosen":"DEFECT","items_purchased":["Blizzard"],"campfire_rested":2,"item_purchase_floors":[11],"current_hp_per_floor":[64,64,64,48,22,46,13,37,37,29,29,23,23,0],"gold":161,"neow_bonus":"TEN_PERCENT_HP_BONUS","is_prod":false,"is_daily":false,"chose_seed":false,"campfire_upgraded":0,"win_rate":0,"timestamp":1547546352,"path_taken":["M","M","M","M","M","R","E","R","T","E","$","M","?","E"],"build_version":"2019-01-10","purchased_purges":1,"victory":false,"max_hp_per_floor":[82,82,82,82,82,82,82,82,82,82,82,82,82,82],"card_choices":[{"not_picked":["Beam Cell","Sweeping Beam"],"picked":"Compile Driver","floor":1},{"not_picked":["Steam","Beam Cell"],"picked":"Barrage","floor":2},{"not_picked":["Chaos","Redo"],"picked":"Conserve Battery","floor":3},{"not_picked":["Fusion","Chaos"],"picked":"Barrage","floor":4},{"not_picked":["Stack","Heatsinks"],"picked":"Reboot","floor":5},{"not_picked":["Hologram","Leap"],"picked":"Streamline","floor":7},{"not_picked":["Undo","Melter","Rebound"],"picked":"SKIP","floor":10},{"not_picked":["Darkness","Streamline","Chaos"],"picked":"SKIP","floor":12}],"player_experience":682446,"relics_obtained":[{"floor":7,"key":"Bottled Lightning"},{"floor":9,"key":"Bag of Preparation"},{"floor":10,"key":"Lantern"}],"event_choices":[{"damage_healed":0,"gold_gain":78,"player_choice":"Gained Gold","damage_taken":0,"max_hp_gain":0,"max_hp_loss":0,"event_name":"Golden Wing","floor":13,"gold_loss":0}],"is_beta":false,"boss_relics":[],"items_purged_floors":[11],"is_endless":false,"potions_floor_spawned":[2,5,12],"killed_by":"Lagavulin","ascension_level":9}