{"gold_per_floor":[15,30,30,30,30,30,56,68,68,68,68,97,166,184,184,287,287,297,314,390,390,315,345,358,358,384,419,419,419,453,473,473,577,577,595,608,608,359,659,693,693,727,727,742,742,1077,1077,1103,1103,1103],"floor_reached":51,"playtime":5489,"items_purged":["Strike_R+1"],"score":1468,"play_id":"91be9a90-e370-41d0-8560-89d98d00e5bd","local_time":"20181222071308","is_ascension_mode":true,"campfire_choices":[{"data":"Fiend Fire","floor":6.0,"key":"SMITH"},{"data":"Disarm","floor":10.0,"key":"SMITH"},{"floor":15.0,"key":"REST"},{"floor":25.0,"key":"REST"},{"floor":28.0,"key":"REST"},{"floor":32,"key":"REST"},{"floor":41,"key":"REST"},{"floor":45,"key":"REST"},{"floor":49,"key":"REST"}],"neow_cost":"NO_GOLD","seed_source_timestamp":171156477407000,"circlet_count":0,"master_deck":["Strike_R+1","Strike_R+1","Strike_R+1","Defend_R+1","Defend_R+1","Defend_R+1","Defend_R+1","Fiend Fire+1","Disarm+1","Power Through+1","Exhume+1","Shockwave+1","Impervious+1","True Grit+1","Corruption+1","Sentinel+1","Second Wind+1","Fiend Fire+1","Feel No Pain+1","Dropkick+1","Apotheosis+1","Master of Strategy+1","Madness+1","Body Slam+1","Juggernaut+1","Flex+1","Body Slam+1","Berserk+1","Battle Trance+1","Flex+1"],"special_seed":0,"relics":["Burning Blood","Bottled Lightning","Letter Opener","Bag of Preparation","Dead Branch","Fusion Hammer","Matryoshka","Bag of Marbles","Bronze Scales","Anchor","Smiling Mask","Nloth\u0027s Gift","Dream Catcher","Black Star","Lantern","WingedGreaves","Ancient Tea Set","Juzu Bracelet","Orichalcum","Prayer Wheel","Pear","Old Coin","Omamori","Mark of the Bloom","Strawberry","PreservedInsect"],"potions_floor_usage":[50],"damage_taken":[{"damage":6.0,"enemies":"Jaw Worm","floor":1.0,"turns":4.0},{"damage":11.0,"enemies":"2 Louse","floor":2.0,"turns":3.0},{"damage":45.0,"enemies":"Lagavulin","floor":7.0,"turns":10.0},{"damage":0.0,"enemies":"Cultist","floor":8.0,"turns":3.0},{"damage":24.0,"enemies":"3 Sentries","floor":12.0,"turns":10.0},{"damage":0.0,"enemies":"Large Slime","floor":14.0,"turns":4.0},{"damage":20.0,"enemies":"Hexaghost","floor":16.0,"turns":5.0},{"damage":0.0,"enemies":"Shell Parasite","floor":18.0,"turns":5.0},{"damage":0.0,"enemies":"Spheric Guardian","floor":19.0,"turns":1.0},{"damage":4.0,"enemies":"Gremlin Leader","floor":23.0,"turns":5.0},{"damage":2.0,"enemies":"Snake Plant","floor":24.0,"turns":3.0},{"damage":0.0,"enemies":"Book of Stabbing","floor":27.0,"turns":3.0},{"damage":3,"enemies":"Gremlin Leader","floor":30,"turns":2},{"damage":0,"enemies":"Cultist and Chosen","floor":31,"turns":3},{"damage":0,"enemies":"Collector","floor":33,"turns":2},{"damage":1,"enemies":"3 Shapes","floor":35,"turns":3},{"damage":5,"enemies":"3 Darklings","floor":36,"turns":3},{"damage":0,"enemies":"Nemesis","floor":40,"turns":3},{"damage":0,"enemies":"Reptomancer","floor":42,"turns":1},{"damage":1,"enemies":"Writhing Mass","floor":44,"turns":3},{"damage":0,"enemies":"Giant Head","floor":46,"turns":3},{"damage":0,"enemies":"Nemesis","floor":48,"turns":1},{"damage":6,"enemies":"Awakened One","floor":50,"turns":4}],"seed_played":"616614072533257856","potions_obtained":[{"floor":2.0,"key":"FearPotion"},{"floor":7.0,"key":"EntropicBrew"},{"floor":12.0,"key":"Fire Potion"},{"floor":16.0,"key":"Strength Potion"},{"floor":31,"key":"Swift Potion"}],"is_trial":false,"path_per_floor":["M","M","?","$","?","R","E","M","T","R","?","E","T","M","R","B",null,"M","M","T","?","?","E","M","R","T","E","R","?","E","M","R","B",null,"M","M","?","$","?","E","R","E","T","M","R","E","?","E","R","B",null],"character_chosen":"IRONCLAD","items_purchased":["Body Slam","Lantern"],"campfire_rested":7,"item_purchase_floors":[38,38],"current_hp_per_floor":[72,67,60,60,65,65,26,32,32,32,32,14,14,20,45,31,72,78,84,84,84,84,85,85,85,85,85,85,85,85,85,85,85,85,85,85,75,75,75,81,85,85,95,95,95,95,95,95,95,89],"gold":1103,"neow_bonus":"THREE_RARE_CARDS","is_prod":false,"is_daily":false,"chose_seed":false,"campfire_upgraded":2,"win_rate":0,"timestamp":1545487988,"path_taken":["M","M","?","$","?","R","E","M","T","R","?","E","?","M","R","BOSS","M","M","?","?","?","E","?","R","T","E","R","?","E","M","R","BOSS","M","?","?","$","?","E","R","E","T","M","R","E","?","E","R","BOSS"],"build_version":"2018-12-20","purchased_purges":1,"victory":true,"max_hp_per_floor":[80,80,80,80,85,85,85,85,85,85,85,85,85,85,85,85,85,85,85,85,85,85,85,85,85,85,85,85,85,85,85,85,85,85,85,85,85,85,85,85,85,85,95,95,95,95,95,102,102,102],"card_choices":[{"not_picked":["Double Tap","Impervious"],"picked":"Fiend Fire","floor":0.0},{"not_picked":["Anger","Fire Breathing"],"picked":"Disarm","floor":1.0},{"not_picked":["Dual Wield","Cleave"],"picked":"Power Through","floor":2.0},{"not_picked":["Uppercut","Reckless Charge","Cleave"],"picked":"SKIP","floor":7.0},{"not_picked":["Twin Strike","Cleave","Armaments"],"picked":"SKIP","floor":8.0},{"not_picked":["Iron Wave","Entrench"],"picked":"Exhume","floor":12.0},{"not_picked":["Thunderclap","Metallicize"],"picked":"Shockwave","floor":14.0},{"not_picked":["Berserk","Reaper"],"picked":"Impervious","floor":16.0},{"not_picked":["Twin Strike","Combust"],"picked":"True Grit","floor":18.0},{"not_picked":["Armaments","Heavy Blade","Wild Strike"],"picked":"SKIP","floor":19.0},{"not_picked":["Power Through","Feed"],"picked":"Corruption+1","floor":23.0},{"not_picked":["Heavy Blade","Thunderclap"],"picked":"Sentinel","floor":24.0},{"not_picked":["Entrench","Shrug It Off","Armaments"],"picked":"SKIP","floor":27.0},{"not_picked":["Feed","Rampage","Shrug It Off"],"picked":"SKIP","floor":30},{"not_picked":["Pommel Strike","Headbutt","Inflame"],"picked":"SKIP","floor":31},{"not_picked":["Hemokinesis","Havoc"],"picked":"Second Wind","floor":32},{"not_picked":["Bludgeon","Brutality"],"picked":"Fiend Fire","floor":33},{"not_picked":["Cleave+1","Inflame"],"picked":"Feel No Pain+1","floor":35},{"not_picked":["Heavy Blade","Second Wind"],"picked":"Dropkick+1","floor":36},{"not_picked":["Good Instincts","Mayhem"],"picked":"Apotheosis","floor":37},{"not_picked":["Chrysalis","Finesse"],"picked":"Master of Strategy","floor":37},{"not_picked":["Sadistic Nature","Trip"],"picked":"Madness","floor":37},{"not_picked":["Armaments","Havoc+1"],"picked":"Juggernaut","floor":40},{"not_picked":["Blood for Blood+1","Sword Boomerang"],"picked":"Flex","floor":41},{"not_picked":["Feed","Searing Blow+1"],"picked":"Body Slam","floor":42},{"not_picked":["Perfected Strike+1","Armaments"],"picked":"Berserk","floor":44},{"not_picked":["Shockwave+1","Flex","Clothesline+1"],"picked":"SKIP","floor":44},{"not_picked":["Clash+1","Heavy Blade","Cleave+1"],"picked":"SKIP","floor":46},{"not_picked":["Warcry","Pommel Strike+1"],"picked":"Battle Trance+1","floor":48},{"not_picked":["Power Through+1","Searing Blow"],"picked":"Flex+1","floor":49}],"player_experience":285843,"relics_obtained":[{"floor":7.0,"key":"Bottled Lightning"},{"floor":9.0,"key":"Letter Opener"},{"floor":12.0,"key":"Dead Branch"},{"floor":13.0,"key":"Kunai"},{"floor":20.0,"key":"Matryoshka"},{"floor":23.0,"key":"Bag of Marbles"},{"floor":26.0,"key":"Bronze Scales"},{"floor":26.0,"key":"Anchor"},{"floor":27.0,"key":"Smiling Mask"},{"floor":30,"key":"Dream Catcher"},{"floor":40,"key":"WingedGreaves"},{"floor":40,"key":"Ancient Tea Set"},{"floor":42,"key":"Juzu Bracelet"},{"floor":42,"key":"Orichalcum"},{"floor":43,"key":"Prayer Wheel"},{"floor":43,"key":"Pear"},{"floor":46,"key":"Old Coin"},{"floor":46,"key":"Omamori"},{"floor":48,"key":"Strawberry"},{"floor":48,"key":"PreservedInsect"}],"event_choices":[{"cards_removed":["Strike_R"],"damage_healed":0.0,"max_hp_gain":0.0,"max_hp_loss":0.0,"gold_gain":0.0,"event_name":"Golden Wing","player_choice":"Card Removal","floor":3.0,"gold_loss":0.0,"damage_taken":7.0},{"damage_healed":0.0,"max_hp_gain":5.0,"max_hp_loss":0.0,"gold_gain":0.0,"event_name":"Big Fish","player_choice":"Donut","floor":5.0,"gold_loss":0.0,"damage_taken":0.0},{"damage_healed":0.0,"max_hp_gain":0.0,"max_hp_loss":0.0,"gold_gain":0.0,"event_name":"Dead Adventurer","player_choice":"Searched \u00272\u0027 times","floor":11.0,"gold_loss":0.0,"damage_taken":0.0,"relics_obtained":["Bag of Preparation"]},{"damage_healed":0.0,"max_hp_gain":0.0,"max_hp_loss":0.0,"gold_gain":0.0,"event_name":"Back to Basics","player_choice":"Simplicity","floor":21.0,"gold_loss":0.0,"damage_taken":0.0,"cards_upgraded":["Strike_R","Strike_R","Strike_R","Strike_R","Defend_R","Defend_R","Defend_R","Defend_R"]},{"cards_removed":["Bash"],"damage_healed":0.0,"max_hp_gain":0.0,"max_hp_loss":0.0,"gold_gain":0.0,"event_name":"Beggar","player_choice":"Gave Gold","floor":22.0,"gold_loss":75.0,"damage_taken":0.0},{"damage_healed":0.0,"max_hp_gain":0.0,"max_hp_loss":0.0,"gold_gain":0.0,"event_name":"N\u0027loth","player_choice":"Traded Relic","floor":29.0,"relics_lost":["Kunai"],"gold_loss":0.0,"damage_taken":0.0,"relics_obtained":["Nloth\u0027s Gift"]},{"damage_healed":0,"gold_gain":0,"player_choice":"Memory 3","damage_taken":10,"max_hp_gain":0,"max_hp_loss":0,"event_name":"SensoryStone","floor":37,"gold_loss":0},{"damage_healed":0,"gold_gain":300,"player_choice":"Gold","damage_taken":0,"max_hp_gain":0,"max_hp_loss":0,"event_name":"Wheel of Change","floor":39,"gold_loss":0},{"damage_healed":0,"gold_gain":0,"player_choice":"Upgrade","damage_taken":0,"relics_obtained":["Mark of the Bloom"],"max_hp_gain":0,"max_hp_loss":0,"event_name":"MindBloom","floor":47,"gold_loss":0,"cards_upgraded":["Power Through","Exhume","Shockwave","Impervious","True Grit","Sentinel","Second Wind","Fiend Fire","Apotheosis","Master of Strategy","Madness","Body Slam","Juggernaut","Flex","Body Slam","Berserk"]}],"is_beta":false,"boss_relics":[{"not_picked":["Velvet Choker","Ectoplasm"],"picked":"Fusion Hammer"},{"not_picked":["Black Blood","Eternal Feather"],"picked":"Black Star"}],"items_purged_floors":[38],"is_endless":false,"potions_floor_spawned":[2,7,12,16,18,24,27,30,31,36,46,48],"ascension_level":6}