{"gold_per_floor":[119,149,163,136,151,151,151,151,151,171,185,210,210,210,210,313,313,328,328,380,392,412,431,431],"floor_reached":24,"playtime":985,"items_purged":[],"score":198,"play_id":"e51cd57d-0322-49cb-92fb-84a775e5e8d3","local_time":"20190218235325","is_ascension_mode":false,"campfire_choices":[{"data":"Zap","floor":6,"key":"SMITH"},{"data":"Hologram","floor":8,"key":"SMITH"},{"floor":13,"key":"REST"},{"floor":15,"key":"REST"}],"neow_cost":"NONE","seed_source_timestamp":48892845176306,"circlet_count":0,"master_deck":["Strike_B","Strike_B","Strike_B","Strike_B","Defend_B","Defend_B","Defend_B","Defend_B+1","Zap+1","Dualcast","Conserve Battery+1","Hologram+1","Gash","Ball Lightning","Reboot","Gash","Regret","Zap","Buffer","Hologram+1","Ball Lightning","Melter"],"relics":["Cracked Core","Tiny Chest","Calipers","Black Star","Turnip","Bronze Scales"],"potions_floor_usage":[12,12,16,21,22],"damage_taken":[{"damage":5,"enemies":"Small Slimes","floor":1,"turns":3},{"damage":0,"enemies":"Cultist","floor":3,"turns":4},{"damage":1,"enemies":"Jaw Worm","floor":5,"turns":3},{"damage":2,"enemies":"Exordium Thugs","floor":10,"turns":5},{"damage":7,"enemies":"Gremlin Gang","floor":11,"turns":4},{"damage":10,"enemies":"Gremlin Nob","floor":12,"turns":4},{"damage":20,"enemies":"Slime Boss","floor":16,"turns":11},{"damage":18,"enemies":"Chosen","floor":18,"turns":5},{"damage":2,"enemies":"Spheric Guardian","floor":21,"turns":4},{"damage":18,"enemies":"3 Cultists","floor":22,"turns":5},{"damage":14,"enemies":"Snake Plant","floor":23,"turns":4},{"damage":23,"enemies":"Centurion and Healer","floor":24,"turns":4}],"seed_played":"-4685300455119578143","potions_obtained":[{"floor":0,"key":"LiquidBronze"},{"floor":0,"key":"Poison Potion"},{"floor":0,"key":"Dexterity Potion"},{"floor":11,"key":"PowerPotion"},{"floor":16,"key":"Fire Potion"},{"floor":18,"key":"AttackPotion"},{"floor":21,"key":"Explosive Potion"}],"is_trial":false,"path_per_floor":["M","?","M","?","M","R","?","R","T","M","M","E","R","?","R","B",null,"M","T","T","M","M","M","M"],"character_chosen":"DEFECT","items_purchased":[],"campfire_rested":2,"item_purchase_floors":[],"current_hp_per_floor":[70,52,52,52,51,51,36,36,36,34,27,17,39,39,61,41,75,57,57,57,55,37,23,0],"gold":431,"neow_bonus":"THREE_SMALL_POTIONS","is_prod":false,"is_daily":false,"chose_seed":false,"campfire_upgraded":2,"win_rate":0,"timestamp":1550555605,"path_taken":["M","?","M","?","M","R","?","R","T","M","M","E","R","?","R","BOSS","M","?","?","M","M","M","?"],"build_version":"2019-01-23","purchased_purges":0,"victory":false,"max_hp_per_floor":[75,75,75,75,75,75,75,75,75,75,75,75,75,75,75,75,75,75,75,75,75,75,75,75],"card_choices":[{"not_picked":["Streamline","Self Repair"],"picked":"Conserve Battery","floor":1},{"not_picked":["Compile Driver","Turbo"],"picked":"Hologram","floor":3},{"not_picked":["Reprogram","Coolheaded"],"picked":"Gash","floor":5},{"not_picked":["Fusion","Hologram"],"picked":"Ball Lightning","floor":10},{"not_picked":["Streamline","Reprogram","Reboot"],"picked":"SKIP","floor":11},{"not_picked":["Streamline","Reprogram"],"picked":"Reboot","floor":11},{"not_picked":["Stack","Storm"],"picked":"Gash","floor":12},{"not_picked":["Creative AI","Biased Cognition"],"picked":"Buffer","floor":16},{"not_picked":["Beam Cell","Coolheaded","Leap"],"picked":"SKIP","floor":18},{"not_picked":["Streamline","Heatsinks"],"picked":"Hologram+1","floor":21},{"not_picked":["Steam+1","Conserve Battery"],"picked":"Ball Lightning","floor":22},{"not_picked":["Coolheaded","Consume"],"picked":"Melter","floor":23}],"player_experience":229747,"relics_obtained":[{"floor":12,"key":"Calipers"},{"floor":19,"key":"Turnip"},{"floor":20,"key":"Bronze Scales"}],"event_choices":[{"damage_healed":0,"gold_gain":0,"player_choice":"Success","damage_taken":18,"relics_obtained":["Tiny Chest"],"max_hp_gain":0,"max_hp_loss":0,"event_name":"Scrap Ooze","floor":2,"gold_loss":0},{"damage_healed":0,"gold_gain":0,"player_choice":"Left Gold","damage_taken":0,"max_hp_gain":0,"max_hp_loss":0,"event_name":"World of Goop","floor":4,"gold_loss":27},{"damage_healed":0,"gold_gain":0,"player_choice":"Entered Light","damage_taken":15,"max_hp_gain":0,"max_hp_loss":0,"event_name":"Shining Light","floor":7,"gold_loss":0,"cards_upgraded":["Defend_B","Conserve Battery"]},{"damage_healed":0,"gold_gain":0,"player_choice":"2 cards matched","damage_taken":0,"max_hp_gain":0,"max_hp_loss":0,"event_name":"Match and Keep!","floor":14,"gold_loss":0,"cards_obtained":["Regret","Zap"]}],"is_beta":false,"boss_relics":[{"not_picked":["Fusion Hammer","Runic Dome"],"picked":"Black Star"}],"items_purged_floors":[],"is_endless":false,"potions_floor_spawned":[5,11,16,18,21],"killed_by":"Centurion and Healer","ascension_level":0}