{"gold_per_floor":[109,122,135,135,153,153,173,186,212,239,257,268,268,294,294,294],"floor_reached":16,"playtime":606,"items_purged":[],"score":148,"play_id":"3e9212af-9a9d-47b8-a088-609ceba819d7","local_time":"20181219121227","is_ascension_mode":true,"campfire_choices":[{"data":"Ghostly Armor","floor":6,"key":"SMITH"},{"floor":13,"key":"REST"},{"data":"Rampage","floor":15,"key":"SMITH"}],"neow_cost":"NONE","seed_source_timestamp":520367926366969,"circlet_count":0,"master_deck":["Strike_R","Strike_R","Strike_R","Strike_R","Defend_R","Defend_R","Defend_R","Defend_R","Bash","Ghostly Armor+1","Wild Strike","Rampage+1"],"relics":["Burning Blood","Bag of Preparation","Smiling Mask","Blue Candle","Odd Mushroom"],"potions_floor_usage":[10,10,14,16,16],"damage_taken":[{"damage":12,"enemies":"Small Slimes","floor":1,"turns":4},{"damage":6,"enemies":"2 Louse","floor":2,"turns":4},{"damage":10,"enemies":"Cultist","floor":3,"turns":4},{"damage":15,"enemies":"3 Louse","floor":5,"turns":7},{"damage":3,"enemies":"Blue Slaver","floor":7,"turns":5},{"damage":23,"enemies":"Large Slime","floor":8,"turns":10},{"damage":17,"enemies":"Gremlin Nob","floor":10,"turns":4},{"damage":6,"enemies":"Looter","floor":11,"turns":4},{"damage":10,"enemies":"Exordium Thugs","floor":12,"turns":6},{"damage":16,"enemies":"The Mushroom Lair","floor":14,"turns":6},{"damage":35,"enemies":"Slime Boss","floor":16,"turns":9}],"seed_played":"-2364386120292096749","potions_obtained":[{"floor":1,"key":"GamblersBrew"},{"floor":3,"key":"SteroidPotion"},{"floor":8,"key":"Strength Potion"},{"floor":11,"key":"Energy Potion"},{"floor":12,"key":"Energy Potion"}],"is_trial":false,"path_per_floor":["M","M","M","?","M","R","M","M","T","E","M","M","R","?","R","B"],"character_chosen":"IRONCLAD","items_purchased":[],"campfire_rested":1,"item_purchase_floors":[],"current_hp_per_floor":[66,66,62,55,46,46,49,32,32,21,21,17,41,31,31,0],"gold":294,"neow_bonus":"RANDOM_COMMON_RELIC","is_prod":false,"is_daily":false,"chose_seed":false,"campfire_upgraded":2,"win_rate":0,"timestamp":1545217947,"path_taken":["M","M","M","?","M","R","M","M","T","E","M","M","R","?","R","BOSS"],"build_version":"2018-12-13","purchased_purges":0,"victory":false,"max_hp_per_floor":[80,80,80,80,80,80,80,80,80,80,80,80,80,80,80,80],"card_choices":[{"not_picked":["True Grit","Heavy Blade","Burning Pact"],"picked":"SKIP","floor":1},{"not_picked":["Sentinel","Perfected Strike","Havoc"],"picked":"SKIP","floor":2},{"not_picked":["Perfected Strike","True Grit","Feel No Pain"],"picked":"SKIP","floor":3},{"not_picked":["Flex","Blood for Blood"],"picked":"Ghostly Armor","floor":5},{"not_picked":["Havoc","Clash","Sword Boomerang"],"picked":"SKIP","floor":7},{"not_picked":["Berserk","Sever Soul"],"picked":"Wild Strike","floor":8},{"not_picked":["Perfected Strike","Searing Blow","Heavy Blade"],"picked":"SKIP","floor":10},{"not_picked":["Flex","Carnage"],"picked":"Rampage","floor":11},{"not_picked":["Body Slam","Heavy Blade","Pummel"],"picked":"SKIP","floor":12}],"player_experience":572351,"relics_obtained":[{"floor":9,"key":"Smiling Mask"},{"floor":10,"key":"Blue Candle"},{"floor":14,"key":"Odd Mushroom"}],"event_choices":[{"cards_removed":["Strike_R"],"damage_healed":0,"gold_gain":0,"player_choice":"Card Removal","damage_taken":7,"max_hp_gain":0,"max_hp_loss":0,"event_name":"Golden Wing","floor":4,"gold_loss":0},{"damage_healed":0,"gold_gain":0,"player_choice":"Fought Mushrooms","damage_taken":0,"max_hp_gain":0,"max_hp_loss":0,"event_name":"Mushrooms","floor":14,"gold_loss":0}],"is_beta":false,"boss_relics":[],"items_purged_floors":[],"is_endless":false,"potions_floor_spawned":[1,3,8,11,12],"killed_by":"Slime Boss","ascension_level":8}