{"gold_per_floor":[119,41,71,85,85,85,35,48,97,124,124,124,153,164,164,263,263,273,290,99,99],"floor_reached":21,"playtime":1290,"items_purged":["Gash"],"score":273,"play_id":"e6dcd6b9-4732-43ec-897f-376e8d767d6c","local_time":"20190122213917","is_ascension_mode":true,"campfire_choices":[{"data":"Buffer","floor":6.0,"key":"SMITH"},{"data":"Fusion","floor":11.0,"key":"SMITH"},{"data":"Chaos","floor":15,"key":"SMITH"}],"neow_cost":"TEN_PERCENT_HP_LOSS","seed_source_timestamp":458385606740100,"circlet_count":0,"master_deck":["Strike_B+1","Strike_B+1","Defend_B","Defend_B","Defend_B","Zap","Dualcast","Buffer+1","Rebound","Fusion+1","Heatsinks","Stack","Chaos+1","Double Energy","Creative AI","Turbo+1","Self Repair","Loop","Force Field"],"special_seed":0,"relics":["Cracked Core","Tiny Chest","Whetstone","Centennial Puzzle","Blood Vial","Regal Pillow","Inserter"],"potions_floor_usage":[13,14],"damage_taken":[{"damage":7.0,"enemies":"Small Slimes","floor":1.0,"turns":3.0},{"damage":12.0,"enemies":"2 Louse","floor":4.0,"turns":3.0},{"damage":2.0,"enemies":"Jaw Worm","floor":8.0,"turns":4.0},{"damage":0,"enemies":"Gremlin Nob","floor":13,"turns":5},{"damage":0,"enemies":"Gremlin Gang","floor":14,"turns":1},{"damage":9,"enemies":"Slime Boss","floor":16,"turns":8},{"damage":14,"enemies":"Chosen","floor":18,"turns":5},{"damage":34,"enemies":"2 Thieves","floor":19,"turns":5},{"damage":21,"enemies":"Sentry and Sphere","floor":21,"turns":4}],"seed_played":"8847143908167335491","potions_obtained":[{"floor":1.0,"key":"Block Potion"},{"floor":8.0,"key":"FocusPotion"},{"floor":13,"key":"AttackPotion"},{"floor":16,"key":"PowerPotion"},{"floor":18,"key":"Strength Potion"}],"is_trial":false,"path_per_floor":["M","$","?","M","?","R","?","M","T","T","R","T","E","M","R","B",null,"M","M","$","M"],"character_chosen":"DEFECT","items_purchased":["Heatsinks","Loop","Force Field"],"campfire_rested":0,"item_purchase_floors":[2,20,20],"current_hp_per_floor":[61,61,61,49,49,49,49,47,47,47,47,47,49,51,51,44,62,50,18,18,0],"gold":99,"neow_bonus":"TRANSFORM_TWO_CARDS","is_prod":false,"is_daily":false,"chose_seed":false,"campfire_upgraded":3,"win_rate":0,"timestamp":1548218357,"path_taken":["M","$","?","M","?","R","?","M","T","?","R","?","E","?","R","BOSS","M","?","$","M"],"build_version":"2019-01-17v2","purchased_purges":1,"victory":false,"max_hp_per_floor":[68,68,68,68,68,68,68,68,68,68,68,68,68,68,68,68,68,68,68,68,68],"card_choices":[{"not_picked":["Darkness","Barrage"],"picked":"Fusion","floor":1.0},{"not_picked":["Rebound","Chill","Rip and Tear"],"picked":"SKIP","floor":4.0},{"not_picked":["Compile Driver","Heatsinks"],"picked":"Gash","floor":8.0},{"not_picked":["Turbo","Go for the Eyes"],"picked":"Chaos","floor":13},{"not_picked":["Ball Lightning","Streamline"],"picked":"Double Energy","floor":14},{"not_picked":["Reboot","Rainbow"],"picked":"Creative AI","floor":16},{"not_picked":["Gash","Sweeping Beam"],"picked":"Turbo+1","floor":18},{"not_picked":["Lockon","Stack"],"picked":"Self Repair","floor":19}],"player_experience":387307,"relics_obtained":[{"floor":9.0,"key":"Whetstone"},{"floor":10.0,"key":"Centennial Puzzle"},{"floor":12.0,"key":"Blood Vial"},{"floor":13,"key":"Regal Pillow"}],"event_choices":[{"damage_healed":0.0,"max_hp_gain":0.0,"max_hp_loss":0.0,"gold_gain":0.0,"event_name":"Big Fish","player_choice":"Box","floor":3.0,"gold_loss":0.0,"damage_taken":0.0,"relics_obtained":["Tiny Chest"],"cards_obtained":["Regret"]},{"damage_healed":0.0,"max_hp_gain":0.0,"max_hp_loss":0.0,"gold_gain":0.0,"cards_transformed":["Strike_B"],"event_name":"Living Wall","player_choice":"Change","floor":5.0,"gold_loss":0.0,"damage_taken":0.0,"cards_obtained":["Stack"]},{"cards_removed":["Regret"],"damage_healed":0.0,"max_hp_gain":0.0,"max_hp_loss":0.0,"gold_gain":0.0,"event_name":"The Cleric","player_choice":"Card Removal","floor":7.0,"gold_loss":50.0,"damage_taken":0.0}],"is_beta":false,"boss_relics":[{"not_picked":["White Beast Statue","Fusion Hammer"],"picked":"Inserter"}],"items_purged_floors":[20],"is_endless":false,"potions_floor_spawned":[1,8,13,16,18],"killed_by":"Sentry and Sphere","ascension_level":7}