{"gold_per_floor":[112,123,137,137,87,87,100,100,100,117,92,11,11,31,31,129,129,145,161,189,189,89,89,89,103,103,119,119,137,137,150,150,248,248,267,267,167,167,186,186,203,203,230,240,240,260,278,500,500,500],"floor_reached":50,"playtime":2036,"items_purged":["Strike_G","Defend_G"],"score":461,"play_id":"4ebbba7a-cd2c-4b5d-a134-6c517b091b33","local_time":"20190217143243","is_ascension_mode":false,"campfire_choices":[{"data":"Cloak And Dagger","floor":6,"key":"SMITH"},{"data":"Choke","floor":8,"key":"SMITH"},{"data":"Dagger Spray","floor":13,"key":"SMITH"},{"data":"Terror","floor":15,"key":"SMITH"},{"floor":24,"key":"REST"},{"floor":28,"key":"REST"},{"data":"Cloak And Dagger","floor":30,"key":"SMITH"},{"data":"Cloak And Dagger","floor":32,"key":"SMITH"},{"floor":40,"key":"REST"},{"floor":45,"key":"REST"},{"floor":49,"key":"REST"}],"neow_cost":"NONE","seed_source_timestamp":10737350144389,"circlet_count":0,"master_deck":["Defend_G","Defend_G","Defend_G","Survivor","Neutralize","Terror+1","Choke+1","Dagger Spray+1","Cloak And Dagger+1","PiercingWail","Caltrops+1","Infinite Blades+1","Escape Plan","A Thousand Cuts+1","PiercingWail+1","Endless Agony+1","Skewer+1","Dodge and Roll+1","Deadly Poison+1","Endless Agony+1","Necronomicurse","Cloak And Dagger+1","Cloak And Dagger+1","Cloak And Dagger+1","Burst","All Out Attack+1","Blade Dance","Finisher+1","Good Instincts","Backstab","Blur+1","Parasite","Backflip+1"],"relics":["Ring of the Snake","Nunchaku","Frozen Egg 2","Astrolabe","Red Mask","Necronomicon","Pear","Empty Cage","Pen Nib"],"potions_floor_usage":[3,16,20,20,20,25,27,29,31,31,39,46],"damage_taken":[{"damage":1,"enemies":"Cultist","floor":1,"turns":5},{"damage":6,"enemies":"2 Louse","floor":2,"turns":3},{"damage":0,"enemies":"Small Slimes","floor":3,"turns":4},{"damage":0,"enemies":"Looter","floor":7,"turns":4},{"damage":1,"enemies":"Lots of Slimes","floor":10,"turns":2},{"damage":0,"enemies":"Blue Slaver","floor":14,"turns":3},{"damage":19,"enemies":"Hexaghost","floor":16,"turns":7},{"damage":0,"enemies":"Spheric Guardian","floor":18,"turns":3},{"damage":2,"enemies":"Shell Parasite","floor":19,"turns":6},{"damage":13,"enemies":"Masked Bandits","floor":20,"turns":3},{"damage":10,"enemies":"3 Cultists","floor":25,"turns":4},{"damage":1,"enemies":"Centurion and Healer","floor":27,"turns":5},{"damage":8,"enemies":"Snake Plant","floor":29,"turns":4},{"damage":0,"enemies":"Snecko","floor":31,"turns":4},{"damage":38,"enemies":"Automaton","floor":33,"turns":10},{"damage":39,"enemies":"3 Darklings","floor":35,"turns":4},{"damage":9,"enemies":"3 Shapes","floor":39,"turns":5},{"damage":10,"enemies":"Maw","floor":41,"turns":7},{"damage":9,"enemies":"Jaw Worm Horde","floor":44,"turns":5},{"damage":4,"enemies":"4 Shapes","floor":46,"turns":6},{"damage":39,"enemies":"Writhing Mass","floor":47,"turns":5},{"damage":36,"enemies":"Awakened One","floor":50,"turns":3}],"seed_played":"-2892916172910299184","potions_obtained":[{"floor":1,"key":"SkillPotion"},{"floor":2,"key":"Poison Potion"},{"floor":18,"key":"EntropicBrew"},{"floor":23,"key":"AttackPotion"},{"floor":23,"key":"Weak Potion"},{"floor":25,"key":"EssenceOfSteel"},{"floor":29,"key":"Poison Potion"},{"floor":35,"key":"SkillPotion"},{"floor":44,"key":"SkillPotion"}],"is_trial":false,"path_per_floor":["M","M","M","?","$","R","M","R","T","M","?","$","R","M","R","B",null,"M","M","?","?","$","?","R","M","T","M","R","M","R","M","R","B",null,"M","?","$","?","M","R","M","?","T","M","R","M","M","?","R","B"],"character_chosen":"THE_SILENT","items_purchased":["Cloak And Dagger","Infinite Blades+1","Cloak And Dagger"],"campfire_rested":5,"item_purchase_floors":[5,12,22],"current_hp_per_floor":[69,63,63,63,63,63,63,63,63,62,62,62,62,62,62,43,70,70,68,55,39,39,39,60,50,60,59,80,72,72,72,72,34,80,41,41,41,41,32,54,44,44,44,35,57,53,14,14,36,0],"gold":500,"neow_bonus":"RANDOM_COLORLESS","is_prod":false,"is_daily":false,"chose_seed":false,"campfire_upgraded":6,"win_rate":0,"timestamp":1550435563,"path_taken":["M","M","M","?","$","R","M","R","T","?","?","$","R","M","R","BOSS","M","M","?","?","$","?","R","M","T","?","R","M","R","M","R","BOSS","M","?","$","?","M","R","M","?","T","M","R","M","M","?","R","BOSS"],"build_version":"2019-01-23","purchased_purges":2,"victory":false,"max_hp_per_floor":[70,70,70,70,70,70,70,70,70,70,70,70,70,70,70,70,70,70,70,70,70,70,70,70,70,80,80,80,80,80,80,80,80,80,80,76,76,76,76,76,76,76,76,76,76,76,76,76,76,76],"card_choices":[{"not_picked":["Quick Slash","Cloak And Dagger"],"picked":"Terror","floor":1},{"not_picked":["Bane","Acrobatics"],"picked":"Choke","floor":2},{"not_picked":["Concentrate","Backflip"],"picked":"Dagger Spray","floor":3},{"not_picked":["Sucker Punch","Deadly Poison"],"picked":"PiercingWail","floor":7},{"not_picked":["Backflip","Quick Slash"],"picked":"Caltrops+1","floor":10},{"not_picked":["Slice","Underhanded Strike"],"picked":"Escape Plan","floor":14},{"not_picked":["Phantasmal Killer","Bullet Time"],"picked":"A Thousand Cuts+1","floor":16},{"not_picked":["Acrobatics+1","Deflect"],"picked":"Dodge and Roll+1","floor":18},{"not_picked":["Quick Slash","Outmaneuver"],"picked":"Deadly Poison+1","floor":19},{"not_picked":["Dagger Spray","Flying Knee+1"],"picked":"Endless Agony+1","floor":20},{"not_picked":["Quick Slash","PiercingWail","Poisoned Stab"],"picked":"SKIP","floor":25},{"not_picked":["Quick Slash","Predator+1"],"picked":"Cloak And Dagger+1","floor":27},{"not_picked":["Venomology","Bane","Distraction"],"picked":"SKIP","floor":29},{"not_picked":["Poisoned Stab","Backflip"],"picked":"Cloak And Dagger","floor":31},{"not_picked":["Doppelganger","Bullet Time"],"picked":"Burst","floor":33},{"not_picked":["Dagger Spray","Dagger Throw+1"],"picked":"All Out Attack+1","floor":35},{"not_picked":["Slice+1","Poisoned Stab+1"],"picked":"Blade Dance","floor":39},{"not_picked":["Escape Plan","Cloak And Dagger"],"picked":"Finisher+1","floor":41},{"not_picked":["Impatience","Forethought"],"picked":"Good Instincts","floor":42},{"not_picked":["Noxious Fumes+1","Poisoned Stab"],"picked":"Backstab","floor":44},{"not_picked":["Endless Agony","Dagger Spray"],"picked":"Blur+1","floor":46},{"not_picked":["Deflect","Bane"],"picked":"Backflip+1","floor":47}],"player_experience":177818,"relics_obtained":[{"floor":9,"key":"Frozen Egg 2"},{"floor":20,"key":"Red Mask"},{"floor":21,"key":"Necronomicon"},{"floor":26,"key":"Pear"},{"floor":43,"key":"Pen Nib"}],"event_choices":[{"cards_removed":["Deep Breath"],"damage_healed":0,"gold_gain":0,"player_choice":"Gave Card","damage_taken":0,"relics_obtained":["Nunchaku"],"max_hp_gain":0,"max_hp_loss":0,"event_name":"WeMeetAgain","floor":4,"gold_loss":0},{"damage_healed":0,"gold_gain":0,"player_choice":"Left Gold","damage_taken":0,"max_hp_gain":0,"max_hp_loss":0,"event_name":"World of Goop","floor":11,"gold_loss":25},{"damage_healed":0,"gold_gain":0,"player_choice":"Fought Bandits","damage_taken":0,"max_hp_gain":0,"max_hp_loss":0,"event_name":"Masked Bandits","floor":20,"gold_loss":0},{"damage_healed":0,"gold_gain":0,"player_choice":"Obtained Book","damage_taken":16,"max_hp_gain":0,"max_hp_loss":0,"event_name":"Cursed Tome","floor":21,"gold_loss":0},{"damage_healed":0,"gold_gain":0,"player_choice":"Got Potions","damage_taken":0,"max_hp_gain":0,"max_hp_loss":0,"event_name":"Lab","floor":23,"gold_loss":0},{"damage_healed":0,"gold_gain":0,"player_choice":"Max HP","damage_taken":0,"max_hp_gain":0,"max_hp_loss":4,"event_name":"Winding Halls","floor":36,"gold_loss":0},{"damage_healed":0,"gold_gain":0,"player_choice":"Ignored","damage_taken":0,"max_hp_gain":0,"max_hp_loss":0,"event_name":"Mysterious Sphere","floor":38,"gold_loss":0},{"damage_healed":0,"gold_gain":0,"player_choice":"Memory 1","damage_taken":0,"max_hp_gain":0,"max_hp_loss":0,"event_name":"SensoryStone","floor":42,"gold_loss":0},{"damage_healed":0,"gold_gain":222,"player_choice":"Wore Mask","damage_taken":0,"max_hp_gain":0,"max_hp_loss":0,"event_name":"Tomb of Lord Red Mask","floor":48,"gold_loss":0}],"is_beta":false,"boss_relics":[{"not_picked":["Eternal Feather","Runic Dome"],"picked":"Astrolabe"},{"not_picked":["Velvet Choker","Cursed Key"],"picked":"Empty Cage"}],"items_purged_floors":[22,37],"is_endless":false,"potions_floor_spawned":[1,2,18,25,29,35,44],"killed_by":"Awakened One","ascension_level":0}