{"gold_per_floor":[113,128,128,146,159,191,226,238,330,342,364,390,428,493,505,612,624,656,678,790,154,171,171,181,181,207,222,222,240,571,591,591,694,694,709,722,737,25,41,41,59,78,104,116,116,130,157,169,169,169],"floor_reached":51,"playtime":5169,"items_purged":["Strike_G","Catalyst"],"score":819,"play_id":"41d16fc6-f148-4ace-9836-6a5f34555bae","local_time":"20180930193439","is_ascension_mode":false,"campfire_choices":[{"floor":8,"key":"REST"},{"data":"Neutralize","floor":10,"key":"SMITH"},{"data":"Dagger Spray","floor":15,"key":"SMITH"},{"floor":23,"key":"REST"},{"data":"Accuracy","floor":25,"key":"SMITH"},{"data":"Footwork","floor":28,"key":"SMITH"},{"floor":32,"key":"REST"},{"floor":40,"key":"REST"},{"floor":45,"key":"REST"},{"floor":49,"key":"REST"}],"neow_cost":"NONE","seed_source_timestamp":43560562237332,"circlet_count":0,"master_deck":["Survivor","Neutralize+1","Dagger Spray+1","Prepared","Well Laid Plans","Quick Slash","Quick Slash","Blade Dance","Deflect+1","Blade Dance","Backflip","Backstab","Tools of the Trade","Cloak And Dagger+1","Backstab","Escape Plan","Accuracy+1","Calculated Gamble","Prepared","Footwork+1","Infinite Blades","Bouncing Flask","Doubt","Storm of Steel","Deflect+1","Caltrops","Backstab","Footwork+1","Leg Sweep","Adrenaline","Dagger Throw","Cloak And Dagger","Bouncing Flask","Outmaneuver","Dodge and Roll","Acrobatics","Blur","Crippling Poison","Cloak And Dagger+1","Dagger Spray","Dagger Spray+1","Prepared+1","Cloak And Dagger+1","Noxious Fumes","Backstab+1","Cloak And Dagger+1","Backflip+1","Terror+1","Prepared+1"],"relics":["Ring of the Snake","Ninja Scroll","MawBank","Odd Mushroom","Mercury Hourglass","Pantograph","War Paint","Cursed Key","Prayer Wheel","Question Card","Oddly Smooth Stone","Anchor","Boot","Old Coin","Pandora\u0027s Box","Omamori","HandDrill","Meat on the Bone","Juzu Bracelet","Ancient Tea Set"],"potions_floor_usage":[6,13,13,16,16,20,20,30,30,33,41,42,50,50],"damage_taken":[{"damage":0,"enemies":"Cultist","floor":1,"turns":4},{"damage":0,"enemies":"Small Slimes","floor":2,"turns":3},{"damage":0,"enemies":"Jaw Worm","floor":4,"turns":2},{"damage":0,"enemies":"Looter","floor":5,"turns":3},{"damage":26,"enemies":"Lagavulin","floor":6,"turns":6},{"damage":17,"enemies":"The Mushroom Lair","floor":7,"turns":5},{"damage":0,"enemies":"Blue Slaver","floor":11,"turns":2},{"damage":0,"enemies":"Exordium Wildlife","floor":12,"turns":1},{"damage":0,"enemies":"Gremlin Nob","floor":13,"turns":3},{"damage":15,"enemies":"Slime Boss","floor":16,"turns":7},{"damage":0,"enemies":"Chosen","floor":18,"turns":4},{"damage":0,"enemies":"Spheric Guardian","floor":19,"turns":3},{"damage":0,"enemies":"Colosseum Slavers","floor":20,"turns":3},{"damage":33,"enemies":"Colosseum Nobs","floor":20,"turns":5},{"damage":0,"enemies":"Shelled Parasite and Fungi","floor":22,"turns":4},{"damage":2,"enemies":"Snecko","floor":24,"turns":6},{"damage":1,"enemies":"Centurion and Healer","floor":27,"turns":4},{"damage":0,"enemies":"Cultist and Chosen","floor":29,"turns":4},{"damage":2,"enemies":"Slavers","floor":30,"turns":4},{"damage":18,"enemies":"Snecko","floor":31,"turns":4},{"damage":18,"enemies":"Champ","floor":33,"turns":12},{"damage":16,"enemies":"3 Darklings","floor":35,"turns":6},{"damage":7,"enemies":"3 Shapes","floor":36,"turns":3},{"damage":6,"enemies":"Sphere and 2 Shapes","floor":37,"turns":5},{"damage":0,"enemies":"Maw","floor":39,"turns":7},{"damage":13,"enemies":"Spire Growth","floor":41,"turns":3},{"damage":0,"enemies":"Reptomancer","floor":42,"turns":3},{"damage":23,"enemies":"Maw","floor":44,"turns":7},{"damage":3,"enemies":"Sphere and 2 Shapes","floor":46,"turns":6},{"damage":5,"enemies":"Nemesis","floor":47,"turns":5},{"damage":15,"enemies":"Spire Growth","floor":48,"turns":4},{"damage":56,"enemies":"Time Eater","floor":50,"turns":14}],"seed_played":"8663085872468631954","potions_obtained":[{"floor":2,"key":"SpeedPotion"},{"floor":5,"key":"Regen Potion"},{"floor":6,"key":"Dexterity Potion"},{"floor":11,"key":"Explosive Potion"},{"floor":13,"key":"LiquidBronze"},{"floor":18,"key":"SpeedPotion"},{"floor":19,"key":"LiquidBronze"},{"floor":20,"key":"SteroidPotion"},{"floor":27,"key":"Ancient Potion"},{"floor":29,"key":"SpeedPotion"},{"floor":33,"key":"Strength Potion"},{"floor":35,"key":"FairyPotion"},{"floor":36,"key":"Fire Potion"},{"floor":41,"key":"FearPotion"},{"floor":42,"key":"SneckoOil"},{"floor":46,"key":"Weak Potion"}],"is_trial":false,"path_per_floor":["M","M","T","M","M","E","?","R","T","R","M","M","E","T","R","B",null,"M","M","?","$","M","R","M","R","T","M","R","M","E","M","R","B",null,"M","M","M","$","M","R","M","M","T","M","R","M","E","M","R","B"],"character_chosen":"THE_SILENT","items_purchased":["Backstab","Escape Plan","Accuracy","Calculated Gamble","Oddly Smooth Stone","Anchor","Noxious Fumes","Omamori","HandDrill","Meat on the Bone"],"campfire_rested":6,"item_purchase_floors":[21,21,21,21,21,21,38,38,38,38],"current_hp_per_floor":[70,70,70,70,70,52,35,56,56,56,56,56,56,56,56,55,70,70,70,37,37,37,58,56,56,56,55,55,55,53,35,56,52,70,54,47,41,41,41,62,49,49,49,38,59,56,51,36,57,26],"gold":169,"neow_bonus":"THREE_CARDS","is_prod":false,"is_daily":false,"chose_seed":false,"campfire_upgraded":4,"win_rate":0,"timestamp":1538328879,"path_taken":["M","M","?","?","M","E","?","R","T","R","M","M","E","?","R","BOSS","M","M","?","$","M","R","M","R","T","M","R","M","E","M","R","BOSS","M","M","M","$","M","R","M","M","T","M","R","M","E","M","R","BOSS"],"build_version":"2018-09-27","purchased_purges":2,"victory":true,"max_hp_per_floor":[70,70,70,70,70,70,70,70,70,70,70,70,70,70,70,70,70,70,70,70,70,70,70,70,70,70,70,70,70,70,70,70,70,70,70,70,70,70,70,70,70,70,70,70,70,70,70,70,70,70],"card_choices":[{"not_picked":["Deflect","Quick Slash"],"picked":"Dagger Spray","floor":0},{"not_picked":["Poisoned Stab","Flying Knee"],"picked":"Prepared","floor":1},{"not_picked":["All Out Attack","Deadly Poison"],"picked":"Well Laid Plans","floor":2},{"not_picked":["Malaise","Catalyst"],"picked":"Quick Slash","floor":4},{"not_picked":["Dodge and Roll","Outmaneuver"],"picked":"Quick Slash","floor":5},{"not_picked":["Outmaneuver","Quick Slash"],"picked":"Blade Dance","floor":6},{"not_picked":["Bane","Poisoned Stab"],"picked":"Deflect","floor":7},{"not_picked":["Dagger Throw","Sucker Punch"],"picked":"Blade Dance","floor":11},{"not_picked":["Acrobatics","Dodge and Roll"],"picked":"Backflip","floor":12},{"not_picked":["Slice","Storm of Steel"],"picked":"Backstab","floor":13},{"not_picked":["Night Terror","A Thousand Cuts"],"picked":"Tools of the Trade","floor":16},{"not_picked":["Sucker Punch+1","Outmaneuver","Catalyst+1"],"picked":"SKIP","floor":18},{"not_picked":["All Out Attack","Tactician"],"picked":"Cloak And Dagger+1","floor":19},{"not_picked":["Dagger Throw+1","Cloak And Dagger","PiercingWail"],"picked":"Prepared","floor":22},{"not_picked":["Bane","All Out Attack","Crippling Poison+1"],"picked":"Footwork","floor":22},{"not_picked":["Flechettes+1","Choke","Well Laid Plans"],"picked":"Infinite Blades","floor":24},{"not_picked":["Deflect+1","Sucker Punch","Heel Hook"],"picked":"Bouncing Flask","floor":24},{"not_picked":["Catalyst","Acrobatics","Dagger Spray"],"picked":"Storm of Steel","floor":27},{"not_picked":["Dagger Throw","Eviscerate","Bane"],"picked":"Deflect+1","floor":27},{"not_picked":["Bane","Dodge and Roll","Cloak And Dagger"],"picked":"Caltrops","floor":29},{"not_picked":["Dagger Throw","Dagger Spray","Flying Knee","Sucker Punch+1"],"picked":"SKIP","floor":29},{"not_picked":["Underhanded Strike","Blade Dance","Outmaneuver+1"],"picked":"Backstab","floor":30},{"not_picked":["Deadly Poison+1","Caltrops","Calculated Gamble"],"picked":"Footwork+1","floor":31},{"not_picked":["Wraith Form v2","Deflect","Outmaneuver"],"picked":"Leg Sweep","floor":31},{"not_picked":["Burst","A Thousand Cuts","Phantasmal Killer"],"picked":"Adrenaline","floor":33},{"not_picked":["Backflip","Dodge and Roll+1","Prepared"],"picked":"Cloak And Dagger+1","floor":35},{"not_picked":["Backstab","Deadly Poison","Poisoned Stab"],"picked":"Dagger Spray","floor":35},{"not_picked":["Slice+1","Quick Slash+1","Prepared"],"picked":"Dagger Spray+1","floor":36},{"not_picked":["Blade Dance","Deflect","Corpse Explosion","Endless Agony"],"picked":"SKIP","floor":36},{"not_picked":["Slice","Dagger Spray","Endless Agony+1"],"picked":"Prepared+1","floor":37},{"not_picked":["Flechettes","Finisher","Distraction"],"picked":"Cloak And Dagger+1","floor":37},{"not_picked":["Distraction","PiercingWail+1","Sucker Punch+1"],"picked":"Backstab+1","floor":39},{"not_picked":["Dagger Spray","Heel Hook+1","Slice","Deadly Poison"],"picked":"SKIP","floor":39},{"not_picked":["Underhanded Strike+1","Deadly Poison+1","Deflect","Unload"],"picked":"SKIP","floor":41},{"not_picked":["Expertise+1","Slice","Dash","Dagger Throw"],"picked":"SKIP","floor":41},{"not_picked":["Underhanded Strike+1","Blade Dance+1","Dagger Spray+1"],"picked":"Cloak And Dagger+1","floor":42},{"not_picked":["Acrobatics","Sucker Punch","Well Laid Plans+1","Slice"],"picked":"SKIP","floor":42},{"not_picked":["Quick Slash+1","Underhanded Strike","Eviscerate+1"],"picked":"Backflip+1","floor":44},{"not_picked":["Outmaneuver","Cloak And Dagger","Dodge and Roll+1","Dagger Throw"],"picked":"SKIP","floor":44},{"not_picked":["Poisoned Stab","Underhanded Strike+1","Quick Slash+1"],"picked":"Terror+1","floor":46},{"not_picked":["Crippling Poison","Envenom","Poisoned Stab+1","Calculated Gamble"],"picked":"SKIP","floor":46},{"not_picked":["Dagger Throw","Acrobatics+1","Venomology","Dodge and Roll+1"],"picked":"SKIP","floor":47},{"not_picked":["Backstab","Acrobatics+1","Deadly Poison"],"picked":"Prepared+1","floor":48},{"not_picked":["Acrobatics","Quick Slash+1","Deflect","Backstab"],"picked":"SKIP","floor":48}],"player_experience":59061,"relics_obtained":[{"floor":3,"key":"Ninja Scroll"},{"floor":6,"key":"MawBank"},{"floor":7,"key":"Odd Mushroom"},{"floor":9,"key":"Mercury Hourglass"},{"floor":13,"key":"Pantograph"},{"floor":14,"key":"War Paint"},{"floor":20,"key":"Prayer Wheel"},{"floor":20,"key":"Question Card"},{"floor":26,"key":"Boot"},{"floor":30,"key":"Old Coin"},{"floor":43,"key":"Juzu Bracelet"},{"floor":47,"key":"Ancient Tea Set"}],"event_choices":[{"event_name":"Mushrooms","player_choice":"Fought Mushrooms","floor":7,"damage_taken":0},{"event_name":"Colosseum","player_choice":"Fight","floor":20,"damage_taken":0},{"event_name":"Colosseum","player_choice":"Fought Nobs","floor":20,"damage_taken":0}],"is_beta":false,"boss_relics":[{"not_picked":["Runic Dome","Busted Crown"],"picked":"Cursed Key"},{"not_picked":["White Beast Statue","Calling Bell"],"picked":"Pandora\u0027s Box"}],"items_purged_floors":[21,38],"is_endless":false,"potions_floor_spawned":[2,5,6,11,13,18,19,20,27,29,33,35,36,41,42,46],"ascension_level":0}