{"gold_per_floor":[118,78,90,102,120,120,4,4,4,4,4,4,4,32,32,130,130,150,150,168,41,41,41,41,41,41,41,41,58,58,77,77,173,173,185,185],"floor_reached":36,"playtime":2495,"items_purged":["Strike_G"],"score":358,"play_id":"163c59dd-6027-4978-aff2-6fbcb2e3c14d","local_time":"20190216002429","is_ascension_mode":false,"campfire_choices":[{"data":"Blind","floor":6,"key":"SMITH"},{"data":"Footwork","floor":8,"key":"SMITH"},{"data":"Distraction","floor":10,"key":"SMITH"},{"data":"Dodge and Roll","floor":12,"key":"SMITH"},{"floor":15,"key":"REST"},{"data":"Acrobatics","floor":23,"key":"SMITH"},{"data":"Backstab","floor":25,"key":"SMITH"},{"data":"Adrenaline","floor":30,"key":"SMITH"},{"floor":32,"key":"REST"}],"neow_cost":"TEN_PERCENT_HP_LOSS","seed_source_timestamp":42439547304704,"circlet_count":0,"master_deck":["Defend_G","Defend_G","Defend_G","Defend_G","Defend_G","Strike_G","Survivor+1","Neutralize","Thinking Ahead","Blind+1","Heel Hook","Dodge and Roll+1","Concentrate","Footwork+1","Distraction+1","Backstab+1","Adrenaline+1","Blur+1","Acrobatics+1","Underhanded Strike+1","Dagger Spray+1","Crippling Poison+1","Night Terror+1","Doppelganger+1","Caltrops+1"],"relics":["Ring of the Snake","Shuriken","Ginger","Philosopher\u0027s Stone","Molten Egg 2","Bottled Flame","Astrolabe"],"potions_floor_usage":[5,14,14,14,29,33],"damage_taken":[{"damage":0,"enemies":"Cultist","floor":1,"turns":4},{"damage":0,"enemies":"Jaw Worm","floor":3,"turns":6},{"damage":0,"enemies":"Small Slimes","floor":4,"turns":6},{"damage":0,"enemies":"Red Slaver","floor":5,"turns":6},{"damage":53,"enemies":"Gremlin Nob","floor":14,"turns":7},{"damage":27,"enemies":"The Guardian","floor":16,"turns":21},{"damage":4,"enemies":"Shell Parasite","floor":18,"turns":7},{"damage":11,"enemies":"Spheric Guardian","floor":20,"turns":6},{"damage":9,"enemies":"Snake Plant","floor":29,"turns":12},{"damage":29,"enemies":"Cultist and Chosen","floor":31,"turns":12},{"damage":41,"enemies":"Automaton","floor":33,"turns":17},{"damage":28,"enemies":"3 Darklings","floor":35,"turns":6},{"damage":39,"enemies":"3 Shapes","floor":36,"turns":3}],"seed_played":"4384737909971545780","potions_obtained":[{"floor":2,"key":"Swift Potion"},{"floor":2,"key":"AttackPotion"},{"floor":2,"key":"Block Potion"},{"floor":5,"key":"Regen Potion"},{"floor":18,"key":"Regen Potion"},{"floor":31,"key":"LiquidBronze"},{"floor":35,"key":"FearPotion"}],"is_trial":false,"path_per_floor":["M","?","M","M","M","R","$","R","T","R","?","R","$","E","R","B",null,"M","?","M","$","?","R","?","R","T","$","T","M","R","M","R","B",null,"M","M"],"character_chosen":"THE_SILENT","items_purchased":["Footwork","Distraction","Acrobatics"],"campfire_rested":2,"item_purchase_floors":[7,7,21],"current_hp_per_floor":[63,63,63,63,63,63,63,63,63,63,63,63,63,10,28,1,63,59,63,52,52,52,52,52,52,52,52,52,58,58,29,47,6,63,35,0],"gold":185,"neow_bonus":"RANDOM_COLORLESS_2","is_prod":false,"is_daily":false,"chose_seed":false,"campfire_upgraded":7,"win_rate":0,"timestamp":1550298269,"path_taken":["M","?","M","?","M","R","$","R","T","R","?","R","?","E","R","BOSS","M","?","?","$","?","R","?","R","T","?","?","M","R","M","R","BOSS","M","M"],"build_version":"2019-01-23","purchased_purges":1,"victory":false,"max_hp_per_floor":[63,63,63,63,63,63,63,63,63,63,63,63,63,63,63,63,63,63,63,63,63,63,63,63,63,63,63,63,63,63,63,63,63,63,63,63],"card_choices":[{"not_picked":["Predator","Outmaneuver"],"picked":"Heel Hook","floor":1},{"not_picked":["Poisoned Stab","Deadly Poison"],"picked":"Dodge and Roll","floor":3},{"not_picked":["Catalyst","Endless Agony"],"picked":"Concentrate","floor":4},{"not_picked":["Eviscerate","Accuracy","Bane"],"picked":"SKIP","floor":5},{"not_picked":["Quick Slash","Predator"],"picked":"Backstab","floor":14},{"not_picked":["Doppelganger","Storm of Steel"],"picked":"Adrenaline","floor":16},{"not_picked":["Deflect+1","Dagger Spray"],"picked":"Blur+1","floor":18},{"not_picked":["Poisoned Stab","Outmaneuver","All Out Attack"],"picked":"SKIP","floor":20},{"not_picked":["Sucker Punch+1","Acrobatics"],"picked":"Underhanded Strike+1","floor":29},{"not_picked":["Quick Slash+1","All Out Attack+1"],"picked":"Dagger Spray+1","floor":31},{"not_picked":["Finisher+1","Bouncing Flask"],"picked":"Caltrops+1","floor":35}],"player_experience":159705,"relics_obtained":[{"floor":9,"key":"Shuriken"},{"floor":14,"key":"Ginger"},{"floor":26,"key":"Molten Egg 2"},{"floor":28,"key":"Bottled Flame"}],"event_choices":[{"damage_healed":0,"gold_gain":0,"player_choice":"Bought 3 Potions","damage_taken":0,"max_hp_gain":0,"max_hp_loss":0,"event_name":"The Woman in Blue","floor":2,"gold_loss":0},{"damage_healed":0,"gold_gain":0,"player_choice":"Grow","damage_taken":0,"max_hp_gain":0,"max_hp_loss":0,"event_name":"Living Wall","floor":11,"gold_loss":0,"cards_upgraded":["Survivor"]},{"damage_healed":4,"gold_gain":0,"player_choice":"Full Heal","damage_taken":0,"max_hp_gain":0,"max_hp_loss":0,"event_name":"Wheel of Change","floor":19,"gold_loss":0},{"damage_healed":0,"gold_gain":0,"player_choice":"Ignored","damage_taken":0,"max_hp_gain":0,"max_hp_loss":0,"event_name":"Ghosts","floor":22,"gold_loss":0},{"damage_healed":0,"gold_gain":0,"player_choice":"Ignored","damage_taken":0,"max_hp_gain":0,"max_hp_loss":0,"event_name":"The Mausoleum","floor":24,"gold_loss":0}],"is_beta":false,"boss_relics":[{"not_picked":["Empty Cage","Eternal Feather"],"picked":"Philosopher\u0027s Stone"},{"not_picked":["Snecko Eye","Cursed Key"],"picked":"Astrolabe"}],"items_purged_floors":[21],"is_endless":false,"potions_floor_spawned":[3,5,18,31,35],"killed_by":"3 Shapes","ascension_level":0}