{"gold_per_floor":[16,16,29,49,49,76,76,76],"floor_reached":8,"playtime":319,"items_purged":[],"score":104,"play_id":"ea786f3f-d28c-4b30-9770-378a3543fd23","local_time":"20190219151432","is_ascension_mode":true,"campfire_choices":[{"floor":7,"key":"REST"}],"neow_cost":"NO_GOLD","seed_source_timestamp":371476134391500,"circlet_count":0,"master_deck":["AscendersBane","Defend_G","Defend_G","Defend_G","Defend_G","Defend_G","Strike_G","Strike_G","Strike_G","Strike_G","Survivor","Neutralize","Quick Slash","Deadly Poison","PiercingWail"],"relics":["Ring of the Snake","Tingsha","Happy Flower"],"potions_floor_usage":[3,6,8],"damage_taken":[{"damage":4,"enemies":"Small Slimes","floor":1,"turns":4},{"damage":2,"enemies":"Jaw Worm","floor":3,"turns":6},{"damage":1,"enemies":"2 Louse","floor":4,"turns":3},{"damage":32,"enemies":"3 Sentries","floor":6,"turns":11},{"damage":55,"enemies":"Gremlin Nob","floor":8,"turns":4}],"seed_played":"-8566335119121732524","potions_obtained":[{"floor":1,"key":"SkillPotion"},{"floor":4,"key":"AttackPotion"},{"floor":6,"key":"Swift Potion"}],"is_trial":false,"path_per_floor":["M","?","M","M","?","E","R","E"],"character_chosen":"THE_SILENT","items_purchased":[],"campfire_rested":1,"item_purchase_floors":[],"current_hp_per_floor":[55,55,53,52,45,13,32,0],"gold":76,"neow_bonus":"ONE_RARE_RELIC","is_prod":false,"is_daily":false,"chose_seed":false,"campfire_upgraded":0,"win_rate":0,"timestamp":1550585672,"path_taken":["M","?","M","M","?","E","R","E"],"build_version":"2019-01-23","purchased_purges":0,"victory":false,"max_hp_per_floor":[66,66,66,66,66,66,66,66],"card_choices":[{"not_picked":["Concentrate","Blade Dance","Acrobatics"],"picked":"SKIP","floor":1},{"not_picked":["Dodge and Roll","Cloak And Dagger"],"picked":"Quick Slash","floor":3},{"not_picked":["Unload","Prepared"],"picked":"Deadly Poison","floor":4},{"not_picked":["Malaise","Slice"],"picked":"PiercingWail","floor":6}],"player_experience":519111,"relics_obtained":[{"floor":6,"key":"Happy Flower"}],"event_choices":[{"damage_healed":0,"gold_gain":0,"player_choice":"Ignored","damage_taken":0,"max_hp_gain":0,"max_hp_loss":0,"event_name":"Liars Game","floor":2,"gold_loss":0},{"cards_removed":["Strike_G"],"damage_healed":0,"gold_gain":0,"player_choice":"Card Removal","damage_taken":7,"max_hp_gain":0,"max_hp_loss":0,"event_name":"Golden Wing","floor":5,"gold_loss":0}],"is_beta":false,"boss_relics":[],"items_purged_floors":[],"is_endless":false,"potions_floor_spawned":[1,4,6],"killed_by":"Gremlin Nob","ascension_level":17}