{"gold_per_floor":[112,122,140,151,170,204,214,214,214,214,228,244,244,258,258,356,356,374,388,388,408,408,408],"floor_reached":23,"playtime":872,"items_purged":[],"score":229,"play_id":"495904c7-f9c2-404b-bf18-898e01d91a63","local_time":"20190224091920","is_ascension_mode":true,"campfire_choices":[{"data":"Bash","floor":10,"key":"SMITH"},{"data":"Pommel Strike","floor":13,"key":"SMITH"},{"data":"Cleave","floor":15,"key":"SMITH"}],"neow_cost":"NONE","seed_source_timestamp":3911567463196,"circlet_count":0,"master_deck":["Strike_R","Strike_R","Strike_R","Strike_R","Strike_R","Defend_R","Defend_R","Defend_R","Defend_R","Bash+1","Pommel Strike+1","Shrug It Off","Headbutt","Cleave","Dropkick","Exhume","Cleave+1","Pummel","Feed","Pummel","Necronomicurse"],"relics":["Burning Blood","Potion Belt","Self Forming Clay","Vajra","Runic Pyramid","Necronomicon"],"potions_floor_usage":[4,6,6,11,12,23,23,23],"damage_taken":[{"damage":1,"enemies":"Cultist","floor":1,"turns":4},{"damage":2,"enemies":"2 Louse","floor":2,"turns":3},{"damage":4,"enemies":"Small Slimes","floor":3,"turns":3},{"damage":0,"enemies":"2 Fungi Beasts","floor":4,"turns":4},{"damage":17,"enemies":"Exordium Thugs","floor":5,"turns":7},{"damage":2,"enemies":"Gremlin Nob","floor":6,"turns":3},{"damage":0,"enemies":"3 Louse","floor":7,"turns":2},{"damage":3,"enemies":"Looter","floor":11,"turns":2},{"damage":12,"enemies":"Exordium Wildlife","floor":12,"turns":3},{"damage":0,"enemies":"Large Slime","floor":14,"turns":3},{"damage":67,"enemies":"Hexaghost","floor":16,"turns":9},{"damage":32,"enemies":"2 Thieves","floor":18,"turns":4},{"damage":20,"enemies":"Shell Parasite","floor":19,"turns":4},{"damage":6,"enemies":"Snecko","floor":21,"turns":4},{"damage":18,"enemies":"Gremlin Leader","floor":23,"turns":3}],"seed_played":"-3353604385713136406","potions_obtained":[{"floor":0,"key":"EssenceOfSteel"},{"floor":0,"key":"Explosive Potion"},{"floor":0,"key":"PowerPotion"},{"floor":2,"key":"Explosive Potion"},{"floor":5,"key":"SteroidPotion"},{"floor":6,"key":"PowerPotion"},{"floor":7,"key":"Energy Potion"},{"floor":11,"key":"SpeedPotion"},{"floor":19,"key":"SpeedPotion"}],"is_trial":false,"path_per_floor":["M","M","M","M","M","E","M","T","T","R","M","M","R","M","R","B",null,"M","M","?","M","?","E"],"character_chosen":"IRONCLAD","items_purchased":[],"campfire_rested":0,"item_purchase_floors":[],"current_hp_per_floor":[80,80,80,80,69,73,79,79,79,79,80,74,74,80,80,19,80,57,46,30,33,16,0],"gold":408,"neow_bonus":"THREE_SMALL_POTIONS","is_prod":false,"is_daily":false,"chose_seed":false,"campfire_upgraded":3,"win_rate":0,"timestamp":1551021560,"path_taken":["M","M","?","?","M","E","M","?","T","R","?","M","R","M","R","BOSS","M","M","?","M","?","E"],"build_version":"2019-01-23","purchased_purges":0,"victory":false,"max_hp_per_floor":[80,80,80,80,80,80,80,80,80,80,80,80,80,80,80,80,80,83,86,86,89,94,94],"card_choices":[{"not_picked":["Perfected Strike","Thunderclap"],"picked":"Pommel Strike","floor":1},{"not_picked":["Evolve","Sword Boomerang"],"picked":"Shrug It Off","floor":2},{"not_picked":["Disarm","Perfected Strike"],"picked":"Headbutt","floor":3},{"not_picked":["Rupture","Reckless Charge"],"picked":"Cleave","floor":4},{"not_picked":["Body Slam","Evolve"],"picked":"Dropkick","floor":5},{"not_picked":["Combust","Havoc"],"picked":"Exhume","floor":6},{"not_picked":["Shrug It Off","Thunderclap"],"picked":"Cleave","floor":7},{"not_picked":["Headbutt","Intimidate"],"picked":"Pummel","floor":11},{"not_picked":["Sentinel","Heavy Blade","Sword Boomerang"],"picked":"SKIP","floor":12},{"not_picked":["True Grit","Heavy Blade","Shrug It Off"],"picked":"SKIP","floor":14},{"not_picked":["Immolate","Barricade"],"picked":"Feed","floor":16},{"not_picked":["Cleave+1","Power Through","Wild Strike"],"picked":"SKIP","floor":18},{"not_picked":["Carnage+1","Body Slam"],"picked":"Pummel","floor":19},{"not_picked":["Flex","Cleave","Searing Blow"],"picked":"SKIP","floor":21}],"player_experience":328857,"relics_obtained":[{"floor":6,"key":"Potion Belt"},{"floor":8,"key":"Self Forming Clay"},{"floor":9,"key":"Vajra"},{"floor":20,"key":"Necronomicon"}],"event_choices":[{"damage_healed":0,"gold_gain":0,"player_choice":"Obtained Book","damage_taken":16,"max_hp_gain":0,"max_hp_loss":0,"event_name":"Cursed Tome","floor":20,"gold_loss":0},{"damage_healed":0,"gold_gain":0,"player_choice":"Shed Blood","damage_taken":22,"max_hp_gain":5,"max_hp_loss":0,"event_name":"Forgotten Altar","floor":22,"gold_loss":0}],"is_beta":false,"boss_relics":[{"not_picked":["Velvet Choker","Black Blood"],"picked":"Runic Pyramid"}],"items_purged_floors":[],"is_endless":false,"potions_floor_spawned":[2,5,6,7,11,19],"killed_by":"Gremlin Leader","ascension_level":3}