{"path_per_floor":["M","?","T","?","$","E","M","E","T","M","E","M","?","M","R","B",null,"M","$","?","M","?","E","R","?","T"],"character_chosen":"THE_SILENT","items_purchased":["Accuracy","Shuriken"],"gold_per_floor":[115,115,115,115,40,78,92,123,123,138,182,201,201,221,221,351,351,367,77,77,93,93,121,121,121,148],"floor_reached":27,"campfire_rested":0,"playtime":2122,"current_hp_per_floor":[70,53,53,50,50,20,22,17,17,19,21,23,23,25,25,11,70,55,55,39,32,32,18,18,18,23],"items_purged":["Strike_G"],"gold":148,"score":274,"play_id":"314e734f-c80c-4e60-9225-3c45f4db98ac","is_prod":false,"is_daily":false,"is_ascension_mode":false,"campfire_upgraded":2,"path_taken":["M","?","?","?","$","E","M","E","T","M","E","M","?","M","R","BOSS","M","?","?","M","?","E","R","?","T","M"],"build_version":"2018-02-22-PROD2","purchased_purges":1,"victory":false,"master_deck":["Defend_G","Defend_G","Defend_G","Defend_G","Defend_G","Strike_G","Strike_G","Strike_G","Strike_G","Survivor","Neutralize+1","Heel Hook","Doppelganger","Blur","Deadly Poison","Well Laid Plans","Envenom+1","A Thousand Cuts","Caltrops+1","Accuracy","Caltrops+1","Writhe"],"max_hp_per_floor":[70,70,70,70,70,70,70,70,70,70,70,70,70,70,70,70,70,70,70,70,70,70,70,70,70,70],"relics":["Ring of the Snake","Bloody Idol","Blood Vial","Anchor","Mercury Hourglass","Regal Pillow","Bronze Scales","Bag of Preparation","Question Card","Shuriken","Nilry\u0027s Codex","Letter Opener","Meat on the Bone","Pen Nib"],"card_choices":[{"not_picked":["Malaise","Flechettes"],"picked":"Heel Hook"},{"not_picked":["Deadly Poison","Tactician"],"picked":"Doppelganger"},{"not_picked":["All Out Attack","Deadly Poison"],"picked":"Blur"},{"not_picked":["Finisher","Malaise"],"picked":"Deadly Poison"},{"not_picked":["Endless Agony","Cloak And Dagger"],"picked":"Well Laid Plans"},{"not_picked":["PiercingWail","Poisoned Stab"],"picked":"Envenom"},{"not_picked":["Unload","Venomology"],"picked":"A Thousand Cuts"},{"not_picked":["Flying Knee","Outmaneuver","Backstab"],"picked":"Caltrops"},{"not_picked":["Quick Slash","Backflip","Deadly Poison"],"picked":"Caltrops"}],"player_experience":163502,"potions_floor_usage":[11,16,18,21,21,27,27],"damage_taken":[{"damage":0,"enemies":"Small Slimes","floor":1,"turns":4},{"damage":32,"enemies":"Gremlin Nob","floor":6,"turns":5},{"damage":0,"enemies":"2 Louse","floor":7,"turns":2},{"damage":7,"enemies":"3 Sentries","floor":8,"turns":9},{"damage":0,"enemies":"Cultist","floor":10,"turns":3},{"damage":0,"enemies":"Lagavulin","floor":11,"turns":10},{"damage":0,"enemies":"Exordium Wildlife","floor":12,"turns":2},{"damage":0,"enemies":"3 Louse","floor":14,"turns":2},{"damage":16,"enemies":"Hexaghost","floor":16,"turns":9},{"damage":15,"enemies":"2 Thieves","floor":18,"turns":4},{"damage":24,"enemies":"Chosen","floor":21,"turns":7},{"damage":21,"enemies":"Slavers","floor":23,"turns":5},{"damage":32,"enemies":"Sentry and Sphere","floor":27,"turns":5}],"event_choices":[{"event_name":"Golden Idol","player_choice":"Take Damage","floor":2,"damage_taken":0},{"event_name":"Scrap Ooze","player_choice":"success","floor":4,"damage_taken":3},{"event_name":"The Lab","player_choice":"Got Potions","floor":13,"damage_taken":0},{"event_name":"Cursed Tome","player_choice":"Obtained Book","floor":20,"damage_taken":0},{"event_name":"Forgotten Altar","player_choice":"Gave Idol","floor":22,"damage_taken":0},{"event_name":"The Mausoleum","player_choice":"Yes","floor":25,"damage_taken":0}],"boss_relics":[{"not_picked":["Calling Bell","Astrolabe"],"picked":"Question Card"}],"potions_floor_spawned":[1,6,12,16,18,21],"seed_played":"-450121469358760149","killed_by":"Sentry and Sphere","ascension_level":0,"is_trial":false}