{"gold_per_floor":[116,133,133,208,223,223,241,241,241,266,266,283,1,11,11,115,115,131,131,151,151,169,169,169,169,217,217,227,260,56,72,72,176,226,238,252,252,264,264,292,292,292,292,307,326,326,326],"floor_reached":47,"playtime":2277,"items_purged":["Strike_B"],"score":497,"play_id":"9b403c09-a779-430b-8924-0ce9a474fef2","local_time":"20190219113923","is_ascension_mode":false,"campfire_choices":[{"data":"Redo","floor":6,"key":"SMITH"},{"data":"Rebound","floor":8,"key":"SMITH"},{"floor":15,"key":"REST"},{"floor":23,"key":"REST"},{"floor":24,"key":"REST"},{"data":"Buffer","floor":25,"key":"SMITH"},{"data":"White Noise","floor":27,"key":"SMITH"},{"data":"Consume","floor":32,"key":"SMITH"},{"floor":41,"key":"REST"},{"floor":46,"key":"REST"}],"neow_cost":"NONE","seed_source_timestamp":9477180443789,"circlet_count":0,"master_deck":["Strike_B+1","Strike_B+1","Strike_B+1","Defend_B+1","Defend_B+1","Defend_B+1","Zap+1","Dualcast","Rebound+1","Leap","Conserve Battery","Redo+1","Sweeping Beam","White Noise+1","Rip and Tear","Redo","Buffer+1","Defragment+1","Coolheaded+1","Stack","Hologram+1","Consume+1","Buffer+1","Turbo","Thunder Strike","Static Discharge","Enlightenment","Turbo+1"],"relics":["Cracked Core","Pocketwatch","WingedGreaves","Smiling Mask","Vajra","Sozu","Strawberry","Red Mask","DollysMirror","Tiny House","Oddly Smooth Stone","Ice Cream"],"potions_floor_usage":[29],"damage_taken":[{"damage":0,"enemies":"Cultist","floor":1,"turns":3},{"damage":0,"enemies":"Jaw Worm","floor":2,"turns":3},{"damage":0,"enemies":"2 Louse","floor":5,"turns":3},{"damage":10,"enemies":"Looter","floor":7,"turns":2},{"damage":5,"enemies":"3 Louse","floor":12,"turns":2},{"damage":7,"enemies":"Blue Slaver","floor":14,"turns":2},{"damage":42,"enemies":"The Guardian","floor":16,"turns":9},{"damage":25,"enemies":"2 Thieves","floor":18,"turns":3},{"damage":21,"enemies":"3 Byrds","floor":20,"turns":4},{"damage":18,"enemies":"Shelled Parasite and Fungi","floor":22,"turns":6},{"damage":0,"enemies":"Centurion and Healer","floor":28,"turns":5},{"damage":3,"enemies":"Masked Bandits","floor":29,"turns":4},{"damage":0,"enemies":"Snecko","floor":31,"turns":6},{"damage":0,"enemies":"Champ","floor":33,"turns":11},{"damage":1,"enemies":"3 Darklings","floor":35,"turns":5},{"damage":6,"enemies":"3 Shapes","floor":36,"turns":3},{"damage":0,"enemies":"3 Darklings","floor":38,"turns":6},{"damage":53,"enemies":"Giant Head","floor":40,"turns":9},{"damage":5,"enemies":"Transient","floor":44,"turns":5},{"damage":21,"enemies":"Jaw Worm Horde","floor":45,"turns":5},{"damage":56,"enemies":"4 Shapes","floor":47,"turns":3}],"seed_played":"-9184809135985018247","potions_obtained":[{"floor":2,"key":"FearPotion"}],"is_trial":false,"path_per_floor":["M","M","?","?","M","R","M","R","T","T","$","M","$","M","R","B",null,"M","?","M","?","M","R","R","R","T","R","M","?","$","M","R","B",null,"M","M","?","M","?","E","R","?","T","M","M","R","M"],"character_chosen":"DEFECT","items_purchased":["Vajra","Rip and Tear","DollysMirror"],"campfire_rested":5,"item_purchase_floors":[13,13,30],"current_hp_per_floor":[75,75,72,61,61,61,51,51,51,51,51,46,46,39,61,19,75,50,75,54,54,36,58,75,75,82,82,82,79,79,79,79,79,87,86,80,80,80,80,27,53,53,53,48,27,53,0],"gold":326,"neow_bonus":"THREE_CARDS","is_prod":false,"is_daily":false,"chose_seed":false,"campfire_upgraded":5,"win_rate":0,"timestamp":1550597963,"path_taken":["M","M","?","?","M","R","M","R","T","?","?","M","$","?","R","BOSS","M","?","M","?","M","R","R","R","T","R","M","?","$","M","R","BOSS","M","M","?","M","?","E","R","?","T","M","M","R","M"],"build_version":"2019-01-23","purchased_purges":1,"victory":false,"max_hp_per_floor":[75,75,75,75,75,75,75,75,75,75,75,75,75,75,75,75,75,75,75,75,75,75,75,75,75,82,82,82,82,82,82,82,82,87,87,87,87,87,87,87,87,87,87,87,87,87,87],"card_choices":[{"not_picked":["Leap","Stack"],"picked":"Rebound","floor":0},{"not_picked":["Coolheaded","Force Field"],"picked":"Leap","floor":1},{"not_picked":["Consume","Gash"],"picked":"Conserve Battery","floor":2},{"not_picked":["Ball Lightning","Fusion"],"picked":"Redo","floor":5},{"not_picked":["Blizzard","Leap"],"picked":"Sweeping Beam","floor":7},{"not_picked":["Self Repair","Conserve Battery"],"picked":"White Noise","floor":12},{"not_picked":["Streamline","Sweeping Beam"],"picked":"Redo","floor":14},{"not_picked":["Meteor Strike","Rainbow"],"picked":"Buffer","floor":16},{"not_picked":["Steam+1","Auto Shields"],"picked":"Defragment+1","floor":18},{"not_picked":["Conserve Battery+1","Glacier"],"picked":"Coolheaded+1","floor":20},{"not_picked":["Rip and Tear","Chill"],"picked":"Stack","floor":22},{"not_picked":["Tempest","Cold Snap+1"],"picked":"Hologram+1","floor":28},{"not_picked":["Hello World","Ball Lightning"],"picked":"Consume","floor":29},{"not_picked":["Go for the Eyes","FTL"],"picked":"Turbo","floor":31},{"not_picked":["Core Surge","Amplify"],"picked":"Thunder Strike","floor":33},{"not_picked":["Sweeping Beam","Aggregate+1"],"picked":"Static Discharge","floor":34},{"not_picked":["Steam","Consume+1","Streamline+1"],"picked":"SKIP","floor":35},{"not_picked":["Biased Cognition","Go for the Eyes","Scrape+1"],"picked":"SKIP","floor":36},{"not_picked":["Beam Cell","Steam Power","Turbo"],"picked":"SKIP","floor":38},{"not_picked":["Trip","Finesse"],"picked":"Enlightenment","floor":39},{"not_picked":["Chill","Turbo","Steam Power+1"],"picked":"SKIP","floor":40},{"not_picked":["Go for the Eyes","Fusion+1","Gash"],"picked":"SKIP","floor":44},{"not_picked":["Ball Lightning","Melter"],"picked":"Turbo+1","floor":45}],"player_experience":241658,"relics_obtained":[{"floor":9,"key":"WingedGreaves"},{"floor":10,"key":"Smiling Mask"},{"floor":26,"key":"Strawberry"},{"floor":29,"key":"Red Mask"},{"floor":40,"key":"Oddly Smooth Stone"},{"floor":43,"key":"Ice Cream"}],"event_choices":[{"damage_healed":0,"gold_gain":0,"player_choice":"Success","damage_taken":3,"relics_obtained":["Pocketwatch"],"max_hp_gain":0,"max_hp_loss":0,"event_name":"Scrap Ooze","floor":3,"gold_loss":0},{"damage_healed":0,"gold_gain":75,"player_choice":"Gather Gold","damage_taken":11,"max_hp_gain":0,"max_hp_loss":0,"event_name":"World of Goop","floor":4,"gold_loss":0},{"damage_healed":25,"gold_gain":0,"player_choice":"Heal","damage_taken":0,"max_hp_gain":0,"max_hp_loss":0,"event_name":"The Library","floor":19,"gold_loss":0},{"damage_healed":0,"gold_gain":0,"player_choice":"Simplicity","damage_taken":0,"max_hp_gain":0,"max_hp_loss":0,"event_name":"Back to Basics","floor":21,"gold_loss":0,"cards_upgraded":["Strike_B","Strike_B","Strike_B","Defend_B","Defend_B","Defend_B","Defend_B"]},{"damage_healed":0,"gold_gain":0,"player_choice":"Fought Bandits","damage_taken":0,"max_hp_gain":0,"max_hp_loss":0,"event_name":"Masked Bandits","floor":29,"gold_loss":0},{"cards_removed":["Defend_B"],"damage_healed":0,"gold_gain":0,"player_choice":"Removed Skill","damage_taken":0,"max_hp_gain":0,"max_hp_loss":0,"event_name":"Falling","floor":37,"gold_loss":0},{"damage_healed":0,"gold_gain":0,"player_choice":"Memory 1","damage_taken":0,"max_hp_gain":0,"max_hp_loss":0,"event_name":"SensoryStone","floor":39,"gold_loss":0},{"damage_healed":0,"gold_gain":0,"player_choice":"Ignored","damage_taken":0,"max_hp_gain":0,"max_hp_loss":0,"event_name":"NoteForYourself","floor":42,"gold_loss":0}],"is_beta":false,"boss_relics":[{"not_picked":["Eternal Feather","Calling Bell"],"picked":"Sozu"},{"not_picked":["Coffee Dripper","FrozenCore"],"picked":"Tiny House"}],"items_purged_floors":[13],"is_endless":false,"potions_floor_spawned":[2,20,28,29,33,38,40,44],"killed_by":"4 Shapes","ascension_level":0}