{"gold_per_floor":[115,115,126,146,166,166,199,0,0,14,14,25,43,63,63,161,161,176,176,81,101,111,111,111,131,131,148,148,161,161,173,173,173],"floor_reached":33,"playtime":2755,"items_purged":[],"score":255,"play_id":"ed7dbb93-9e06-4587-87f9-29f53ebff076","local_time":"20190211125948","is_ascension_mode":false,"campfire_choices":[{"data":"After Image","floor":6.0,"key":"SMITH"},{"floor":15,"key":"REST"},{"floor":23,"key":"REST"},{"floor":28,"key":"REST"},{"data":"Infinite Blades","floor":30,"key":"SMITH"},{"floor":32,"key":"REST"}],"neow_cost":"NONE","seed_source_timestamp":0,"circlet_count":0,"master_deck":["Defend_G","Defend_G","Defend_G","Defend_G","Defend_G","Strike_G","Strike_G","Strike_G","Strike_G","Strike_G","Survivor","Neutralize","Blade Dance","Decay","Well Laid Plans","Dagger Spray","After Image+1","Tactician","PiercingWail","Deadly Poison","Bouncing Flask","Phantasmal Killer+1","Finisher","Dark Shackles","Infinite Blades+1","Leg Sweep","Backflip+1","Leg Sweep+1","Dagger Throw","Dodge and Roll"],"special_seed":0,"relics":["Ring of the Snake","NeowsBlessing","Mango","ClockworkSouvenir","Ginger","Black Star","Meat on the Bone"],"potions_floor_usage":[7,18,22,22,22],"damage_taken":[{"damage":0.0,"enemies":"Jaw Worm","floor":1.0,"turns":1.0},{"damage":0.0,"enemies":"Cultist","floor":3.0,"turns":1.0},{"damage":0.0,"enemies":"2 Louse","floor":4.0,"turns":1.0},{"damage":2.0,"enemies":"Blue Slaver","floor":5.0,"turns":6.0},{"damage":14,"enemies":"3 Sentries","floor":7,"turns":12},{"damage":9,"enemies":"Lots of Slimes","floor":10,"turns":4},{"damage":15,"enemies":"Exordium Thugs","floor":12,"turns":7},{"damage":0,"enemies":"3 Louse","floor":13,"turns":4},{"damage":1,"enemies":"2 Fungi Beasts","floor":14,"turns":4},{"damage":49,"enemies":"Hexaghost","floor":16,"turns":10},{"damage":9,"enemies":"Shell Parasite","floor":18,"turns":6},{"damage":21,"enemies":"Chosen","floor":21,"turns":6},{"damage":36,"enemies":"Sentry and Sphere","floor":22,"turns":7},{"damage":38,"enemies":"Centurion and Healer","floor":25,"turns":17},{"damage":14,"enemies":"Snecko","floor":27,"turns":8},{"damage":24,"enemies":"Snake Plant","floor":29,"turns":8},{"damage":8,"enemies":"Centurion and Healer","floor":31,"turns":10},{"damage":105,"enemies":"Automaton","floor":33,"turns":12}],"seed_played":"-1192240825233783379","potions_obtained":[{"floor":5.0,"key":"Swift Potion"},{"floor":10,"key":"Regen Potion"},{"floor":12,"key":"Regen Potion"},{"floor":14,"key":"SkillPotion"},{"floor":21,"key":"Weak Potion"},{"floor":31,"key":"FearPotion"}],"is_trial":false,"path_per_floor":["M","?","M","M","M","R","E","$","T","M","$","M","M","M","R","B",null,"M","?","$","M","M","R","?","M","T","M","R","M","R","M","R","B"],"character_chosen":"THE_SILENT","items_purchased":["ClockworkSouvenir","Dark Shackles"],"campfire_rested":4,"item_purchase_floors":[8,20],"current_hp_per_floor":[70,70,70,70,68,68,68,68,68,59,59,44,44,43,68,19,84,75,75,75,54,48,73,73,35,35,33,58,46,46,50,75,0],"gold":173,"neow_bonus":"THREE_ENEMY_KILL","is_prod":false,"is_daily":false,"chose_seed":false,"campfire_upgraded":2,"win_rate":0.0,"timestamp":1549911588,"path_taken":["M","?","?","M","M","R","E","$","T","M","?","M","M","M","R","BOSS","M","?","$","M","M","R","?","M","T","M","R","M","R","M","R","BOSS"],"build_version":"2019-01-23","purchased_purges":0,"victory":false,"max_hp_per_floor":[70,70,70,70,70,70,84,84,84,84,84,84,84,84,84,84,84,84,84,84,84,84,84,84,84,84,84,84,84,84,84,84,84],"card_choices":[{"not_picked":["Deflect","Expertise"],"picked":"Blade Dance","floor":1.0},{"not_picked":["All Out Attack","Poisoned Stab"],"picked":"Well Laid Plans","floor":3.0},{"not_picked":["Crippling Poison","Outmaneuver"],"picked":"Dagger Spray","floor":4.0},{"not_picked":["Outmaneuver","Flechettes"],"picked":"After Image","floor":5.0},{"not_picked":["Wraith Form v2","Dagger Throw"],"picked":"Tactician","floor":7},{"not_picked":["Well Laid Plans","Dodge and Roll"],"picked":"PiercingWail","floor":10},{"not_picked":["PiercingWail","Poisoned Stab"],"picked":"Deadly Poison","floor":12},{"not_picked":["Prepared","Tactician","Endless Agony"],"picked":"SKIP","floor":13},{"not_picked":["Envenom","Blade Dance"],"picked":"Bouncing Flask","floor":14},{"not_picked":["Doppelganger","Night Terror"],"picked":"Phantasmal Killer","floor":16},{"not_picked":["Bane","Masterful Stab"],"picked":"Finisher","floor":18},{"not_picked":["Bane","Choke"],"picked":"Infinite Blades","floor":21},{"not_picked":["Dagger Throw","Predator"],"picked":"Leg Sweep","floor":22},{"not_picked":["Tactician","PiercingWail"],"picked":"Backflip+1","floor":25},{"not_picked":["Deflect","Flechettes"],"picked":"Leg Sweep+1","floor":27},{"not_picked":["Reflex","Blade Dance"],"picked":"Dagger Throw","floor":29},{"not_picked":["Dagger Throw","Flying Knee"],"picked":"Dodge and Roll","floor":31}],"player_experience":51488,"relics_obtained":[{"floor":7,"key":"Mango"},{"floor":9,"key":"Ginger"},{"floor":26,"key":"Meat on the Bone"}],"event_choices":[{"damage_healed":0.0,"max_hp_gain":0.0,"max_hp_loss":0.0,"gold_gain":0.0,"event_name":"Wheel of Change","player_choice":"Cursed","floor":2.0,"gold_loss":0.0,"damage_taken":0.0,"cards_obtained":["Decay"]},{"damage_healed":0,"gold_gain":0,"player_choice":"Ignored","damage_taken":0,"max_hp_gain":0,"max_hp_loss":0,"event_name":"Ghosts","floor":19,"gold_loss":0},{"damage_healed":0,"gold_gain":0,"player_choice":"Forge","damage_taken":0,"max_hp_gain":0,"max_hp_loss":0,"event_name":"Accursed Blacksmith","floor":24,"gold_loss":0,"cards_upgraded":["Phantasmal Killer"]}],"is_beta":false,"boss_relics":[{"not_picked":["Coffee Dripper","Orrery"],"picked":"Black Star"}],"items_purged_floors":[],"is_endless":false,"potions_floor_spawned":[5,10,12,14,21,31],"killed_by":"Automaton","ascension_level":0}