{"gold_per_floor":[14,14,14,30,45,45,45,45,123,123,136,136,136,156,156,253,253,271,281,295,295,295,326,326,342,366,366,465,465,481,493,493,592,592,603,622,637,651,32,90,90,100,100,100,113,141,158,158,158,158],"floor_reached":51,"playtime":2260,"items_purged":[],"score":746,"play_id":"06da8305-3ee3-4da8-b317-16c39b980f75","local_time":"20190221191312","is_ascension_mode":false,"campfire_choices":[{"data":"Armaments","floor":6,"key":"SMITH"},{"data":"Rampage","floor":8,"key":"SMITH"},{"data":"Bash","floor":10,"key":"SMITH"},{"data":"Spot Weakness","floor":13,"key":"SMITH"},{"data":"Whirlwind","floor":15,"key":"SMITH"},{"floor":24,"key":"REST"},{"data":"Iron Wave","floor":27,"key":"SMITH"},{"data":"Defend_R","floor":29,"key":"SMITH"},{"data":"Defend_R","floor":32,"key":"SMITH"},{"floor":41,"key":"REST"},{"data":"Disarm","floor":44,"key":"SMITH"},{"floor":49,"key":"REST"}],"neow_cost":"NO_GOLD","seed_source_timestamp":23202636961387,"circlet_count":0,"master_deck":["Strike_R","Strike_R","Strike_R+1","Strike_R","Strike_R+1","Defend_R","Defend_R","Defend_R+1","Defend_R+1","Bash+1","Rampage+1","Decay","Armaments+1","Spot Weakness+1","Iron Wave+1","Whirlwind+1","Shrug It Off+1","Ghostly Armor+1","Feed","Infernal Blade","Pommel Strike+1","Feed","Spot Weakness","Fiend Fire","Disarm+1","Twin Strike+1","Demon Form"],"relics":["Burning Blood","Pocketwatch","Self Forming Clay","Philosopher\u0027s Stone","Bag of Marbles","Incense Burner","Anchor","Lizard Tail","Whetstone","Toy Ornithopter","Tiny Chest","Thread and Needle","Ginger"],"potions_floor_usage":[20,20,23,35,40,42,46,46,50],"damage_taken":[{"damage":6,"enemies":"2 Louse","floor":1,"turns":3},{"damage":8,"enemies":"Jaw Worm","floor":4,"turns":3},{"damage":1,"enemies":"Cultist","floor":5,"turns":3},{"damage":8,"enemies":"2 Fungi Beasts","floor":11,"turns":4},{"damage":4,"enemies":"Large Slime","floor":14,"turns":5},{"damage":45,"enemies":"Slime Boss","floor":16,"turns":6},{"damage":14,"enemies":"3 Byrds","floor":18,"turns":4},{"damage":22,"enemies":"2 Thieves","floor":19,"turns":4},{"damage":2,"enemies":"Snake Plant","floor":20,"turns":3},{"damage":28,"enemies":"Book of Stabbing","floor":23,"turns":5},{"damage":9,"enemies":"Cultist and Chosen","floor":25,"turns":4},{"damage":10,"enemies":"Shelled Parasite and Fungi","floor":30,"turns":4},{"damage":3,"enemies":"Centurion and Healer","floor":31,"turns":4},{"damage":52,"enemies":"Automaton","floor":33,"turns":11},{"damage":0,"enemies":"3 Darklings","floor":35,"turns":1},{"damage":1,"enemies":"Orb Walker","floor":36,"turns":4},{"damage":13,"enemies":"3 Darklings","floor":37,"turns":6},{"damage":7,"enemies":"4 Shapes","floor":38,"turns":3},{"damage":44,"enemies":"Nemesis","floor":40,"turns":7},{"damage":16,"enemies":"Spire Growth","floor":42,"turns":4},{"damage":6,"enemies":"3 Darklings","floor":45,"turns":4},{"damage":18,"enemies":"Reptomancer","floor":46,"turns":5},{"damage":16,"enemies":"Maw","floor":47,"turns":7},{"damage":72,"enemies":"Time Eater","floor":50,"turns":12}],"seed_played":"-8539317948914003578","potions_obtained":[{"floor":1,"key":"Regen Potion"},{"floor":4,"key":"GamblersBrew"},{"floor":5,"key":"Block Potion"},{"floor":18,"key":"Weak Potion"},{"floor":33,"key":"Energy Potion"},{"floor":36,"key":"Strength Potion"},{"floor":40,"key":"Weak Potion"},{"floor":42,"key":"Dexterity Potion"}],"is_trial":false,"path_per_floor":["M","?","?","M","M","R","$","R","T","R","M","?","R","M","R","B",null,"M","M","M","?","?","E","R","M","T","R","?","R","M","M","R","B",null,"M","M","M","M","$","E","R","M","T","R","M","E","M","?","R","B",null],"character_chosen":"IRONCLAD","items_purchased":["Feed","Spot Weakness","Whetstone","Toy Ornithopter","Energy Potion","BloodPotion"],"campfire_rested":3,"item_purchase_floors":[39,39,39,39,39,39],"current_hp_per_floor":[96,93,93,91,96,96,96,96,96,96,94,94,94,96,96,57,96,88,72,85,85,85,63,91,88,88,88,88,88,84,87,87,41,96,96,96,89,88,88,64,92,86,86,86,86,84,74,74,96,30],"gold":158,"neow_bonus":"TWENTY_PERCENT_HP_BONUS","is_prod":false,"is_daily":false,"chose_seed":false,"campfire_upgraded":9,"win_rate":0,"timestamp":1550797992,"path_taken":["M","?","?","M","M","R","$","R","T","R","?","?","R","M","R","BOSS","M","M","M","?","?","E","R","M","T","R","?","R","M","M","R","BOSS","M","M","M","M","$","E","R","M","T","R","M","E","M","?","R","BOSS"],"build_version":"2019-01-23","purchased_purges":0,"victory":true,"max_hp_per_floor":[96,96,96,96,96,96,96,96,96,96,96,96,96,96,96,96,96,96,96,96,96,96,96,96,96,96,96,96,96,96,96,96,96,96,96,96,96,96,96,96,96,96,96,96,96,96,96,96,96,96],"card_choices":[{"not_picked":["Feel No Pain","Combust"],"picked":"Rampage","floor":1},{"not_picked":["Cleave","Rampage"],"picked":"Armaments","floor":4},{"not_picked":["Iron Wave","Combust"],"picked":"Spot Weakness","floor":5},{"not_picked":["True Grit","Wild Strike"],"picked":"Iron Wave","floor":11},{"not_picked":["Headbutt","Havoc"],"picked":"Whirlwind","floor":14},{"not_picked":["Metallicize","Headbutt","Cleave"],"picked":"SKIP","floor":18},{"not_picked":["Havoc+1","Perfected Strike"],"picked":"Shrug It Off+1","floor":19},{"not_picked":["Clash+1","Bloodletting","Clothesline+1"],"picked":"SKIP","floor":20},{"not_picked":["Armaments","Dual Wield","True Grit"],"picked":"SKIP","floor":23},{"not_picked":["Clothesline","Body Slam","Thunderclap"],"picked":"SKIP","floor":25},{"not_picked":["Fire Breathing+1","Wild Strike"],"picked":"Ghostly Armor+1","floor":30},{"not_picked":["Perfected Strike","Warcry","Entrench"],"picked":"SKIP","floor":31},{"not_picked":["Dark Embrace","Juggernaut"],"picked":"Feed","floor":33},{"not_picked":["True Grit+1","Flex","Second Wind"],"picked":"SKIP","floor":35},{"not_picked":["Cleave+1","Iron Wave"],"picked":"Infernal Blade","floor":36},{"not_picked":["Blood for Blood","Shrug It Off"],"picked":"Pommel Strike+1","floor":37},{"not_picked":["Sword Boomerang","Headbutt","Clothesline"],"picked":"SKIP","floor":38},{"not_picked":["Twin Strike","Clothesline"],"picked":"Fiend Fire","floor":40},{"not_picked":["Searing Blow+1","Thunderclap"],"picked":"Disarm","floor":42},{"not_picked":["Pommel Strike","Anger","Warcry+1"],"picked":"SKIP","floor":45},{"not_picked":["Whirlwind","Havoc"],"picked":"Twin Strike+1","floor":46},{"not_picked":["Headbutt+1","Rupture+1"],"picked":"Demon Form","floor":47}],"player_experience":287646,"relics_obtained":[{"floor":9,"key":"Self Forming Clay"},{"floor":23,"key":"Incense Burner"},{"floor":26,"key":"Anchor"},{"floor":40,"key":"Tiny Chest"},{"floor":43,"key":"Thread and Needle"},{"floor":46,"key":"Ginger"}],"event_choices":[{"damage_healed":0,"gold_gain":0,"player_choice":"Success","damage_taken":3,"relics_obtained":["Pocketwatch"],"max_hp_gain":0,"max_hp_loss":0,"event_name":"Scrap Ooze","floor":2,"gold_loss":0},{"damage_healed":0,"gold_gain":0,"player_choice":"Cursed","damage_taken":0,"max_hp_gain":0,"max_hp_loss":0,"event_name":"Wheel of Change","floor":3,"gold_loss":0,"cards_obtained":["Decay"]},{"damage_healed":0,"gold_gain":0,"player_choice":"Ignored","damage_taken":0,"max_hp_gain":0,"max_hp_loss":0,"event_name":"Liars Game","floor":12,"gold_loss":0},{"damage_healed":0,"gold_gain":0,"player_choice":"Ignored","damage_taken":0,"max_hp_gain":0,"max_hp_loss":0,"event_name":"Ghosts","floor":21,"gold_loss":0},{"damage_healed":0,"gold_gain":0,"player_choice":"Opened","damage_taken":0,"relics_obtained":["Bag of Marbles"],"max_hp_gain":0,"max_hp_loss":0,"event_name":"The Mausoleum","floor":22,"gold_loss":0},{"damage_healed":0,"gold_gain":99,"player_choice":"Stole From Cult","damage_taken":0,"max_hp_gain":0,"max_hp_loss":0,"event_name":"Nest","floor":28,"gold_loss":0},{"damage_healed":0,"gold_gain":0,"player_choice":"Ignored","damage_taken":0,"max_hp_gain":0,"max_hp_loss":0,"event_name":"Mysterious Sphere","floor":48,"gold_loss":0}],"is_beta":false,"boss_relics":[{"not_picked":["Mark of Pain","Orrery"],"picked":"Philosopher\u0027s Stone"},{"not_picked":["Calling Bell","Cursed Key"],"picked":"Lizard Tail"}],"items_purged_floors":[],"is_endless":false,"potions_floor_spawned":[1,4,5,18,33,36,40,42,45],"ascension_level":0}