{"gold_per_floor":[110,121,136,156,169,195,205,236,261,67,83,83,101,74,74,170,170,182,107,67,166,152,152,152],"floor_reached":24,"playtime":1018,"items_purged":["Strike_B"],"score":326,"play_id":"26182db2-bd56-4ae7-93e3-130732ee1dea","local_time":"20190217202820","is_ascension_mode":true,"campfire_choices":[{"floor":12,"key":"REST"},{"floor":15,"key":"REST"},{"data":"Capacitor","floor":23,"key":"SMITH"}],"neow_cost":"NONE","seed_source_timestamp":115908719907775,"circlet_count":0,"master_deck":["AscendersBane","Strike_B","Strike_B","Defend_B","Defend_B","Defend_B","Defend_B","Zap","Dualcast","Deep Breath","Conserve Battery","Cold Snap","Coolheaded","Electrodynamics","Defragment","Redo","Capacitor+1","Chill","Glacier","Reboot","Loop","BootSequence"],"relics":["Cracked Core","Ancient Tea Set","Bag of Preparation","Pen Nib","Lizard Tail"],"potions_floor_usage":[6,8],"damage_taken":[{"damage":0,"enemies":"Small Slimes","floor":1,"turns":4},{"damage":3,"enemies":"2 Louse","floor":2,"turns":2},{"damage":0,"enemies":"Cultist","floor":3,"turns":4},{"damage":8,"enemies":"Looter","floor":4,"turns":4},{"damage":8,"enemies":"Red Slaver","floor":5,"turns":5},{"damage":16,"enemies":"3 Sentries","floor":6,"turns":10},{"damage":9,"enemies":"Lots of Slimes","floor":7,"turns":2},{"damage":30,"enemies":"Gremlin Nob","floor":8,"turns":5},{"damage":0,"enemies":"Looter","floor":11,"turns":3},{"damage":7,"enemies":"Exordium Wildlife","floor":13,"turns":5},{"damage":25,"enemies":"Slime Boss","floor":16,"turns":14},{"damage":19,"enemies":"3 Byrds","floor":18,"turns":4},{"damage":12,"enemies":"2 Thieves","floor":22,"turns":4},{"damage":79,"enemies":"Book of Stabbing","floor":24,"turns":8}],"seed_played":"-5217927793965663070","potions_obtained":[{"floor":3,"key":"SteroidPotion"},{"floor":4,"key":"Energy Potion"},{"floor":5,"key":"Energy Potion"},{"floor":6,"key":"Regen Potion"},{"floor":11,"key":"Poison Potion"}],"is_trial":false,"path_per_floor":["M","M","M","M","M","E","M","E","T","$","M","R","M","?","R","B",null,"M","?","$","?","M","R","E"],"character_chosen":"DEFECT","items_purchased":["Capacitor","Chill","Loop"],"campfire_rested":2,"item_purchase_floors":[10,10,20],"current_hp_per_floor":[68,65,65,57,49,33,24,8,8,8,8,30,23,23,45,20,61,42,42,42,42,30,30,0],"gold":152,"neow_bonus":"RANDOM_COLORLESS","is_prod":false,"is_daily":false,"chose_seed":false,"campfire_upgraded":1,"win_rate":0,"timestamp":1550431700,"path_taken":["M","M","M","M","M","E","M","E","T","$","M","R","M","?","R","BOSS","M","?","$","?","M","R","E"],"build_version":"2019-01-23","purchased_purges":1,"victory":false,"max_hp_per_floor":[75,75,75,75,75,75,75,75,75,75,75,75,75,75,75,75,75,75,75,75,75,75,75,75],"card_choices":[{"not_picked":["Steam","Force Field","Darkness"],"picked":"SKIP","floor":1},{"not_picked":["Rebound","Turbo"],"picked":"Conserve Battery","floor":2},{"not_picked":["Darkness","Steam"],"picked":"Cold Snap","floor":3},{"not_picked":["Scrape","Go for the Eyes","Compile Driver"],"picked":"SKIP","floor":4},{"not_picked":["Redo","Aggregate"],"picked":"Coolheaded","floor":5},{"not_picked":["Conserve Battery","Redo"],"picked":"Electrodynamics","floor":6},{"not_picked":["Hologram","FTL"],"picked":"Defragment","floor":7},{"not_picked":["Darkness","Coolheaded"],"picked":"Redo","floor":8},{"not_picked":["Gash","Go for the Eyes","Conserve Battery"],"picked":"SKIP","floor":11},{"not_picked":["Stack","Force Field"],"picked":"Glacier","floor":13},{"not_picked":["Fission","Thunder Strike"],"picked":"Reboot","floor":16},{"not_picked":["Steam Power+1","Coolheaded","Turbo"],"picked":"SKIP","floor":18},{"not_picked":["Streamline","FTL"],"picked":"BootSequence","floor":22}],"player_experience":707434,"relics_obtained":[{"floor":6,"key":"Ancient Tea Set"},{"floor":8,"key":"Bag of Preparation"},{"floor":9,"key":"Pen Nib"}],"event_choices":[{"damage_healed":0,"gold_gain":0,"player_choice":"Left Gold","damage_taken":0,"max_hp_gain":0,"max_hp_loss":0,"event_name":"World of Goop","floor":14,"gold_loss":27},{"cards_removed":["Strike_B"],"damage_healed":0,"gold_gain":0,"player_choice":"Gave Gold","damage_taken":0,"max_hp_gain":0,"max_hp_loss":0,"event_name":"Beggar","floor":19,"gold_loss":75},{"damage_healed":0,"gold_gain":99,"player_choice":"Stole From Cult","damage_taken":0,"max_hp_gain":0,"max_hp_loss":0,"event_name":"Nest","floor":21,"gold_loss":0}],"is_beta":false,"boss_relics":[{"not_picked":["Runic Pyramid","Coffee Dripper"],"picked":"Lizard Tail"}],"items_purged_floors":[10],"is_endless":false,"potions_floor_spawned":[3,4,5,6,11,16],"killed_by":"Book of Stabbing","ascension_level":11}