{"path_per_floor":["M","M","M","?","M","E","R","E","T","E","?","R","M","M","R","B",null,"M","M","M"],"character_chosen":"DEFECT","items_purchased":[],"gold_per_floor":[111,130,148,148,163,192,192,223,223,255,255,255,268,281,281,386,386,403,420,437,437],"floor_reached":21,"campfire_rested":0,"playtime":1274,"item_purchase_floors":[],"current_hp_per_floor":[74,73,74,74,62,42,42,26,26,8,75,75,75,74,74,21,75,51,36,38,0],"items_purged":[],"gold":437,"score":223,"play_id":"63ffbbe5-75fe-4d8c-97a2-9dd0a0b5bd8d","local_time":"20180622020516","is_prod":false,"is_daily":false,"chose_seed":false,"is_ascension_mode":true,"campfire_upgraded":3,"win_rate":0,"timestamp":1529625916,"campfire_choices":[{"data":"Reinforced Body","floor":7,"key":"SMITH"},{"data":"Echo Form","floor":12,"key":"SMITH"},{"data":"Capacitor","floor":15,"key":"SMITH"}],"path_taken":["M","M","M","?","M","E","R","E","T","E","?","R","?","M","R","BOSS","M","?","M","M"],"build_version":"2018-06-14v2","seed_source_timestamp":44200136791833,"purchased_purges":0,"victory":false,"master_deck":["Strike_B","Strike_B","Strike_B","Strike_B","Defend_B","Defend_B","Defend_B","Defend_B","Zap","Dualcast","Reprogram","Reinforced Body+1","Capacitor+1","Echo Form+1","White Noise","Tempest","Streamline+1","Reinforced Body"],"max_hp_per_floor":[75,75,75,75,75,75,75,75,75,75,75,75,75,75,75,75,75,75,75,75,75],"relics":["Cracked Core","Blood Vial","Potion Belt","Dodecahedron","Kunai","Mercury Hourglass","Cursed Key"],"card_choices":[{"not_picked":["Reprogram","Go for the Eyes","Redo"],"picked":"SKIP","floor":1},{"not_picked":["Go for the Eyes","Redo"],"picked":"Reprogram","floor":1},{"not_picked":["Stack","Barrage"],"picked":"Reinforced Body","floor":2},{"not_picked":["Coolheaded","Blizzard","Go for the Eyes"],"picked":"SKIP","floor":3},{"not_picked":["Rebound","Blizzard"],"picked":"Capacitor","floor":5},{"not_picked":["Compile Driver","Scrape","Doom and Gloom"],"picked":"SKIP","floor":6},{"not_picked":["Streamline","Leap"],"picked":"Echo Form","floor":8},{"not_picked":["Beam Cell","Tempest"],"picked":"White Noise","floor":10},{"not_picked":["Cold Snap","Stack","Go for the Eyes"],"picked":"SKIP","floor":13},{"not_picked":["Rebound","Consume"],"picked":"Tempest","floor":14},{"not_picked":["Barrage","Gash+1"],"picked":"Streamline+1","floor":18},{"not_picked":["Hologram","Blizzard","Steam"],"picked":"SKIP","floor":19},{"not_picked":["Stack","Go for the Eyes"],"picked":"Reinforced Body","floor":20}],"player_experience":384358,"potions_floor_usage":[10,10,16,20,21,21],"damage_taken":[{"damage":1,"enemies":"2 Louse","floor":1,"turns":2},{"damage":2,"enemies":"Jaw Worm","floor":2,"turns":3},{"damage":1,"enemies":"Cultist","floor":3,"turns":4},{"damage":13,"enemies":"Blue Slaver","floor":5,"turns":4},{"damage":22,"enemies":"3 Sentries","floor":6,"turns":9},{"damage":18,"enemies":"Lagavulin","floor":8,"turns":9},{"damage":20,"enemies":"3 Sentries","floor":10,"turns":9},{"damage":0,"enemies":"Gremlin Gang","floor":13,"turns":4},{"damage":1,"enemies":"2 Fungi Beasts","floor":14,"turns":3},{"damage":54,"enemies":"The Guardian","floor":16,"turns":11},{"damage":24,"enemies":"Shell Parasite","floor":18,"turns":7},{"damage":17,"enemies":"Spheric Guardian","floor":19,"turns":4},{"damage":0,"enemies":"Cultist and Chosen","floor":20,"turns":4},{"damage":57,"enemies":"Chosen and Byrds","floor":21,"turns":6}],"relics_obtained":[{"floor":6,"key":"Potion Belt"},{"floor":8,"key":"Dodecahedron"},{"floor":9,"key":"Kunai"},{"floor":10,"key":"Mercury Hourglass"}],"event_choices":[{"event_name":"The Cleric","player_choice":"Leave","floor":4,"damage_taken":0},{"event_name":"Wheel of Change","player_choice":"Full Heal","floor":11,"damage_taken":0}],"boss_relics":[{"not_picked":["Runic Dome","Coffee Dripper"],"picked":"Cursed Key"}],"items_purged_floors":[],"is_endless":false,"potions_floor_spawned":[1,5,8,10,16,18],"seed_played":"664531124050138534","killed_by":"Chosen and Byrds","ascension_level":2,"potions_obtained":[{"floor":1,"key":"Strength Potion"},{"floor":5,"key":"Swift Potion"},{"floor":8,"key":"Poison Potion"},{"floor":10,"key":"GamblersBrew"},{"floor":16,"key":"Strength Potion"},{"floor":18,"key":"EssenceOfSteel"}],"is_trial":false}