{"gold_per_floor":[15,28,43,8,24,57,57,92,127,139,167,211,236,248,260,272],"floor_reached":16,"playtime":628,"items_purged":[],"score":183,"play_id":"80b64962-1f35-4e63-a6ea-108dfd3a02df","local_time":"20190124162757","is_ascension_mode":true,"campfire_choices":[{"data":"Dualcast","floor":7,"key":"SMITH"},{"floor":10,"key":"REST"},{"floor":15,"key":"REST"}],"neow_cost":"NO_GOLD","seed_source_timestamp":424478333170579,"circlet_count":0,"master_deck":["AscendersBane","Strike_B","Strike_B","Strike_B","Strike_B","Defend_B","Defend_B","Defend_B","Defend_B","Zap","Dualcast+1","Core Surge","Barrage","Rebound","Self Repair","Self Repair","Coolheaded","Capacitor","Steam","Barrage"],"relics":["Cracked Core","Blue Candle","MawBank","Blood Vial","Oddly Smooth Stone","Ancient Tea Set"],"potions_floor_usage":[8,8,16],"damage_taken":[{"damage":0,"enemies":"Small Slimes","floor":1,"turns":2},{"damage":0,"enemies":"2 Louse","floor":2,"turns":2},{"damage":1,"enemies":"Cultist","floor":3,"turns":3},{"damage":14,"enemies":"Large Slime","floor":5,"turns":6},{"damage":45,"enemies":"3 Sentries","floor":6,"turns":9},{"damage":27,"enemies":"Gremlin Nob","floor":8,"turns":5},{"damage":11,"enemies":"2 Fungi Beasts","floor":11,"turns":4},{"damage":32,"enemies":"Lagavulin","floor":12,"turns":8},{"damage":29,"enemies":"Exordium Thugs","floor":13,"turns":8},{"damage":34,"enemies":"Slime Boss","floor":16,"turns":6}],"seed_played":"1920794182569441584","potions_obtained":[{"floor":3,"key":"Strength Potion"},{"floor":6,"key":"SkillPotion"},{"floor":13,"key":"FocusPotion"}],"is_trial":false,"path_per_floor":["M","M","M","?","M","E","R","E","T","R","M","E","M","?","R","B"],"character_chosen":"DEFECT","items_purchased":[],"campfire_rested":2,"item_purchase_floors":[],"current_hp_per_floor":[68,68,67,75,68,37,37,24,24,46,51,35,22,10,32,0],"gold":272,"neow_bonus":"THREE_RARE_CARDS","is_prod":false,"is_daily":false,"chose_seed":false,"campfire_upgraded":1,"win_rate":0,"timestamp":1548343677,"path_taken":["M","M","M","?","M","E","R","E","T","R","M","E","M","?","R","BOSS"],"build_version":"2019-01-23","purchased_purges":0,"victory":false,"max_hp_per_floor":[75,75,75,75,75,75,75,75,75,75,75,75,75,75,75,75],"card_choices":[{"not_picked":["Thunder Strike","Meteor Strike"],"picked":"Core Surge","floor":0},{"not_picked":["Redo","White Noise"],"picked":"Barrage","floor":1},{"not_picked":["Go for the Eyes","Turbo"],"picked":"Rebound","floor":2},{"not_picked":["Leap","Lockon"],"picked":"Self Repair","floor":3},{"not_picked":["Fission","Stack"],"picked":"Self Repair","floor":5},{"not_picked":["Go for the Eyes","All For One","Ball Lightning"],"picked":"SKIP","floor":6},{"not_picked":["Compile Driver","Steam"],"picked":"Coolheaded","floor":8},{"not_picked":["Doom and Gloom","Beam Cell"],"picked":"Capacitor","floor":11},{"not_picked":["Compile Driver","Turbo"],"picked":"Steam","floor":12},{"not_picked":["Melter","Hologram"],"picked":"Barrage","floor":13}],"player_experience":692376,"relics_obtained":[{"floor":6,"key":"Blue Candle"},{"floor":8,"key":"MawBank"},{"floor":9,"key":"Blood Vial"},{"floor":12,"key":"Oddly Smooth Stone"}],"event_choices":[{"damage_healed":18,"gold_gain":0,"player_choice":"Healed","damage_taken":0,"max_hp_gain":0,"max_hp_loss":0,"event_name":"The Cleric","floor":4,"gold_loss":35},{"damage_healed":0,"gold_gain":0,"player_choice":"Success","damage_taken":12,"relics_obtained":["Ancient Tea Set"],"max_hp_gain":0,"max_hp_loss":0,"event_name":"Scrap Ooze","floor":14,"gold_loss":0}],"is_beta":false,"boss_relics":[],"items_purged_floors":[],"is_endless":false,"potions_floor_spawned":[3,6,13],"killed_by":"Slime Boss","ascension_level":10}