{"gold_per_floor":[114,114,114,79,79,117,117,157,202,202,222,222,265,283,283,374,437,450,466,314,314,314,314,314,314,314,333,347,347,37,48,48,124,124,142,153,166,9,27,56,1,1,1,1,0,0,0,13,13,13],"floor_reached":51,"playtime":2214,"items_purged":["Strike_G+1"],"score":1439,"play_id":"be2fec9f-b670-4dc9-a9d5-ea3930c027d0","local_time":"20190217203813","is_ascension_mode":true,"campfire_choices":[{"data":"Terror","floor":7,"key":"SMITH"},{"data":"Quick Slash","floor":10,"key":"SMITH"},{"data":"Caltrops","floor":12,"key":"SMITH"},{"data":"Footwork","floor":15,"key":"SMITH"},{"floor":23,"key":"REST"},{"data":"Noxious Fumes","floor":25,"key":"SMITH"},{"data":"Burst","floor":29,"key":"SMITH"},{"data":"Footwork","floor":32,"key":"SMITH"},{"data":"Footwork","floor":44,"key":"SMITH"},{"data":"Footwork","floor":46,"key":"SMITH"},{"data":"Noxious Fumes","floor":49,"key":"SMITH"}],"neow_cost":"NONE","seed_source_timestamp":216155994270500,"circlet_count":0,"master_deck":["AscendersBane","Defend_G+1","Defend_G+1","Defend_G+1","Defend_G+1","Defend_G+1","Strike_G+1","Strike_G+1","Strike_G+1","Strike_G+1","Survivor","Neutralize","Terror+1","Neutralize","Adrenaline","Quick Slash+1","Caltrops+1","Footwork+1","Glass Knife","Bouncing Flask","Burst+1","Noxious Fumes+1","Flying Knee+1","PiercingWail","Footwork+1","Dodge and Roll","PiercingWail","Corpse Explosion","Footwork+1","Deadly Poison","Dodge and Roll","Escape Plan","Burst","Dodge and Roll","Envenom","Escape Plan","Backflip","Footwork+1","Deadly Poison","Noxious Fumes+1","Dodge and Roll+1","Deflect","Bouncing Flask","Well Laid Plans+1"],"relics":["Ring of the Snake","NeowsBlessing","Bloody Idol","Mummified Hand","The Specimen","Potion Belt","Prayer Wheel","Tiny House","Ninja Scroll","Membership Card","Cursed Key","Shuriken","Boot","Red Mask"],"potions_floor_usage":[13,19,27,28,28,33,33,35,39,39,50],"damage_taken":[{"damage":0,"enemies":"Jaw Worm","floor":1,"turns":1},{"damage":0,"enemies":"Lagavulin","floor":6,"turns":1},{"damage":0,"enemies":"3 Sentries","floor":8,"turns":1},{"damage":0,"enemies":"Small Slimes","floor":11,"turns":3},{"damage":14,"enemies":"Gremlin Nob","floor":13,"turns":4},{"damage":0,"enemies":"2 Louse","floor":14,"turns":3},{"damage":21,"enemies":"Hexaghost","floor":16,"turns":9},{"damage":5,"enemies":"Chosen","floor":18,"turns":5},{"damage":21,"enemies":"2 Thieves","floor":19,"turns":3},{"damage":0,"enemies":"Sentry and Sphere","floor":27,"turns":4},{"damage":3,"enemies":"Chosen and Byrds","floor":28,"turns":6},{"damage":0,"enemies":"Centurion and Healer","floor":31,"turns":6},{"damage":28,"enemies":"Automaton","floor":33,"turns":10},{"damage":8,"enemies":"3 Shapes","floor":35,"turns":3},{"damage":7,"enemies":"3 Darklings","floor":36,"turns":3},{"damage":0,"enemies":"Writhing Mass","floor":37,"turns":7},{"damage":0,"enemies":"Transient","floor":39,"turns":5},{"damage":6,"enemies":"Reptomancer","floor":40,"turns":6},{"damage":6,"enemies":"3 Darklings","floor":48,"turns":5},{"damage":36,"enemies":"Awakened One","floor":50,"turns":14}],"seed_played":"-1197198644495666204","potions_obtained":[{"floor":1,"key":"Explosive Potion"},{"floor":11,"key":"EssenceOfSteel"},{"floor":14,"key":"FearPotion"},{"floor":16,"key":"SkillPotion"},{"floor":17,"key":"Block Potion"},{"floor":19,"key":"Swift Potion"},{"floor":27,"key":"Block Potion"},{"floor":28,"key":"Fire Potion"},{"floor":31,"key":"SteroidPotion"},{"floor":35,"key":"AttackPotion"},{"floor":36,"key":"Fire Potion"},{"floor":39,"key":"Strength Potion"}],"is_trial":false,"path_per_floor":["M","?","?","?","?","E","R","E","T","R","M","R","E","M","R","B",null,"M","M","$","?","?","R","?","R","T","M","M","R","$","M","R","B",null,"M","M","M","$","M","E","$","?","T","R","?","R","?","M","R","B",null],"character_chosen":"THE_SILENT","items_purchased":["Footwork","Membership Card","Footwork","Deadly Poison","Block Potion","Shuriken","Footwork","Deflect","Energy Potion"],"campfire_rested":1,"item_purchase_floors":[20,30,30,30,30,38,38,41,41],"current_hp_per_floor":[59,59,41,56,56,56,56,56,56,56,56,56,42,42,42,21,55,50,29,29,29,29,48,48,48,48,53,55,55,55,60,60,37,58,55,53,58,58,63,62,62,62,62,62,62,62,62,61,61,25],"gold":13,"neow_bonus":"THREE_ENEMY_KILL","is_prod":false,"is_daily":false,"chose_seed":false,"campfire_upgraded":10,"win_rate":0,"timestamp":1550432293,"path_taken":["M","?","?","?","?","E","R","E","T","R","?","R","E","M","R","BOSS","M","?","$","?","?","R","?","R","T","M","?","R","?","M","R","BOSS","M","M","M","$","?","E","$","?","T","R","?","R","?","M","R","BOSS"],"build_version":"2019-01-23","purchased_purges":1,"victory":true,"max_hp_per_floor":[66,60,60,60,60,60,60,60,60,60,60,60,60,60,60,60,65,65,65,65,65,65,65,65,65,65,65,65,65,65,65,65,65,65,65,65,65,65,65,65,65,62,62,62,62,62,62,62,62,62],"card_choices":[{"not_picked":["Acrobatics","Endless Agony"],"picked":"Terror","floor":1},{"not_picked":["Poisoned Stab","Sucker Punch"],"picked":"Adrenaline","floor":6},{"not_picked":["Tactician","Acrobatics"],"picked":"Quick Slash","floor":8},{"not_picked":["Underhanded Strike","Blur"],"picked":"Caltrops","floor":11},{"not_picked":["Endless Agony","Accuracy"],"picked":"Footwork","floor":13},{"not_picked":["Dagger Throw","Infinite Blades"],"picked":"Glass Knife","floor":14},{"not_picked":["Quick Slash","Reflex"],"picked":"Bouncing Flask","floor":14},{"not_picked":["Adrenaline","Die Die Die"],"picked":"Burst","floor":16},{"not_picked":["Bane","All Out Attack"],"picked":"Noxious Fumes","floor":17},{"not_picked":["Escape Plan","Concentrate"],"picked":"Dagger Spray","floor":18},{"not_picked":["Slice","Blade Dance+1"],"picked":"Flying Knee+1","floor":18},{"not_picked":["Night Terror","Bane+1"],"picked":"PiercingWail","floor":19},{"not_picked":["Prepared","Dagger Throw","Choke+1"],"picked":"SKIP","floor":19},{"not_picked":["Blade Dance","Sucker Punch"],"picked":"Dodge and Roll","floor":27},{"not_picked":["Outmaneuver","Setup","Quick Slash"],"picked":"SKIP","floor":27},{"not_picked":["Sucker Punch","Flechettes"],"picked":"PiercingWail","floor":28},{"not_picked":["Acrobatics","Expertise"],"picked":"Corpse Explosion","floor":28},{"not_picked":["Finisher","Predator"],"picked":"Dodge and Roll","floor":31},{"not_picked":["Cloak And Dagger","Dagger Throw"],"picked":"Escape Plan","floor":31},{"not_picked":["Doppelganger","Phantasmal Killer"],"picked":"Burst","floor":33},{"not_picked":["Blade Dance","Prepared"],"picked":"Dodge and Roll","floor":35},{"not_picked":["Quick Slash","Calculated Gamble","Endless Agony+1"],"picked":"SKIP","floor":35},{"not_picked":["Flying Knee","Prepared"],"picked":"Envenom","floor":36},{"not_picked":["Flying Knee","Finisher","Cloak And Dagger"],"picked":"SKIP","floor":36},{"not_picked":["Flying Knee","Slice"],"picked":"Escape Plan","floor":37},{"not_picked":["Deflect","Poisoned Stab+1"],"picked":"Backflip","floor":37},{"not_picked":["Footwork","Infinite Blades"],"picked":"Deadly Poison","floor":39},{"not_picked":["Sucker Punch","Poisoned Stab"],"picked":"Noxious Fumes","floor":39},{"not_picked":["Heel Hook+1","Underhanded Strike"],"picked":"Dodge and Roll+1","floor":40},{"not_picked":["Quick Slash","Die Die Die"],"picked":"Bouncing Flask","floor":48},{"not_picked":["Cloak And Dagger","Slice"],"picked":"Well Laid Plans+1","floor":48}],"player_experience":512808,"relics_obtained":[{"floor":6,"key":"Mummified Hand"},{"floor":8,"key":"The Specimen"},{"floor":9,"key":"Potion Belt"},{"floor":13,"key":"Prayer Wheel"},{"floor":26,"key":"Ninja Scroll"},{"floor":40,"key":"Boot"}],"event_choices":[{"damage_healed":0,"gold_gain":0,"player_choice":"Lose Max HP","damage_taken":0,"relics_obtained":["Golden Idol"],"max_hp_gain":0,"max_hp_loss":6,"event_name":"Golden Idol","floor":2,"gold_loss":0},{"damage_healed":0,"gold_gain":0,"player_choice":"Entered Light","damage_taken":18,"max_hp_gain":0,"max_hp_loss":0,"event_name":"Shining Light","floor":3,"gold_loss":0,"cards_upgraded":["Defend_G","Strike_G"]},{"damage_healed":15,"gold_gain":0,"player_choice":"Healed","damage_taken":0,"max_hp_gain":0,"max_hp_loss":0,"event_name":"The Cleric","floor":4,"gold_loss":35},{"damage_healed":0,"gold_gain":0,"player_choice":"1 cards matched","damage_taken":0,"max_hp_gain":0,"max_hp_loss":0,"event_name":"Match and Keep!","floor":5,"gold_loss":0,"cards_obtained":["Neutralize"]},{"damage_healed":0,"gold_gain":0,"player_choice":"Simplicity","damage_taken":0,"max_hp_gain":0,"max_hp_loss":0,"event_name":"Back to Basics","floor":21,"gold_loss":0,"cards_upgraded":["Defend_G","Defend_G","Defend_G","Strike_G","Strike_G","Strike_G","Strike_G"]},{"damage_healed":0,"gold_gain":0,"player_choice":"Gave Idol","damage_taken":0,"relics_obtained":["Bloody Idol"],"max_hp_gain":0,"max_hp_loss":0,"event_name":"Forgotten Altar","floor":22,"relics_lost":["Golden Idol"],"gold_loss":0},{"damage_healed":0,"gold_gain":0,"player_choice":"Ignored","damage_taken":0,"max_hp_gain":0,"max_hp_loss":0,"event_name":"Cursed Tome","floor":24,"gold_loss":0},{"damage_healed":0,"gold_gain":0,"player_choice":"Max HP","damage_taken":0,"max_hp_gain":0,"max_hp_loss":3,"event_name":"Winding Halls","floor":42,"gold_loss":0},{"damage_healed":0,"gold_gain":0,"player_choice":"Paid","damage_taken":0,"relics_obtained":["Red Mask"],"max_hp_gain":0,"max_hp_loss":0,"event_name":"Tomb of Lord Red Mask","floor":45,"gold_loss":1},{"cards_removed":["Dagger Spray"],"damage_healed":0,"gold_gain":0,"player_choice":"Removed Attack","damage_taken":0,"max_hp_gain":0,"max_hp_loss":0,"event_name":"Falling","floor":47,"gold_loss":0}],"is_beta":false,"boss_relics":[{"not_picked":["Snecko Eye","Ectoplasm"],"picked":"Tiny House"},{"not_picked":["Sozu","Lizard Tail"],"picked":"Cursed Key"}],"items_purged_floors":[20],"is_endless":false,"potions_floor_spawned":[1,11,14,16,19,27,28,31,35,36,39],"ascension_level":16}