{"gold_per_floor":[18,36,36,53,53,53,87,87,87,103,103,115,115,134,134,134],"floor_reached":16,"playtime":594,"items_purged":[],"score":117,"play_id":"47724172-6156-40f1-ba5f-501209a81543","local_time":"20190224003242","is_ascension_mode":true,"campfire_choices":[{"data":"Bash","floor":6,"key":"SMITH"},{"data":"Cleave","floor":8,"key":"SMITH"},{"data":"Dual Wield","floor":11,"key":"SMITH"},{"data":"Inflame","floor":15,"key":"SMITH"}],"neow_cost":"NO_GOLD","seed_source_timestamp":22634880461045,"circlet_count":0,"master_deck":["Strike_R","Strike_R","Strike_R","Strike_R","Strike_R","Defend_R","Defend_R","Defend_R","Defend_R","Bash+1","Headbutt","Cleave+1","Pommel Strike","Shrug It Off","Dual Wield+1","Clothesline","Inflame+1"],"relics":["Burning Blood","Ginger","Peace Pipe","The Courier"],"potions_floor_usage":[2,7,7,7,16,16,16],"damage_taken":[{"damage":7,"enemies":"2 Louse","floor":1,"turns":3},{"damage":1,"enemies":"Cultist","floor":2,"turns":4},{"damage":7,"enemies":"Jaw Worm","floor":4,"turns":3},{"damage":25,"enemies":"3 Sentries","floor":7,"turns":7},{"damage":3,"enemies":"3 Louse","floor":10,"turns":2},{"damage":3,"enemies":"Blue Slaver","floor":12,"turns":3},{"damage":10,"enemies":"Red Slaver","floor":14,"turns":3},{"damage":74,"enemies":"Hexaghost","floor":16,"turns":12}],"seed_played":"6153825833540649724","potions_obtained":[{"floor":1,"key":"EntropicBrew"},{"floor":2,"key":"SteroidPotion"},{"floor":10,"key":"SkillPotion"},{"floor":12,"key":"GamblersBrew"},{"floor":14,"key":"BloodPotion"}],"is_trial":false,"path_per_floor":["M","M","$","M","?","R","E","R","T","M","R","M","$","M","R","B"],"character_chosen":"IRONCLAD","items_purchased":[],"campfire_rested":0,"item_purchase_floors":[],"current_hp_per_floor":[79,80,80,79,79,79,60,60,60,63,63,66,66,62,62,0],"gold":134,"neow_bonus":"ONE_RARE_RELIC","is_prod":false,"is_daily":false,"chose_seed":false,"campfire_upgraded":4,"win_rate":0,"timestamp":1550989962,"path_taken":["M","M","$","M","?","R","E","R","T","M","R","?","$","M","R","BOSS"],"build_version":"2019-01-23","purchased_purges":0,"victory":false,"max_hp_per_floor":[80,80,80,80,80,80,80,80,80,80,80,80,80,80,80,80],"card_choices":[{"not_picked":["Pummel","Flex"],"picked":"Headbutt","floor":1},{"not_picked":["Flame Barrier","Bloodletting"],"picked":"Cleave","floor":2},{"not_picked":["True Grit","Battle Trance"],"picked":"Pommel Strike","floor":4},{"not_picked":["Dual Wield","Battle Trance"],"picked":"Shrug It Off","floor":7},{"not_picked":["Sever Soul","Fire Breathing"],"picked":"Dual Wield","floor":10},{"not_picked":["Anger","Feel No Pain"],"picked":"Clothesline","floor":12},{"not_picked":["Sever Soul","Blood for Blood"],"picked":"Inflame","floor":14}],"player_experience":320787,"relics_obtained":[{"floor":7,"key":"Peace Pipe"},{"floor":9,"key":"The Courier"}],"event_choices":[{"damage_healed":0,"gold_gain":0,"player_choice":"Got Potions","damage_taken":0,"max_hp_gain":0,"max_hp_loss":0,"event_name":"Lab","floor":5,"gold_loss":0}],"is_beta":false,"boss_relics":[],"items_purged_floors":[],"is_endless":false,"potions_floor_spawned":[1,2,10,12,14],"killed_by":"Hexaghost","ascension_level":3}