{"gold_per_floor":[364,364,81,81,95,95,95,95,95,112,124,143,143,174,174,274,274,290,310,310,329,23,23,41,54,122,122],"floor_reached":27,"playtime":876,"items_purged":["Regret","Strike_R"],"score":215,"play_id":"7888fd04-2427-46ed-b6d8-fb6441ce0f61","local_time":"20190304164218","is_ascension_mode":false,"campfire_choices":[{"data":"Searing Blow+1","floor":6,"key":"SMITH"},{"data":"Searing Blow+2","floor":8,"key":"SMITH"},{"floor":15,"key":"REST"},{"floor":23,"key":"REST"}],"neow_cost":"CURSE","seed_source_timestamp":24747493434203,"circlet_count":0,"master_deck":["Strike_R+1","Defend_R","Defend_R","Defend_R+1","Defend_R","Bash","Searing Blow+3","Seeing Red","Shrug It Off","Headbutt","Double Tap","Flex+1","Reaper+1","Dark Embrace+1","Sever Soul+1"],"relics":["Burning Blood","TheAbacus","Bird Faced Urn","Potion Belt","Astrolabe","Paper Frog","Brimstone"],"potions_floor_usage":[11,16,16,27],"damage_taken":[{"damage":4,"enemies":"2 Louse","floor":1,"turns":3},{"damage":3,"enemies":"Jaw Worm","floor":5,"turns":3},{"damage":0,"enemies":"Cultist","floor":10,"turns":2},{"damage":10,"enemies":"Gremlin Gang","floor":11,"turns":3},{"damage":11,"enemies":"Large Slime","floor":12,"turns":7},{"damage":26,"enemies":"Gremlin Nob","floor":14,"turns":4},{"damage":41,"enemies":"Hexaghost","floor":16,"turns":9},{"damage":14,"enemies":"2 Thieves","floor":18,"turns":3},{"damage":12,"enemies":"Shell Parasite","floor":19,"turns":3},{"damage":56,"enemies":"3 Cultists","floor":21,"turns":9},{"damage":41,"enemies":"Snake Plant","floor":24,"turns":3},{"damage":32,"enemies":"Cultist and Chosen","floor":25,"turns":5},{"damage":18,"enemies":"Chosen and Byrds","floor":27,"turns":4}],"seed_played":"-1997861460806573122","potions_obtained":[{"floor":5,"key":"SpeedPotion"},{"floor":10,"key":"Explosive Potion"},{"floor":11,"key":"Swift Potion"},{"floor":19,"key":"Ancient Potion"},{"floor":25,"key":"PowerPotion"}],"is_trial":false,"path_per_floor":["M","?","$","?","M","R","$","R","T","M","M","M","?","E","R","B",null,"M","M","T","M","$","R","M","M","T","M"],"character_chosen":"IRONCLAD","items_purchased":["TheAbacus","Brimstone"],"campfire_rested":2,"item_purchase_floors":[3,22],"current_hp_per_floor":[80,64,64,64,67,67,67,67,67,73,69,64,64,44,68,33,80,72,66,66,16,16,40,12,10,10,0],"gold":122,"neow_bonus":"TWO_FIFTY_GOLD","is_prod":false,"is_daily":false,"chose_seed":false,"campfire_upgraded":2,"win_rate":0,"timestamp":1551739338,"path_taken":["M","?","$","?","M","R","$","R","T","?","?","M","?","E","R","BOSS","M","M","?","M","?","R","M","M","T","M"],"build_version":"2019-01-23","purchased_purges":2,"victory":false,"max_hp_per_floor":[80,80,80,80,80,80,80,80,80,80,80,80,80,80,80,80,80,80,80,80,80,80,80,80,80,80,80],"card_choices":[{"not_picked":["Thunderclap","Body Slam"],"picked":"Searing Blow","floor":1},{"not_picked":["Wild Strike","Blood for Blood","Feel No Pain"],"picked":"SKIP","floor":5},{"not_picked":["True Grit","Headbutt"],"picked":"Seeing Red","floor":10},{"not_picked":["Battle Trance","Wild Strike"],"picked":"Shrug It Off","floor":11},{"not_picked":["Sword Boomerang","Second Wind","Thunderclap"],"picked":"SKIP","floor":12},{"not_picked":["Bludgeon","Heavy Blade"],"picked":"Headbutt","floor":14},{"not_picked":["Reaper","Bludgeon"],"picked":"Double Tap","floor":16},{"not_picked":["Warcry","Bloodletting+1","Intimidate"],"picked":"SKIP","floor":18},{"not_picked":["Pummel","Havoc","Pommel Strike"],"picked":"SKIP","floor":19},{"not_picked":["Warcry","Armaments"],"picked":"Sever Soul+1","floor":21},{"not_picked":["Headbutt","Blood for Blood+1","Seeing Red"],"picked":"SKIP","floor":24},{"not_picked":["Headbutt+1","Bloodletting","Havoc"],"picked":"SKIP","floor":25}],"player_experience":519559,"relics_obtained":[{"floor":9,"key":"Bird Faced Urn"},{"floor":14,"key":"Potion Belt"},{"floor":20,"key":"Paper Frog"}],"event_choices":[{"damage_healed":0,"gold_gain":0,"player_choice":"Entered Light","damage_taken":16,"max_hp_gain":0,"max_hp_loss":0,"event_name":"Shining Light","floor":2,"gold_loss":0,"cards_upgraded":["Strike_R","Defend_R"]},{"damage_healed":0,"gold_gain":0,"player_choice":"Forge","damage_taken":0,"max_hp_gain":0,"max_hp_loss":0,"event_name":"Accursed Blacksmith","floor":4,"gold_loss":0,"cards_upgraded":["Searing Blow"]},{"damage_healed":0,"gold_gain":0,"player_choice":"Ignored","damage_taken":0,"max_hp_gain":0,"max_hp_loss":0,"event_name":"NoteForYourself","floor":13,"gold_loss":0}],"is_beta":false,"boss_relics":[{"not_picked":["White Beast Statue","Ectoplasm"],"picked":"Astrolabe"}],"items_purged_floors":[3,22],"is_endless":false,"potions_floor_spawned":[5,10,11,19,25],"killed_by":"Chosen and Byrds","ascension_level":0}