{"gold_per_floor":[110,127,127,140,90,119,119,150,150,130,130,164,178,194,194,290,290,300,312,312,16,33,67,83,83],"floor_reached":25,"playtime":1243,"items_purged":[],"score":308,"play_id":"a54502e9-c7ed-4702-b21b-a8ea06592696","local_time":"20180802013719","is_ascension_mode":true,"campfire_choices":[{"data":"Demon Form","floor":7,"key":"SMITH"},{"data":"Metallicize","floor":11,"key":"SMITH"},{"data":"Flame Barrier","floor":15,"key":"SMITH"}],"neow_cost":"","seed_source_timestamp":18421869468823,"circlet_count":0,"master_deck":["Strike_R","Strike_R","Defend_R","Defend_R","Defend_R","Defend_R","Bash","Uppercut+1","Flame Barrier+1","Demon Form+1","Metallicize+1","Seeing Red","Ghostly Armor","Limit Break","Iron Wave","Writhe","Heavy Blade+1","Disarm"],"relics":["Burning Blood","Ancient Tea Set","Meat on the Bone","Orichalcum","Singing Bowl","Empty Cage","StoneCalendar","Ice Cream","Dead Branch"],"potions_floor_usage":[6,16,16,16,16,16,25,25],"damage_taken":[{"damage":3,"enemies":"Jaw Worm","floor":1,"turns":6},{"damage":2,"enemies":"2 Louse","floor":2,"turns":3},{"damage":0,"enemies":"Small Slimes","floor":4,"turns":2},{"damage":41,"enemies":"Lagavulin","floor":6,"turns":9},{"damage":9,"enemies":"Gremlin Nob","floor":8,"turns":4},{"damage":10,"enemies":"Lagavulin","floor":12,"turns":6},{"damage":8,"enemies":"Red Slaver","floor":13,"turns":5},{"damage":4,"enemies":"Exordium Wildlife","floor":14,"turns":4},{"damage":27,"enemies":"The Guardian","floor":16,"turns":12},{"damage":19,"enemies":"Spheric Guardian","floor":18,"turns":6},{"damage":0,"enemies":"Shell Parasite","floor":19,"turns":16},{"damage":30,"enemies":"Snake Plant","floor":22,"turns":6},{"damage":23,"enemies":"Book of Stabbing","floor":23,"turns":6},{"damage":32,"enemies":"Sentry and Sphere","floor":24,"turns":7},{"damage":39,"enemies":"Gremlin Leader","floor":25,"turns":2}],"seed_played":"409501488641368967","potions_obtained":[{"floor":4,"key":"Weak Potion"},{"floor":6,"key":"PowerPotion"},{"floor":10,"key":"EntropicBrew"},{"floor":12,"key":"Poison Potion"},{"floor":23,"key":"Explosive Potion"}],"is_trial":false,"path_per_floor":["M","M","?","M","?","E","R","E","T","?","R","E","M","M","R","B",null,"M","M","?","$","M","E","M"],"character_chosen":"IRONCLAD","items_purchased":["Ice Cream"],"campfire_rested":0,"item_purchase_floors":[21],"current_hp_per_floor":[80,80,80,80,80,45,45,42,42,42,42,50,50,52,52,43,82,71,77,77,77,53,48,36,0],"gold":83,"neow_bonus":"","is_prod":false,"is_daily":false,"chose_seed":false,"campfire_upgraded":3,"win_rate":0,"timestamp":1533166639,"path_taken":["M","M","?","M","?","E","R","E","T","?","R","E","M","?","R","BOSS","M","M","?","$","M","E","M","E"],"build_version":"2018-07-26","purchased_purges":0,"victory":false,"max_hp_per_floor":[80,80,80,80,80,80,80,80,80,80,80,80,82,82,82,82,82,84,84,84,84,84,84,86,86],"card_choices":[{"not_picked":["Twin Strike","Corruption","Cleave"],"picked":"SKIP","floor":1},{"not_picked":["Twin Strike","Flex"],"picked":"Uppercut","floor":2},{"not_picked":["Bludgeon","Entrench"],"picked":"Flame Barrier","floor":4},{"not_picked":["Ghostly Armor","Sever Soul"],"picked":"Demon Form","floor":6},{"not_picked":["Twin Strike","Shrug It Off"],"picked":"Metallicize","floor":8},{"not_picked":["Flex","Shrug It Off"],"picked":"Seeing Red","floor":12},{"not_picked":["Havoc","Wild Strike","Pommel Strike"],"picked":"Singing Bowl","floor":13},{"not_picked":["Shrug It Off","Heavy Blade"],"picked":"Ghostly Armor","floor":14},{"not_picked":["Exhume","Reaper"],"picked":"Limit Break","floor":16},{"not_picked":["Heavy Blade","Anger","Sword Boomerang+1"],"picked":"Singing Bowl","floor":18},{"not_picked":["Wild Strike","Flex"],"picked":"Iron Wave","floor":19},{"not_picked":["Entrench","Wild Strike"],"picked":"Heavy Blade+1","floor":22},{"not_picked":["Dark Embrace","Flex"],"picked":"Disarm","floor":23},{"not_picked":["Sword Boomerang","Flex+1","Twin Strike"],"picked":"Singing Bowl","floor":24}],"player_experience":457309,"relics_obtained":[{"floor":6,"key":"Ancient Tea Set"},{"floor":8,"key":"Meat on the Bone"},{"floor":9,"key":"Orichalcum"},{"floor":12,"key":"Singing Bowl"},{"floor":23,"key":"Dead Branch"}],"event_choices":[{"event_name":"Living Wall","player_choice":"Grow","floor":3,"damage_taken":0},{"event_name":"The Cleric","player_choice":"Card Removal","floor":5,"damage_taken":0},{"event_name":"The Woman in Blue","player_choice":"Bought 1 Potion","floor":10,"damage_taken":0},{"event_name":"The Mausoleum","player_choice":"Yes","floor":20,"damage_taken":0}],"is_beta":false,"boss_relics":[{"not_picked":["Pandora\u0027s Box","Runic Dome"],"picked":"Empty Cage"}],"items_purged_floors":[],"is_endless":false,"potions_floor_spawned":[4,6,12,14,23],"killed_by":"Gremlin Leader","ascension_level":3}