{"gold_per_floor":[11,30,40,140,151,151,165,178,178,194,194,209,209,209,209,310,310,327,267,267],"floor_reached":20,"playtime":849,"items_purged":[],"score":168,"play_id":"44e65a19-c48c-4d44-9123-6a8e4059699d","local_time":"20190217152501","is_ascension_mode":false,"campfire_choices":[{"data":"Buffer","floor":6,"key":"SMITH"},{"floor":11,"key":"REST"},{"data":"Genetic Algorithm","floor":13,"key":"SMITH"},{"floor":15,"key":"REST"}],"neow_cost":"NO_GOLD","seed_source_timestamp":15062100823924,"circlet_count":0,"master_deck":["Strike_B","Defend_B","Defend_B","Defend_B","Defend_B","Zap","Dualcast","Reboot","Gash","Ball Lightning","Buffer+1","Hologram","Genetic Algorithm+1","Gash","Conserve Battery","Self Repair","Seek","Stack+1","Defragment"],"relics":["Cracked Core","Question Card","Empty Cage"],"potions_floor_usage":[16,16,18],"damage_taken":[{"damage":2,"enemies":"2 Louse","floor":1,"turns":3},{"damage":0,"enemies":"Cultist","floor":2,"turns":3},{"damage":0,"enemies":"Small Slimes","floor":3,"turns":3},{"damage":5,"enemies":"Looter","floor":5,"turns":3},{"damage":9,"enemies":"2 Fungi Beasts","floor":7,"turns":4},{"damage":5,"enemies":"3 Louse","floor":8,"turns":5},{"damage":9,"enemies":"Exordium Wildlife","floor":10,"turns":4},{"damage":0,"enemies":"2 Fungi Beasts","floor":12,"turns":2},{"damage":55,"enemies":"Hexaghost","floor":16,"turns":11},{"damage":27,"enemies":"3 Byrds","floor":18,"turns":6},{"damage":0,"enemies":"2 Thieves","floor":19,"turns":4},{"damage":64,"enemies":"Cultist and Chosen","floor":20,"turns":6}],"seed_played":"-7824134237799317809","potions_obtained":[{"floor":2,"key":"Strength Potion"},{"floor":3,"key":"Strength Potion"},{"floor":8,"key":"Fire Potion"},{"floor":10,"key":"PowerPotion"},{"floor":18,"key":"Ancient Potion"}],"is_trial":false,"path_per_floor":["M","M","M","?","M","R","M","M","T","M","R","M","R","?","R","B",null,"M","M","M"],"character_chosen":"DEFECT","items_purchased":[],"campfire_rested":2,"item_purchase_floors":[],"current_hp_per_floor":[73,73,73,73,68,68,59,54,54,45,67,67,67,60,75,27,75,55,62,0],"gold":267,"neow_bonus":"THREE_RARE_CARDS","is_prod":false,"is_daily":false,"chose_seed":false,"campfire_upgraded":2,"win_rate":0,"timestamp":1550438701,"path_taken":["M","M","M","?","M","R","M","M","T","M","R","?","R","?","R","BOSS","M","M","M"],"build_version":"2019-01-23","purchased_purges":0,"victory":false,"max_hp_per_floor":[75,75,75,75,75,75,75,75,75,75,75,75,75,75,75,75,75,75,75,75],"card_choices":[{"not_picked":["Biased Cognition","Rainbow"],"picked":"Reboot","floor":0},{"not_picked":["Steam","White Noise"],"picked":"Gash","floor":1},{"not_picked":["Auto Shields","Force Field"],"picked":"Ball Lightning","floor":2},{"not_picked":["Conserve Battery","Double Energy"],"picked":"Buffer","floor":3},{"not_picked":["Streamline","Coolheaded"],"picked":"Hologram","floor":5},{"not_picked":["Beam Cell","Cold Snap"],"picked":"Genetic Algorithm","floor":7},{"not_picked":["Fusion","Coolheaded"],"picked":"Gash","floor":8},{"not_picked":["Beam Cell","Skim","Stack"],"picked":"Conserve Battery","floor":10},{"not_picked":["Meteor Strike","Skim","Undo"],"picked":"Self Repair","floor":12},{"not_picked":["Hyperbeam","Rainbow","Core Surge"],"picked":"Seek","floor":16},{"not_picked":["Leap","Conserve Battery","Coolheaded+1"],"picked":"Stack+1","floor":18},{"not_picked":["Leap","Sweeping Beam","Conserve Battery"],"picked":"Defragment","floor":19}],"player_experience":181648,"relics_obtained":[{"floor":9,"key":"Question Card"}],"event_choices":[{"damage_healed":0,"gold_gain":100,"player_choice":"Pray","damage_taken":0,"max_hp_gain":0,"max_hp_loss":0,"event_name":"Golden Shrine","floor":4,"gold_loss":0},{"cards_removed":["Strike_B"],"damage_healed":0,"gold_gain":0,"player_choice":"Card Removal","damage_taken":7,"max_hp_gain":0,"max_hp_loss":0,"event_name":"Golden Wing","floor":14,"gold_loss":0}],"is_beta":false,"boss_relics":[{"not_picked":["Ectoplasm","Snecko Eye"],"picked":"Empty Cage"}],"items_purged_floors":[],"is_endless":false,"potions_floor_spawned":[2,3,8,10,18],"killed_by":"Cultist and Chosen","ascension_level":0}