{"gold_per_floor":[117,117,6,6,6,6,37,37,62,23,40,67,67,92,92,194,194,205,174,174,174,193,193,204,204,250,270,270,285,298,30,30,132,132,146,160,170,245,44,44],"floor_reached":40,"playtime":2398,"items_purged":["Strike_G+1"],"score":545,"play_id":"41e33fa7-4f62-436b-8c93-1ed25b069e45","local_time":"20190105202855","is_ascension_mode":true,"campfire_choices":[{"data":"Footwork","floor":6,"key":"SMITH"},{"data":"Neutralize","floor":8,"key":"SMITH"},{"data":"Caltrops","floor":13,"key":"SMITH"},{"data":"Unload","floor":15,"key":"SMITH"},{"data":"Envenom","floor":23,"key":"SMITH"},{"floor":25,"key":"REST"},{"floor":28,"key":"REST"},{"data":"Well Laid Plans","floor":32,"key":"SMITH"}],"neow_cost":"PERCENT_DAMAGE","seed_source_timestamp":114721475388985,"circlet_count":0,"master_deck":["Defend_G+1","Defend_G+1","Defend_G+1","Defend_G+1","Defend_G+1","Strike_G+1","Strike_G+1","Strike_G+1","Strike_G+1","Survivor+1","Neutralize+1","Unload+1","Footwork+1","Footwork+1","All Out Attack","Backflip","Caltrops+1","Envenom+1","Underhanded Strike","Underhanded Strike+1","Well Laid Plans+1","Adrenaline","Underhanded Strike","Eviscerate+1"],"relics":["Ring of the Serpent","Blood Vial","War Paint","Snake Skull","Lantern","Vajra","Bronze Scales","OrangePellets","HoveringKite","TwistedFunnel"],"potions_floor_usage":[19,19,33,37,40],"damage_taken":[{"damage":0,"enemies":"Jaw Worm","floor":1,"turns":4},{"damage":10,"enemies":"3 Sentries","floor":7,"turns":12},{"damage":0,"enemies":"Small Slimes","floor":11,"turns":3},{"damage":0,"enemies":"Lagavulin","floor":14,"turns":10},{"damage":8,"enemies":"The Guardian","floor":16,"turns":13},{"damage":5,"enemies":"Shell Parasite","floor":18,"turns":6},{"damage":9,"enemies":"2 Thieves","floor":19,"turns":5},{"damage":0,"enemies":"Cultist and Chosen","floor":22,"turns":6},{"damage":7,"enemies":"Shelled Parasite and Fungi","floor":24,"turns":6},{"damage":7,"enemies":"Centurion and Healer","floor":27,"turns":6},{"damage":8,"enemies":"Snake Plant","floor":29,"turns":4},{"damage":10,"enemies":"Shelled Parasite and Fungi","floor":30,"turns":4},{"damage":23,"enemies":"Automaton","floor":33,"turns":11},{"damage":17,"enemies":"3 Shapes","floor":35,"turns":4},{"damage":14,"enemies":"3 Darklings","floor":36,"turns":8},{"damage":20,"enemies":"Maw","floor":37,"turns":8},{"damage":18,"enemies":"Transient","floor":40,"turns":3}],"seed_played":"8439842443273283359","potions_obtained":[{"floor":7,"key":"Swift Potion"},{"floor":11,"key":"LiquidBronze"},{"floor":14,"key":"SteroidPotion"},{"floor":22,"key":"Fire Potion"},{"floor":24,"key":"Weak Potion"},{"floor":37,"key":"Dexterity Potion"}],"is_trial":false,"path_per_floor":["M","?","$","?","?","R","E","R","T","$","M","T","R","E","R","B",null,"M","M","?","?","M","R","M","R","T","M","R","M","M","$","R","B",null,"M","M","M","?","$","M"],"character_chosen":"THE_SILENT","items_purchased":["Footwork","All Out Attack","Caltrops","OrangePellets","TwistedFunnel"],"campfire_rested":2,"item_purchase_floors":[3,3,10,31,39],"current_hp_per_floor":[45,45,45,27,50,50,42,42,42,42,44,44,44,46,46,40,63,60,53,40,40,42,42,37,59,59,54,75,67,59,59,59,38,66,51,39,21,14,14,0],"gold":44,"neow_bonus":"THREE_RARE_CARDS","is_prod":false,"is_daily":false,"chose_seed":false,"campfire_upgraded":6,"win_rate":0,"timestamp":1546738135,"path_taken":["M","?","$","?","?","R","E","R","T","?","M","?","R","E","R","BOSS","M","?","?","?","M","R","M","R","T","M","R","M","M","$","R","BOSS","M","M","M","?","$","?"],"build_version":"2019-01-03v4","purchased_purges":1,"victory":false,"max_hp_per_floor":[70,70,70,70,70,70,70,70,70,70,70,70,70,70,70,70,70,70,70,75,75,75,75,75,75,75,75,75,75,75,75,75,75,75,75,75,75,75,75,75],"card_choices":[{"not_picked":["After Image","Bullet Time"],"picked":"Unload","floor":0},{"not_picked":["Prepared","Sucker Punch"],"picked":"Footwork","floor":1},{"not_picked":["Accuracy","Catalyst"],"picked":"Backflip","floor":7},{"not_picked":["Prepared","Deadly Poison","Acrobatics"],"picked":"SKIP","floor":11},{"not_picked":["Expertise","Dagger Spray","Backflip"],"picked":"SKIP","floor":14},{"not_picked":["Corpse Explosion","Storm of Steel"],"picked":"Envenom","floor":16},{"not_picked":["Outmaneuver","Flying Knee"],"picked":"Underhanded Strike","floor":18},{"not_picked":["Eviscerate","Deadly Poison","Dagger Spray"],"picked":"SKIP","floor":19},{"not_picked":["Endless Agony","Sucker Punch+1","Quick Slash"],"picked":"SKIP","floor":22},{"not_picked":["Slice","Terror"],"picked":"Underhanded Strike+1","floor":24},{"not_picked":["Bane","Grand Finale","Backflip"],"picked":"SKIP","floor":27},{"not_picked":["Underhanded Strike+1","All Out Attack","PiercingWail"],"picked":"SKIP","floor":29},{"not_picked":["Crippling Poison","Dagger Spray+1"],"picked":"Well Laid Plans","floor":30},{"not_picked":["After Image","Storm of Steel"],"picked":"Adrenaline","floor":33},{"not_picked":["Distraction","Outmaneuver+1","PiercingWail"],"picked":"SKIP","floor":35},{"not_picked":["Choke","Outmaneuver+1"],"picked":"Underhanded Strike","floor":36},{"not_picked":["Masterful Stab+1","Blade Dance"],"picked":"Eviscerate+1","floor":37}],"player_experience":454123,"relics_obtained":[{"floor":7,"key":"War Paint"},{"floor":9,"key":"Snake Skull"},{"floor":12,"key":"Lantern"},{"floor":14,"key":"Vajra"},{"floor":26,"key":"Bronze Scales"}],"event_choices":[{"damage_healed":0,"gold_gain":0,"player_choice":"Grow","damage_taken":0,"max_hp_gain":0,"max_hp_loss":0,"event_name":"Living Wall","floor":2,"gold_loss":0,"cards_upgraded":["Footwork"]},{"damage_healed":0,"gold_gain":0,"player_choice":"Success","damage_taken":18,"relics_obtained":["Blood Vial"],"max_hp_gain":0,"max_hp_loss":0,"event_name":"Scrap Ooze","floor":4,"gold_loss":0},{"damage_healed":23,"gold_gain":0,"player_choice":"Banana","damage_taken":0,"max_hp_gain":0,"max_hp_loss":0,"event_name":"Big Fish","floor":5,"gold_loss":0},{"damage_healed":0,"gold_gain":0,"player_choice":"Shed Blood","damage_taken":18,"max_hp_gain":5,"max_hp_loss":0,"event_name":"Forgotten Altar","floor":20,"gold_loss":0},{"damage_healed":0,"gold_gain":0,"player_choice":"Simplicity","damage_taken":0,"max_hp_gain":0,"max_hp_loss":0,"event_name":"Back to Basics","floor":21,"gold_loss":0,"cards_upgraded":["Defend_G","Defend_G","Defend_G","Defend_G","Strike_G","Strike_G","Strike_G","Strike_G","Strike_G"]},{"damage_healed":0,"gold_gain":75,"player_choice":"Touch","damage_taken":7,"max_hp_gain":0,"max_hp_loss":0,"event_name":"FaceTrader","floor":38,"gold_loss":0}],"is_beta":true,"boss_relics":[{"not_picked":["Calling Bell","Lizard Tail"],"picked":"Ring of the Serpent"},{"not_picked":["Runic Dome","Pandora\u0027s Box"],"picked":"HoveringKite"}],"items_purged_floors":[31],"is_endless":false,"potions_floor_spawned":[7,11,14,22,24,29,37],"killed_by":"Transient","ascension_level":6}