{"gold_per_floor":[113,133,133,84,99,99,120,140,140,140,151,168,200,220,220,316,316,334,249,7,25,43,43,43,57,57,57,156,156,79,79,79,178,178,193,209,16,116,192,192,192,192,217,247,261,261,5,18,18,18],"floor_reached":50,"playtime":3224,"items_purged":[],"score":470,"play_id":"c80b3a85-c360-44ba-9c61-f45d559e4546","local_time":"20190211020042","is_ascension_mode":false,"campfire_choices":[{"data":"Terror","floor":6,"key":"SMITH"},{"floor":15,"key":"REST"},{"data":"Noxious Fumes","floor":23,"key":"SMITH"},{"floor":27,"key":"REST"},{"data":"Infinite Blades","floor":32,"key":"SMITH"},{"floor":40,"key":"REST"},{"floor":42,"key":"REST"},{"floor":46,"key":"REST"},{"floor":49,"key":"REST"}],"neow_cost":"NONE","seed_source_timestamp":55572727470684,"circlet_count":0,"master_deck":["Defend_G+1","Defend_G+1","Defend_G+1","Defend_G+1","Strike_G+1","Strike_G+1","Strike_G+1","Strike_G+1","Survivor","Neutralize","Sucker Punch","Terror+1","Bouncing Flask","Outmaneuver","Noxious Fumes+1","Deadly Poison","Doppelganger","Bane","Unload","Catalyst+1","Backflip+1","Slice","Bouncing Flask","Infinite Blades+1","Bullet Time","Dodge and Roll+1","PiercingWail","Skewer","Footwork+1","Flechettes","A Thousand Cuts+1","Backflip"],"relics":["Empty Cage","Odd Mushroom","Oddly Smooth Stone","Ninja Scroll","WristBlade","Smiling Mask","Letter Opener","The Specimen","White Beast Statue","Potion Belt","FossilizedHelix","Frozen Egg 2","Lantern","Pocketwatch","Toy Ornithopter"],"potions_floor_usage":[13,33,38,44,44,45,50,50,50],"damage_taken":[{"damage":0,"enemies":"2 Louse","floor":1,"turns":5},{"damage":3,"enemies":"Small Slimes","floor":2,"turns":5},{"damage":8,"enemies":"Jaw Worm","floor":5,"turns":3},{"damage":16,"enemies":"The Mushroom Lair","floor":7,"turns":5},{"damage":4,"enemies":"3 Louse","floor":8,"turns":6},{"damage":3,"enemies":"Blue Slaver","floor":11,"turns":3},{"damage":3,"enemies":"2 Fungi Beasts","floor":12,"turns":4},{"damage":6,"enemies":"Lagavulin","floor":13,"turns":5},{"damage":1,"enemies":"Looter","floor":14,"turns":3},{"damage":23,"enemies":"The Guardian","floor":16,"turns":9},{"damage":4,"enemies":"Chosen","floor":18,"turns":5},{"damage":6,"enemies":"Shell Parasite","floor":21,"turns":3},{"damage":0,"enemies":"Snecko","floor":22,"turns":4},{"damage":15,"enemies":"Snake Plant","floor":25,"turns":3},{"damage":35,"enemies":"Collector","floor":33,"turns":6},{"damage":52,"enemies":"3 Darklings","floor":35,"turns":5},{"damage":8,"enemies":"Orb Walker","floor":36,"turns":3},{"damage":9,"enemies":"Mind Bloom Boss Battle","floor":38,"turns":7},{"damage":21,"enemies":"Giant Head","floor":44,"turns":7},{"damage":5,"enemies":"Transient","floor":45,"turns":5},{"damage":0,"enemies":"Maw","floor":48,"turns":5},{"damage":97,"enemies":"Time Eater","floor":50,"turns":6}],"seed_played":"8894947244175828995","potions_obtained":[{"floor":1,"key":"FairyPotion"},{"floor":8,"key":"SpeedPotion"},{"floor":11,"key":"Swift Potion"},{"floor":21,"key":"Poison Potion"},{"floor":35,"key":"SteroidPotion"},{"floor":36,"key":"Block Potion"},{"floor":38,"key":"Ancient Potion"},{"floor":44,"key":"Weak Potion"},{"floor":45,"key":"SteroidPotion"},{"floor":48,"key":"LiquidBronze"}],"is_trial":false,"path_per_floor":["M","M","?","?","M","R","?","M","T","?","M","M","E","M","R","B",null,"M","?","$","M","M","R","?","M","T","R","?","$","$","?","R","B",null,"M","M","$","?","T","R","?","R","T","E","M","R","$","M","R","B"],"character_chosen":"THE_SILENT","items_purchased":["Letter Opener","Infinite Blades","Potion Belt","Skewer","Toy Ornithopter","Fire Potion"],"campfire_rested":6,"item_purchase_floors":[20,30,37,37,47,47],"current_hp_per_floor":[70,67,67,67,59,59,43,39,39,62,59,56,50,49,70,47,70,66,66,66,60,60,60,60,45,45,66,66,66,66,70,70,35,70,18,10,10,1,1,22,22,43,43,22,17,38,38,38,59,0],"gold":18,"neow_bonus":"BOSS_RELIC","is_prod":false,"is_daily":false,"chose_seed":false,"campfire_upgraded":3,"win_rate":0.0,"timestamp":1549872042,"path_taken":["M","M","?","?","M","R","?","M","T","?","M","M","E","M","R","BOSS","M","?","$","M","M","R","?","M","T","R","?","?","$","?","R","BOSS","M","M","$","?","?","R","?","R","T","E","M","R","?","M","R","BOSS"],"build_version":"2019-01-23","purchased_purges":0,"victory":false,"max_hp_per_floor":[70,70,70,70,70,70,70,70,70,70,70,70,70,70,70,70,70,70,70,70,70,70,70,70,70,70,70,70,70,70,70,70,70,70,70,70,70,70,70,70,70,70,70,70,70,70,70,70,70,70],"card_choices":[{"not_picked":["Caltrops","Expertise"],"picked":"Sucker Punch","floor":1},{"not_picked":["Distraction","Backstab"],"picked":"Terror","floor":2},{"not_picked":["Deflect","Expertise"],"picked":"Slice","floor":5},{"not_picked":["Catalyst","Endless Agony"],"picked":"Bouncing Flask","floor":7},{"not_picked":["Prepared","Eviscerate"],"picked":"Outmaneuver","floor":8},{"not_picked":["Distraction","PiercingWail"],"picked":"Noxious Fumes","floor":11},{"not_picked":["Dagger Throw","Choke"],"picked":"Deadly Poison","floor":12},{"not_picked":["PiercingWail","Endless Agony"],"picked":"Doppelganger","floor":13},{"not_picked":["Poisoned Stab","Quick Slash"],"picked":"Bane","floor":14},{"not_picked":["A Thousand Cuts","Tools of the Trade"],"picked":"Unload","floor":16},{"not_picked":["Bouncing Flask+1","Dagger Spray"],"picked":"Catalyst+1","floor":18},{"not_picked":["Flechettes+1","Riddle With Holes"],"picked":"Backflip+1","floor":21},{"not_picked":["Outmaneuver","Caltrops+1"],"picked":"Slice","floor":22},{"not_picked":["Terror+1","Prepared"],"picked":"Bouncing Flask","floor":25},{"not_picked":["Doppelganger","Unload"],"picked":"Bullet Time","floor":33},{"not_picked":["Deadly Poison+1","Riddle With Holes+1"],"picked":"Dodge and Roll+1","floor":35},{"not_picked":["All Out Attack","Flying Knee"],"picked":"PiercingWail","floor":36},{"not_picked":["Sucker Punch","Underhanded Strike"],"picked":"Footwork+1","floor":38},{"not_picked":["Flying Knee+1","Blur"],"picked":"Flechettes","floor":44},{"not_picked":["Well Laid Plans+1","Flechettes+1"],"picked":"A Thousand Cuts+1","floor":45},{"not_picked":["PiercingWail","Expertise"],"picked":"Backflip","floor":48}],"player_experience":42741,"relics_obtained":[{"floor":7,"key":"Odd Mushroom"},{"floor":9,"key":"Oddly Smooth Stone"},{"floor":13,"key":"Ninja Scroll"},{"floor":26,"key":"The Specimen"},{"floor":38,"key":"FossilizedHelix"},{"floor":39,"key":"Frozen Egg 2"},{"floor":43,"key":"Lantern"},{"floor":44,"key":"Pocketwatch"}],"event_choices":[{"damage_healed":0,"gold_gain":0,"player_choice":"Ignored","damage_taken":0,"max_hp_gain":0,"max_hp_loss":0,"event_name":"Golden Wing","floor":3,"gold_loss":0},{"damage_healed":0,"gold_gain":0,"player_choice":"Left Gold","damage_taken":0,"max_hp_gain":0,"max_hp_loss":0,"event_name":"World of Goop","floor":4,"gold_loss":49},{"damage_healed":0,"gold_gain":0,"player_choice":"Fought Mushrooms","damage_taken":0,"max_hp_gain":0,"max_hp_loss":0,"event_name":"Mushrooms","floor":7,"gold_loss":0},{"damage_healed":23,"gold_gain":0,"player_choice":"Banana","damage_taken":0,"max_hp_gain":0,"max_hp_loss":0,"event_name":"Big Fish","floor":10,"gold_loss":0},{"damage_healed":0,"gold_gain":0,"player_choice":"Obtained Relic","damage_taken":0,"relics_obtained":["Smiling Mask"],"max_hp_gain":0,"max_hp_loss":0,"event_name":"Addict","floor":19,"gold_loss":85},{"damage_healed":0,"gold_gain":0,"player_choice":"Simplicity","damage_taken":0,"max_hp_gain":0,"max_hp_loss":0,"event_name":"Back to Basics","floor":24,"gold_loss":0,"cards_upgraded":["Defend_G","Defend_G","Defend_G","Defend_G","Strike_G","Strike_G","Strike_G","Strike_G"]},{"damage_healed":0,"gold_gain":99,"player_choice":"Stole From Cult","damage_taken":0,"max_hp_gain":0,"max_hp_loss":0,"event_name":"Nest","floor":28,"gold_loss":0},{"damage_healed":23,"gold_gain":0,"player_choice":"Heal","damage_taken":0,"max_hp_gain":0,"max_hp_loss":0,"event_name":"The Library","floor":31,"gold_loss":0},{"damage_healed":0,"gold_gain":0,"player_choice":"Fight","damage_taken":0,"max_hp_gain":0,"max_hp_loss":0,"event_name":"MindBloom","floor":38,"gold_loss":0},{"cards_removed":["Slice"],"damage_healed":0,"gold_gain":0,"player_choice":"Removed Attack","damage_taken":0,"max_hp_gain":0,"max_hp_loss":0,"event_name":"Falling","floor":41,"gold_loss":0}],"is_beta":false,"boss_relics":[{"not_picked":["Orrery","Runic Pyramid"],"picked":"WristBlade"},{"not_picked":["Fusion Hammer","Calling Bell"],"picked":"White Beast Statue"}],"items_purged_floors":[],"is_endless":false,"potions_floor_spawned":[1,8,11,21,25,35,36,38,44,45,48],"killed_by":"Time Eater","ascension_level":0}