{"gold_per_floor":[116,128,139,153,153,153,183,183,183,212,228,256,256,266,266,368,368,383,383,394,32,52,52,52,70,70,86,99,99,72,86,86,186,186,206,306,0,12,24,24,24,24,24,38,38,50,50,50,50,50,50,50,50,84,84],"floor_reached":55,"playtime":2149,"items_purged":["Strike_B"],"score":716,"play_id":"96bfedff-38cf-4a5f-bae3-74d7b3ab93a1","local_time":"20190305161624","is_ascension_mode":false,"campfire_choices":[{"data":"Sunder","floor":6,"key":"SMITH"},{"data":"Sweeping Beam","floor":8,"key":"SMITH"},{"floor":13,"key":"REST"},{"floor":15,"key":"REST"},{"floor":23,"key":"REST"},{"floor":29,"key":"REST"},{"floor":32,"key":"REST"},{"floor":40,"key":"REST"},{"floor":42,"key":"REST"},{"floor":45,"key":"RECALL"},{"floor":49,"key":"REST"},{"floor":52,"key":"REST"}],"neow_cost":"NONE","seed_source_timestamp":22871568678483,"circlet_count":0,"master_deck":["Strike_B+1","Strike_B","Strike_B+1","Defend_B","Defend_B","Defend_B","Defend_B","Zap","Dualcast","Sunder+1","Sweeping Beam+1","Stack","Barrage","Glacier","Ball Lightning","Static Discharge","Thunder Strike","Defragment","Leap","All For One","Gash","Gash","Beam Cell","FTL+1","White Noise","Redo+1","Leap","FTL+1","Stack","Electrodynamics","Go for the Eyes+1","BootSequence+1","Aggregate+1","Tempest+1","Lockon+1","Turbo+1"],"relics":["Cracked Core","Whetstone","Boot","Sundial","Letter Opener","Orrery","Unceasing Top","Mango","Symbiotic Virus","Fusion Hammer","Ginger","Mercury Hourglass","Darkstone Periapt","Dead Branch"],"potions_floor_usage":[4,4,7,7,16,16,16,31,33,33,50,50,55],"damage_taken":[{"damage":0,"enemies":"Cultist","floor":1,"turns":2},{"damage":0,"enemies":"Small Slimes","floor":2,"turns":3},{"damage":3,"enemies":"Jaw Worm","floor":3,"turns":3},{"damage":6,"enemies":"Gremlin Gang","floor":4,"turns":3},{"damage":4,"enemies":"3 Sentries","floor":7,"turns":2},{"damage":19,"enemies":"Lagavulin","floor":10,"turns":6},{"damage":12,"enemies":"3 Louse","floor":11,"turns":2},{"damage":14,"enemies":"Gremlin Nob","floor":12,"turns":3},{"damage":2,"enemies":"Blue Slaver","floor":14,"turns":3},{"damage":0,"enemies":"Slime Boss","floor":16,"turns":8},{"damage":8,"enemies":"Spheric Guardian","floor":18,"turns":4},{"damage":15,"enemies":"Shell Parasite","floor":20,"turns":7},{"damage":25,"enemies":"Shelled Parasite and Fungi","floor":22,"turns":4},{"damage":23,"enemies":"Snake Plant","floor":25,"turns":4},{"damage":12,"enemies":"3 Cultists","floor":27,"turns":4},{"damage":18,"enemies":"Centurion and Healer","floor":28,"turns":7},{"damage":1,"enemies":"Chosen and Byrds","floor":31,"turns":4},{"damage":48,"enemies":"Champ","floor":33,"turns":8},{"damage":10,"enemies":"Orb Walker","floor":35,"turns":3},{"damage":32,"enemies":"Mind Bloom Boss Battle","floor":36,"turns":6},{"damage":1,"enemies":"3 Darklings","floor":38,"turns":3},{"damage":27,"enemies":"Sphere and 2 Shapes","floor":39,"turns":3},{"damage":6,"enemies":"Jaw Worm Horde","floor":44,"turns":2},{"damage":1,"enemies":"Writhing Mass","floor":46,"turns":5},{"damage":57,"enemies":"Donu and Deca","floor":50,"turns":8},{"damage":59,"enemies":"Shield and Spear","floor":54,"turns":4},{"damage":26,"enemies":"The Heart","floor":55,"turns":2}],"seed_played":"-6613799089883448317","potions_obtained":[{"floor":1,"key":"Poison Potion"},{"floor":2,"key":"SkillPotion"},{"floor":5,"key":"PowerPotion"},{"floor":5,"key":"Strength Potion"},{"floor":5,"key":"Swift Potion"},{"floor":11,"key":"Explosive Potion"},{"floor":14,"key":"Regen Potion"},{"floor":25,"key":"Dexterity Potion"},{"floor":27,"key":"LiquidBronze"},{"floor":28,"key":"AttackPotion"},{"floor":39,"key":"Swift Potion"},{"floor":44,"key":"Energy Potion"}],"is_trial":false,"path_per_floor":["M","M","M","M","?","R","E","R","T","E","M","E","R","M","R","B",null,"M","?","M","$","M","R","?","M","T","M","M","R","$","M","R","B",null,"M","?","$","M","M","R","?","R","T","M","R","M","$","?","R","B",null,"R","$","E","B"],"character_chosen":"DEFECT","items_purchased":["Unceasing Top","Stack","Mercury Hourglass","SpeedPotion"],"campfire_rested":9,"item_purchase_floors":[21,30,37,37],"current_hp_per_floor":[75,75,72,66,66,66,62,62,62,43,31,17,39,37,59,74,75,67,75,60,60,35,57,71,48,48,36,18,44,44,43,69,21,89,79,47,47,46,19,45,45,71,71,65,65,64,64,64,85,28,85,85,85,26,0],"gold":84,"neow_bonus":"RANDOM_COMMON_RELIC","is_prod":false,"is_daily":false,"chose_seed":false,"campfire_upgraded":2,"win_rate":0,"timestamp":1551824184,"path_taken":["M","?","M","M","?","R","E","R","T","E","M","E","R","?","R","BOSS","M","?","M","$","?","R","?","M","T","M","M","R","$","M","R","BOSS","M","?","$","M","M","R","?","R","T","?","R","M","$","?","R","BOSS","R","$","E","BOSS"],"build_version":"2019-01-23","purchased_purges":1,"victory":false,"max_hp_per_floor":[75,75,75,75,75,75,75,75,75,75,75,75,75,75,75,75,75,75,75,75,75,75,75,89,89,89,89,89,89,89,89,89,89,89,89,89,89,89,89,89,89,89,89,89,89,89,89,85,85,85,85,85,85,85,85],"card_choices":[{"not_picked":["Cold Snap","Leap"],"picked":"Sunder","floor":1},{"not_picked":["Ball Lightning","Loop"],"picked":"Sweeping Beam","floor":2},{"not_picked":["Compile Driver","Sweeping Beam"],"picked":"Stack","floor":3},{"not_picked":["Blizzard","Sweeping Beam","Compile Driver"],"picked":"SKIP","floor":4},{"not_picked":["Turbo","Machine Learning"],"picked":"Barrage","floor":7},{"not_picked":["Recycle","Rebound"],"picked":"Glacier","floor":10},{"not_picked":["Coolheaded","Redo","Stack"],"picked":"SKIP","floor":11},{"not_picked":["Redo","Gash"],"picked":"Ball Lightning","floor":12},{"not_picked":["Cold Snap","Redo"],"picked":"Static Discharge","floor":14},{"not_picked":["Multi-Cast","Biased Cognition"],"picked":"Thunder Strike","floor":16},{"not_picked":["Ball Lightning","Streamline"],"picked":"Defragment","floor":17},{"not_picked":["Turbo","Hologram"],"picked":"Leap","floor":17},{"not_picked":["FTL","Sweeping Beam"],"picked":"All For One","floor":17},{"not_picked":["Sweeping Beam","Redo"],"picked":"Gash","floor":17},{"not_picked":["Barrage","Sweeping Beam"],"picked":"Gash","floor":17},{"not_picked":["Darkness","Loop"],"picked":"Beam Cell","floor":18},{"not_picked":["Streamline","Rebound+1"],"picked":"FTL+1","floor":20},{"not_picked":["Stack","Sweeping Beam"],"picked":"White Noise","floor":22},{"not_picked":["Steam","Sweeping Beam+1"],"picked":"Redo+1","floor":25},{"not_picked":["Recycle","Streamline"],"picked":"Leap","floor":27},{"not_picked":["Leap","Beam Cell+1"],"picked":"FTL+1","floor":28},{"not_picked":["Blizzard","Chaos+1","Conserve Battery"],"picked":"SKIP","floor":31},{"not_picked":["Creative AI","Biased Cognition"],"picked":"Electrodynamics","floor":33},{"not_picked":["Streamline","Coolheaded+1"],"picked":"Go for the Eyes+1","floor":35},{"not_picked":["Heatsinks","Barrage+1"],"picked":"BootSequence+1","floor":36},{"not_picked":["Scrape","Compile Driver+1","Rainbow"],"picked":"SKIP","floor":38},{"not_picked":["Cold Snap","Beam Cell"],"picked":"Aggregate+1","floor":39},{"not_picked":["Beam Cell+1","Chill+1"],"picked":"Tempest+1","floor":44},{"not_picked":["Redo","Barrage+1"],"picked":"Lockon+1","floor":46},{"not_picked":["Compile Driver+1","Rebound+1"],"picked":"Turbo+1","floor":54}],"player_experience":558127,"relics_obtained":[{"floor":7,"key":"Boot"},{"floor":10,"key":"Sundial"},{"floor":12,"key":"Letter Opener"},{"floor":26,"key":"Symbiotic Virus"},{"floor":36,"key":"Ginger"},{"floor":43,"key":"Darkstone Periapt"},{"floor":54,"key":"Dead Branch"}],"event_choices":[{"damage_healed":0,"gold_gain":0,"player_choice":"Got Potions","damage_taken":0,"max_hp_gain":0,"max_hp_loss":0,"event_name":"Lab","floor":5,"gold_loss":0},{"damage_healed":8,"gold_gain":0,"player_choice":"Full Heal","damage_taken":0,"max_hp_gain":0,"max_hp_loss":0,"event_name":"Wheel of Change","floor":19,"gold_loss":0},{"damage_healed":0,"gold_gain":0,"player_choice":"Stole Relic","damage_taken":0,"relics_obtained":["Mango"],"max_hp_gain":0,"max_hp_loss":0,"event_name":"Addict","floor":24,"gold_loss":0,"cards_obtained":["Shame"]},{"damage_healed":0,"gold_gain":0,"player_choice":"Fight","damage_taken":0,"max_hp_gain":0,"max_hp_loss":0,"event_name":"MindBloom","floor":36,"gold_loss":0},{"cards_removed":["Shame"],"damage_healed":0,"gold_gain":0,"player_choice":"Removed Curses","damage_taken":0,"max_hp_gain":0,"max_hp_loss":0,"event_name":"Fountain of Cleansing","floor":41,"gold_loss":0},{"damage_healed":0,"gold_gain":0,"player_choice":"Max HP","damage_taken":0,"max_hp_gain":0,"max_hp_loss":4,"event_name":"Winding Halls","floor":48,"gold_loss":0}],"is_beta":false,"boss_relics":[{"not_picked":["Cursed Key","Sozu"],"picked":"Orrery"},{"not_picked":["Empty Cage","Astrolabe"],"picked":"Fusion Hammer"}],"items_purged_floors":[21],"is_endless":false,"potions_floor_spawned":[1,2,11,14,25,27,28,39,44,46],"killed_by":"The Heart","ascension_level":0}