{"gold_per_floor":[110,128,128,141,155,188,188,188,212,224,254,248,276,288],"floor_reached":14,"playtime":429,"items_purged":[],"score":103,"play_id":"5eb6a99f-e483-48b5-811e-43ad98a1a0d9","local_time":"20190224081800","is_ascension_mode":true,"campfire_choices":[{"floor":7,"key":"REST"},{"floor":10,"key":"REST"}],"neow_cost":"NONE","seed_source_timestamp":673161726953,"circlet_count":0,"master_deck":["Strike_B","Strike_B","Strike_B","Strike_B","Defend_B+1","Defend_B","Defend_B","Defend_B","Zap+1","Dualcast","Leap","White Noise","Leap","Double Energy","Skim+1","Stack","Cold Snap"],"relics":["Cracked Core","Omamori","MawBank"],"potions_floor_usage":[6,13,13],"damage_taken":[{"damage":3,"enemies":"2 Louse","floor":1,"turns":2},{"damage":0,"enemies":"Cultist","floor":2,"turns":3},{"damage":0,"enemies":"Jaw Worm","floor":4,"turns":2},{"damage":15,"enemies":"2 Fungi Beasts","floor":5,"turns":3},{"damage":33,"enemies":"Gremlin Nob","floor":6,"turns":4},{"damage":12,"enemies":"Large Slime","floor":11,"turns":7},{"damage":15,"enemies":"Exordium Thugs","floor":12,"turns":4},{"damage":13,"enemies":"Exordium Wildlife","floor":13,"turns":5},{"damage":10,"enemies":"Red Slaver","floor":14,"turns":1}],"seed_played":"7523865254174114862","potions_obtained":[{"floor":5,"key":"SkillPotion"},{"floor":6,"key":"Swift Potion"},{"floor":11,"key":"Block Potion"},{"floor":13,"key":"Dexterity Potion"}],"is_trial":false,"path_per_floor":["M","M","?","M","M","E","R","?","T","R","M","M","M","M"],"character_chosen":"DEFECT","items_purchased":[],"campfire_rested":2,"item_purchase_floors":[],"current_hp_per_floor":[72,72,65,65,50,17,39,24,24,46,34,19,6,0],"gold":288,"neow_bonus":"UPGRADE_CARD","is_prod":false,"is_daily":false,"chose_seed":false,"campfire_upgraded":0,"win_rate":0,"timestamp":1551017880,"path_taken":["M","M","?","?","?","E","R","?","T","R","M","M","M","M"],"build_version":"2019-01-23","purchased_purges":0,"victory":false,"max_hp_per_floor":[75,75,75,75,75,75,75,75,75,75,75,75,75,75],"card_choices":[{"not_picked":["Turbo","Sweeping Beam"],"picked":"Leap","floor":1},{"not_picked":["Steam Power","BootSequence"],"picked":"White Noise","floor":2},{"not_picked":["Stack","Streamline"],"picked":"Leap","floor":4},{"not_picked":["Barrage","Coolheaded"],"picked":"Double Energy","floor":5},{"not_picked":["Consume","Hello World"],"picked":"Skim","floor":6},{"not_picked":["Compile Driver","Hologram"],"picked":"Stack","floor":11},{"not_picked":["Undo","Double Energy","Conserve Battery"],"picked":"SKIP","floor":12},{"not_picked":["Reboot","Steam Power"],"picked":"Cold Snap","floor":13}],"player_experience":325682,"relics_obtained":[{"floor":6,"key":"Omamori"},{"floor":9,"key":"MawBank"}],"event_choices":[{"damage_healed":0,"gold_gain":0,"player_choice":"Damaged","damage_taken":7,"max_hp_gain":0,"max_hp_loss":0,"event_name":"Wheel of Change","floor":3,"gold_loss":0},{"damage_healed":0,"gold_gain":0,"player_choice":"Entered Light","damage_taken":15,"max_hp_gain":0,"max_hp_loss":0,"event_name":"Shining Light","floor":8,"gold_loss":0,"cards_upgraded":["Defend_B","Skim"]}],"is_beta":false,"boss_relics":[],"items_purged_floors":[],"is_endless":false,"potions_floor_spawned":[5,6,11,13],"killed_by":"Red Slaver","ascension_level":2}