{"gold_per_floor":[114,133,133,133,151,167,167,41,41,121,131,141,141,173,173,278,278,288,302,312,312,115,115],"floor_reached":23,"playtime":1840,"items_purged":[],"score":193,"play_id":"f50b95e9-8767-4c52-affd-ed84cf46b25e","local_time":"20190210144914","is_ascension_mode":false,"campfire_choices":[{"data":"Double Energy","floor":7,"key":"SMITH"},{"data":"Rainbow","floor":13,"key":"SMITH"},{"floor":15,"key":"REST"}],"neow_cost":"PERCENT_DAMAGE","seed_source_timestamp":16671521687288,"circlet_count":0,"master_deck":["Strike_B","Strike_B","Strike_B","Defend_B","Defend_B","Defend_B","Defend_B","Zap","Dualcast","Forethought+1","Thinking Ahead","Tempest","Double Energy+1","Iron Wave","Leap","Rainbow+1","Sunder","Bandage Up","Self Repair","Rebound","FTL","Rainbow","Stack+1","Glacier","Ball Lightning"],"relics":["Cracked Core","Ornamental Fan","Pear","FossilizedHelix","Nuclear Battery","Chemical X"],"potions_floor_usage":[11,14,18,20],"damage_taken":[{"damage":1,"enemies":"Jaw Worm","floor":1,"turns":3},{"damage":0,"enemies":"Cultist","floor":2,"turns":3},{"damage":0,"enemies":"Small Slimes","floor":5,"turns":3},{"damage":5,"enemies":"3 Louse","floor":6,"turns":3},{"damage":6,"enemies":"Red Slaver","floor":11,"turns":4},{"damage":7,"enemies":"Large Slime","floor":12,"turns":6},{"damage":24,"enemies":"Lagavulin","floor":14,"turns":7},{"damage":35,"enemies":"The Guardian","floor":16,"turns":11},{"damage":20,"enemies":"3 Byrds","floor":18,"turns":6},{"damage":21,"enemies":"Shell Parasite","floor":19,"turns":11},{"damage":24,"enemies":"Shelled Parasite and Fungi","floor":20,"turns":7},{"damage":56,"enemies":"Slavers","floor":23,"turns":4}],"seed_played":"724063904894249525","potions_obtained":[{"floor":5,"key":"Swift Potion"},{"floor":12,"key":"Weak Potion"},{"floor":14,"key":"Block Potion"},{"floor":16,"key":"SteroidPotion"},{"floor":19,"key":"EssenceOfSteel"}],"is_trial":false,"path_per_floor":["M","M","$","?","M","M","R","$","T","T","M","M","R","E","R","B",null,"M","M","M","?","$","E"],"character_chosen":"DEFECT","items_purchased":["Sunder","Bandage Up","Chemical X"],"campfire_rested":1,"item_purchase_floors":[8,8,22],"current_hp_per_floor":[53,53,53,53,53,48,48,48,48,58,56,60,60,47,72,48,85,72,62,49,49,49,0],"gold":115,"neow_bonus":"RANDOM_COLORLESS_2","is_prod":false,"is_daily":false,"chose_seed":false,"campfire_upgraded":2,"win_rate":0.0,"timestamp":1549831754,"path_taken":["M","M","$","?","?","?","R","$","T","?","M","?","R","E","R","BOSS","M","M","M","?","$","E"],"build_version":"2019-01-23","purchased_purges":0,"victory":false,"max_hp_per_floor":[75,75,75,75,75,75,75,75,75,85,85,85,85,85,85,85,85,85,85,85,85,85,85],"card_choices":[{"not_picked":["Turbo","Go for the Eyes"],"picked":"Tempest","floor":1},{"not_picked":["Go for the Eyes","Stack"],"picked":"Double Energy","floor":2},{"not_picked":["Compile Driver","Hologram"],"picked":"Leap","floor":5},{"not_picked":["Fusion","Blizzard"],"picked":"Rainbow","floor":6},{"not_picked":["Aggregate","Undo"],"picked":"Self Repair","floor":11},{"not_picked":["Turbo","Coolheaded"],"picked":"Rebound","floor":12},{"not_picked":["Fusion","Hologram"],"picked":"FTL","floor":14},{"not_picked":["Biased Cognition","Seek"],"picked":"Rainbow","floor":16},{"not_picked":["Leap+1","Rip and Tear"],"picked":"Stack+1","floor":18},{"not_picked":["Reprogram","BootSequence"],"picked":"Glacier","floor":19},{"not_picked":["Lockon","Coolheaded"],"picked":"Ball Lightning","floor":20}],"player_experience":24278,"relics_obtained":[{"floor":9,"key":"Ornamental Fan"},{"floor":10,"key":"Pear"},{"floor":14,"key":"FossilizedHelix"}],"event_choices":[{"cards_removed":["Strike_B"],"damage_healed":0,"gold_gain":0,"player_choice":"Took Card","damage_taken":0,"max_hp_gain":0,"max_hp_loss":0,"event_name":"NoteForYourself","floor":4,"gold_loss":0,"cards_obtained":["Iron Wave"]},{"damage_healed":0,"gold_gain":0,"player_choice":"Upgraded","damage_taken":0,"max_hp_gain":0,"max_hp_loss":0,"event_name":"Upgrade Shrine","floor":21,"gold_loss":0,"cards_upgraded":["Forethought"]}],"is_beta":false,"boss_relics":[{"not_picked":["White Beast Statue","Cursed Key"],"picked":"Nuclear Battery"}],"items_purged_floors":[],"is_endless":false,"potions_floor_spawned":[5,12,14,16,19],"killed_by":"Slavers","ascension_level":0}