{"gold_per_floor":[118,118,137,137,152,152,165,175,225,252,252,252,105,121,121,222,222,236,246,246,246,257,48,48,48,48,48,48,66,79,132,132,227,277,294,25,25,44,58,58,70,70,70,70,81,81,94,109,109,109],"floor_reached":50,"playtime":2372,"items_purged":["Doppelganger"],"score":436,"play_id":"a7f65240-005b-4856-ab3b-c0964fc48e86","local_time":"20190215170333","is_ascension_mode":false,"campfire_choices":[{"data":"Neutralize","floor":6,"key":"SMITH"},{"data":"Footwork","floor":11,"key":"SMITH"},{"data":"Survivor","floor":15,"key":"SMITH"},{"floor":24,"key":"REST"},{"data":"Catalyst","floor":27,"key":"SMITH"},{"data":"PiercingWail","floor":32,"key":"SMITH"},{"floor":40,"key":"REST"},{"floor":44,"key":"REST"},{"floor":49,"key":"REST"}],"neow_cost":"NONE","seed_source_timestamp":16105735706725,"circlet_count":0,"master_deck":["Defend_G+1","Defend_G+1","Defend_G+1","Defend_G+1","Defend_G+1","Strike_G+1","Strike_G+1","Strike_G+1","Strike_G+1","Strike_G+1","Survivor+1","Neutralize+1","Backstab+1","Outmaneuver","Corpse Explosion","Crippling Poison","Flying Knee","Footwork+1","PiercingWail+1","Catalyst+1","Deadly Poison+1","Deflect+1","Grand Finale","Footwork","Deadly Poison+1","Acrobatics","PiercingWail+1","Bane","Parasite","Caltrops+1","Skewer+1","Bouncing Flask+1"],"relics":["Ring of the Snake","Oddly Smooth Stone","Odd Mushroom","Paper Crane","Lantern","Runic Pyramid","Sling","MutagenicStrength","Question Card","Boot","Tiny House","Happy Flower","Mummified Hand"],"potions_floor_usage":[5,7,16,16,30,33,33,50,50,50,50,50,50],"damage_taken":[{"damage":0,"enemies":"Small Slimes","floor":1,"turns":5},{"damage":0,"enemies":"2 Louse","floor":3,"turns":1},{"damage":1,"enemies":"Jaw Worm","floor":5,"turns":3},{"damage":6,"enemies":"Large Slime","floor":7,"turns":10},{"damage":7,"enemies":"Exordium Thugs","floor":8,"turns":3},{"damage":0,"enemies":"The Mushroom Lair","floor":10,"turns":2},{"damage":1,"enemies":"Blue Slaver","floor":14,"turns":3},{"damage":68,"enemies":"Slime Boss","floor":16,"turns":13},{"damage":6,"enemies":"Spheric Guardian","floor":18,"turns":7},{"damage":0,"enemies":"Chosen","floor":19,"turns":6},{"damage":15,"enemies":"Snake Plant","floor":22,"turns":6},{"damage":6,"enemies":"Cultist and Chosen","floor":29,"turns":5},{"damage":9,"enemies":"Snecko","floor":30,"turns":5},{"damage":9,"enemies":"Collector","floor":33,"turns":8},{"damage":2,"enemies":"Orb Walker","floor":35,"turns":5},{"damage":9,"enemies":"3 Darklings","floor":38,"turns":3},{"damage":0,"enemies":"Maw","floor":39,"turns":6},{"damage":13,"enemies":"Spire Growth","floor":41,"turns":7},{"damage":0,"enemies":"Writhing Mass","floor":45,"turns":5},{"damage":11,"enemies":"Sphere and 2 Shapes","floor":47,"turns":3},{"damage":51,"enemies":"Spire Growth","floor":48,"turns":7},{"damage":39,"enemies":"Awakened One","floor":50,"turns":6}],"seed_played":"-8188045524841195401","potions_obtained":[{"floor":0,"key":"SpeedPotion"},{"floor":0,"key":"Swift Potion"},{"floor":0,"key":"Regen Potion"},{"floor":3,"key":"AttackPotion"},{"floor":5,"key":"Block Potion"},{"floor":7,"key":"Swift Potion"},{"floor":18,"key":"FearPotion"},{"floor":22,"key":"Regen Potion"},{"floor":30,"key":"Explosive Potion"},{"floor":34,"key":"Strength Potion"},{"floor":38,"key":"Ancient Potion"},{"floor":48,"key":"EntropicBrew"}],"is_trial":false,"path_per_floor":["M","?","M","?","M","R","M","M","T","?","R","?","$","M","R","B",null,"M","M","?","?","M","$","R","?","T","R","?","M","M","T","R","B",null,"M","$","?","M","M","R","M","?","T","R","M","$","M","M","R","B"],"character_chosen":"THE_SILENT","items_purchased":["Lantern","Sling","Happy Flower","Acrobatics"],"campfire_rested":4,"item_purchase_floors":[13,23,36,36],"current_hp_per_floor":[70,70,70,70,69,69,63,56,56,56,56,56,56,55,55,2,70,64,64,64,64,49,49,70,70,70,70,70,64,67,67,67,58,75,73,73,71,62,62,71,58,58,58,71,71,71,60,9,30,0],"gold":109,"neow_bonus":"THREE_SMALL_POTIONS","is_prod":false,"is_daily":false,"chose_seed":false,"campfire_upgraded":5,"win_rate":0,"timestamp":1550271813,"path_taken":["M","?","M","?","M","R","M","M","T","?","R","?","$","?","R","BOSS","M","M","?","?","M","$","R","?","T","R","?","M","M","?","R","BOSS","M","$","?","M","M","R","M","?","T","R","M","$","M","M","R","BOSS"],"build_version":"2019-01-23","purchased_purges":1,"victory":false,"max_hp_per_floor":[70,70,70,70,70,70,70,70,70,70,70,70,70,70,70,70,70,70,70,70,70,70,70,70,70,70,70,70,70,70,70,70,70,75,75,75,71,71,71,71,71,71,71,71,71,71,71,71,71,71],"card_choices":[{"not_picked":["Poisoned Stab","Dagger Spray"],"picked":"Backstab","floor":1},{"not_picked":["Dagger Throw","Flechettes"],"picked":"Outmaneuver","floor":3},{"not_picked":["Quick Slash","Noxious Fumes"],"picked":"Corpse Explosion","floor":5},{"not_picked":["Tactician","Accuracy"],"picked":"Crippling Poison","floor":7},{"not_picked":["Blade Dance","Eviscerate"],"picked":"Flying Knee","floor":8},{"not_picked":["Prepared","Catalyst"],"picked":"Footwork","floor":10},{"not_picked":["Outmaneuver","Blade Dance","Dagger Throw"],"picked":"SKIP","floor":14},{"not_picked":["Tools of the Trade","Phantasmal Killer"],"picked":"Doppelganger","floor":16},{"not_picked":["Poisoned Stab","Quick Slash"],"picked":"PiercingWail","floor":18},{"not_picked":["Flechettes","Quick Slash"],"picked":"Catalyst","floor":19},{"not_picked":["Infinite Blades","Predator"],"picked":"Deadly Poison+1","floor":22},{"not_picked":["Noxious Fumes","Prepared","Predator","Cloak And Dagger"],"picked":"SKIP","floor":29},{"not_picked":["Dagger Throw","Slice","Infinite Blades+1"],"picked":"Deflect","floor":30},{"not_picked":["Tools of the Trade","Storm of Steel","Wraith Form v2"],"picked":"Grand Finale","floor":33},{"not_picked":["Blade Dance+1","Bane","Prepared"],"picked":"Footwork","floor":34},{"not_picked":["Quick Slash","Sucker Punch","Blade Dance"],"picked":"Deadly Poison+1","floor":35},{"not_picked":["Quick Slash+1","All Out Attack+1","Cloak And Dagger+1"],"picked":"PiercingWail+1","floor":38},{"not_picked":["Outmaneuver+1","Quick Slash","Sucker Punch+1"],"picked":"Bane","floor":39},{"not_picked":["Concentrate","Flying Knee","Die Die Die","Quick Slash"],"picked":"SKIP","floor":41},{"not_picked":["Dodge and Roll+1","Escape Plan","Quick Slash+1"],"picked":"Caltrops+1","floor":45},{"not_picked":["Dagger Throw+1","Blur","Eviscerate"],"picked":"Skewer+1","floor":47},{"not_picked":["Backflip","Dagger Spray","Die Die Die"],"picked":"Bouncing Flask+1","floor":48}],"player_experience":142812,"relics_obtained":[{"floor":9,"key":"Oddly Smooth Stone"},{"floor":10,"key":"Odd Mushroom"},{"floor":26,"key":"Question Card"},{"floor":31,"key":"Boot"},{"floor":43,"key":"Mummified Hand"}],"event_choices":[{"damage_healed":0,"gold_gain":0,"player_choice":"Grow","damage_taken":0,"max_hp_gain":0,"max_hp_loss":0,"event_name":"Living Wall","floor":2,"gold_loss":0,"cards_upgraded":["Backstab"]},{"damage_healed":0,"gold_gain":0,"player_choice":"Leave","damage_taken":0,"max_hp_gain":0,"max_hp_loss":0,"event_name":"The Cleric","floor":4,"gold_loss":0},{"damage_healed":0,"gold_gain":0,"player_choice":"Fought Mushrooms","damage_taken":0,"max_hp_gain":0,"max_hp_loss":0,"event_name":"Mushrooms","floor":10,"gold_loss":0},{"damage_healed":0,"gold_gain":0,"player_choice":"Gave Potion","damage_taken":0,"relics_obtained":["Paper Crane"],"max_hp_gain":0,"max_hp_loss":0,"event_name":"WeMeetAgain","floor":12,"gold_loss":0},{"damage_healed":0,"gold_gain":0,"player_choice":"Ignored","damage_taken":0,"max_hp_gain":0,"max_hp_loss":0,"event_name":"Vampires","floor":20,"gold_loss":0},{"damage_healed":0,"gold_gain":0,"player_choice":"Simplicity","damage_taken":0,"max_hp_gain":0,"max_hp_loss":0,"event_name":"Back to Basics","floor":21,"gold_loss":0,"cards_upgraded":["Defend_G","Defend_G","Defend_G","Defend_G","Defend_G","Strike_G","Strike_G","Strike_G","Strike_G","Strike_G"]},{"damage_healed":0,"gold_gain":0,"player_choice":"Inject Mutagens","damage_taken":0,"relics_obtained":["MutagenicStrength"],"max_hp_gain":0,"max_hp_loss":0,"event_name":"Drug Dealer","floor":25,"gold_loss":0},{"damage_healed":0,"gold_gain":0,"player_choice":"Ignored","damage_taken":0,"max_hp_gain":0,"max_hp_loss":0,"event_name":"Ghosts","floor":28,"gold_loss":0},{"damage_healed":0,"gold_gain":0,"player_choice":"Max HP","damage_taken":0,"max_hp_gain":0,"max_hp_loss":4,"event_name":"Winding Halls","floor":37,"gold_loss":0},{"damage_healed":0,"gold_gain":0,"player_choice":"Leave","damage_taken":0,"max_hp_gain":0,"max_hp_loss":0,"event_name":"FaceTrader","floor":42,"gold_loss":0}],"is_beta":false,"boss_relics":[{"not_picked":["Fusion Hammer","Ectoplasm"],"picked":"Runic Pyramid"},{"not_picked":["Cursed Key","Runic Dome"],"picked":"Tiny House"}],"items_purged_floors":[36],"is_endless":false,"potions_floor_spawned":[3,5,7,18,22,30,38,48],"killed_by":"Awakened One","ascension_level":0}