{"gold_per_floor":[112,112,89,107,117,143,143,143,143,159,159,175,175,192,192,293,293,313,273,293,303,320,320,320,320,320,320],"floor_reached":27,"playtime":1105,"items_purged":[],"score":215,"play_id":"03020128-4f1d-4f97-ad12-09346f52a392","local_time":"20190226185937","is_ascension_mode":false,"campfire_choices":[{"data":"Clash","floor":7,"key":"SMITH"},{"floor":11,"key":"REST"},{"floor":13,"key":"REST"},{"data":"Armaments","floor":15,"key":"SMITH"},{"floor":23,"key":"REST"}],"neow_cost":"NONE","seed_source_timestamp":30791444875766,"circlet_count":0,"master_deck":["Strike_R","Strike_R","Strike_R","Strike_R","Defend_R","Defend_R","Defend_R","Defend_R","Bash","Clash+1","Exhume","Armaments+1","Sever Soul","Feel No Pain","Wild Strike","Headbutt","Immolate+1","Carnage","Anger","Havoc+1"],"relics":["Burning Blood","The Courier","Happy Flower","Mark of Pain","Letter Opener"],"potions_floor_usage":[4,6,14,14,27,27,27],"damage_taken":[{"damage":10,"enemies":"Small Slimes","floor":1,"turns":3},{"damage":0,"enemies":"Cultist","floor":4,"turns":2},{"damage":5,"enemies":"2 Louse","floor":5,"turns":2},{"damage":45,"enemies":"Lagavulin","floor":6,"turns":8},{"damage":23,"enemies":"Exordium Thugs","floor":10,"turns":4},{"damage":13,"enemies":"Red Slaver","floor":12,"turns":3},{"damage":11,"enemies":"Lots of Slimes","floor":14,"turns":4},{"damage":57,"enemies":"The Guardian","floor":16,"turns":10},{"damage":0,"enemies":"Spheric Guardian","floor":18,"turns":3},{"damage":7,"enemies":"3 Byrds","floor":20,"turns":4},{"damage":58,"enemies":"Shelled Parasite and Fungi","floor":21,"turns":6},{"damage":18,"enemies":"Snake Plant","floor":22,"turns":4},{"damage":65,"enemies":"Gremlin Leader","floor":27,"turns":7}],"seed_played":"1971102446848696532","potions_obtained":[{"floor":2,"key":"Poison Potion"},{"floor":2,"key":"SneckoOil"},{"floor":2,"key":"LiquidBronze"},{"floor":5,"key":"SpeedPotion"},{"floor":12,"key":"Dexterity Potion"},{"floor":16,"key":"BloodPotion"},{"floor":22,"key":"Ancient Potion"}],"is_trial":false,"path_per_floor":["M","?","$","M","M","E","R","?","T","M","R","M","R","M","R","B",null,"M","?","M","M","M","R","?","?","T","E"],"character_chosen":"IRONCLAD","items_purchased":["Clash"],"campfire_rested":3,"item_purchase_floors":[3],"current_hp_per_floor":[84,84,84,88,88,49,49,49,49,32,58,51,77,72,72,21,88,88,88,87,35,23,49,49,32,32,0],"gold":320,"neow_bonus":"TEN_PERCENT_HP_BONUS","is_prod":false,"is_daily":false,"chose_seed":false,"campfire_upgraded":2,"win_rate":0,"timestamp":1551229177,"path_taken":["M","?","?","M","M","E","R","?","T","M","R","M","R","M","R","BOSS","M","?","?","?","M","R","?","?","T","E"],"build_version":"2019-01-23","purchased_purges":0,"victory":false,"max_hp_per_floor":[88,88,88,88,88,88,88,88,88,88,88,88,88,88,88,88,88,88,88,88,88,88,88,88,93,93,93],"card_choices":[{"not_picked":["Warcry","Havoc","Blood for Blood"],"picked":"SKIP","floor":1},{"not_picked":["Flex","Body Slam"],"picked":"Exhume","floor":4},{"not_picked":["Reckless Charge","Sword Boomerang"],"picked":"Armaments","floor":5},{"not_picked":["Clash","Armaments"],"picked":"Sever Soul","floor":6},{"not_picked":["Clash","Evolve"],"picked":"Feel No Pain","floor":10},{"not_picked":["Heavy Blade","Havoc"],"picked":"Wild Strike","floor":12},{"not_picked":["Heavy Blade","Entrench"],"picked":"Headbutt","floor":14},{"not_picked":["Barricade","Bludgeon"],"picked":"Immolate","floor":16},{"not_picked":["Twin Strike","Shrug It Off"],"picked":"Carnage","floor":18},{"not_picked":["Twin Strike","Clash"],"picked":"Anger","floor":20},{"not_picked":["Heavy Blade","Pommel Strike"],"picked":"Havoc+1","floor":21},{"not_picked":["Heavy Blade","Iron Wave","Twin Strike"],"picked":"SKIP","floor":22}],"player_experience":447835,"relics_obtained":[{"floor":6,"key":"The Courier"},{"floor":9,"key":"Happy Flower"},{"floor":26,"key":"Letter Opener"}],"event_choices":[{"damage_healed":0,"gold_gain":0,"player_choice":"Got Potions","damage_taken":0,"max_hp_gain":0,"max_hp_loss":0,"event_name":"Lab","floor":2,"gold_loss":0},{"cards_removed":["Strike_R"],"damage_healed":0,"gold_gain":0,"player_choice":"Purged","damage_taken":0,"max_hp_gain":0,"max_hp_loss":0,"event_name":"Purifier","floor":8,"gold_loss":0},{"damage_healed":0,"gold_gain":0,"player_choice":"Upgrade","damage_taken":0,"max_hp_gain":0,"max_hp_loss":0,"event_name":"Designer","floor":19,"gold_loss":40,"cards_upgraded":["Immolate"]},{"damage_healed":0,"gold_gain":0,"player_choice":"Ignored","damage_taken":0,"max_hp_gain":0,"max_hp_loss":0,"event_name":"Vampires","floor":24,"gold_loss":0},{"damage_healed":0,"gold_gain":0,"player_choice":"Shed Blood","damage_taken":22,"max_hp_gain":5,"max_hp_loss":0,"event_name":"Forgotten Altar","floor":25,"gold_loss":0}],"is_beta":false,"boss_relics":[{"not_picked":["Astrolabe","Busted Crown"],"picked":"Mark of Pain"}],"items_purged_floors":[],"is_endless":false,"potions_floor_spawned":[5,12,16,22],"killed_by":"Gremlin Leader","ascension_level":0}