{"gold_per_floor":[116,130,130,130,130,164,164,196,196,209,219,219,231,244,244,244],"floor_reached":16,"playtime":1226,"items_purged":[],"score":137,"play_id":"ea6bf6d2-ff98-4249-acaa-c9d974369c8e","local_time":"20190210013305","is_ascension_mode":false,"campfire_choices":[{"floor":7,"key":"REST"},{"floor":12,"key":"REST"},{"floor":15,"key":"REST"}],"neow_cost":"NONE","seed_source_timestamp":32558718722095,"circlet_count":0,"master_deck":["Strike_B+1","Strike_B","Strike_B","Strike_B","Defend_B+1","Defend_B","Defend_B","Defend_B","Zap","Dualcast","Barrage+1","Redo","Lockon","Genetic Algorithm","Sweeping Beam","White Noise","Thunder Strike","Sweeping Beam"],"relics":["Cracked Core","NeowsBlessing","Unceasing Top","Meat on the Bone","Letter Opener","Ice Cream"],"potions_floor_usage":[],"damage_taken":[{"damage":0,"enemies":"Cultist","floor":1,"turns":1},{"damage":0,"enemies":"Small Slimes","floor":2,"turns":1},{"damage":0,"enemies":"Lagavulin","floor":6,"turns":1},{"damage":40,"enemies":"Gremlin Nob","floor":8,"turns":5},{"damage":0,"enemies":"2 Louse","floor":10,"turns":2},{"damage":32,"enemies":"Gremlin Gang","floor":11,"turns":4},{"damage":11,"enemies":"Large Slime","floor":13,"turns":5},{"damage":20,"enemies":"Exordium Wildlife","floor":14,"turns":5},{"damage":55,"enemies":"Hexaghost","floor":16,"turns":9}],"seed_played":"2562857175594022081","potions_obtained":[{"floor":2,"key":"PowerPotion"},{"floor":11,"key":"Swift Potion"},{"floor":13,"key":"Swift Potion"}],"is_trial":false,"path_per_floor":["M","M","?","?","?","E","R","E","T","M","M","R","M","M","R","B"],"character_chosen":"DEFECT","items_purchased":[],"campfire_rested":3,"item_purchase_floors":[],"current_hp_per_floor":[75,75,75,60,53,53,75,47,47,47,27,49,38,30,52,0],"gold":244,"neow_bonus":"THREE_ENEMY_KILL","is_prod":false,"is_daily":false,"chose_seed":false,"campfire_upgraded":0,"win_rate":0.0,"timestamp":1549783985,"path_taken":["M","M","?","?","?","E","R","E","T","M","M","R","M","M","R","BOSS"],"build_version":"2019-01-23","purchased_purges":0,"victory":false,"max_hp_per_floor":[75,75,75,75,75,75,75,75,75,75,75,75,75,75,75,75],"card_choices":[{"not_picked":["Gash","Steam"],"picked":"Barrage","floor":1},{"not_picked":["Steam","Beam Cell"],"picked":"Redo","floor":2},{"not_picked":["Beam Cell","Chaos"],"picked":"Lockon","floor":6},{"not_picked":["Hologram","Aggregate"],"picked":"Genetic Algorithm","floor":8},{"not_picked":["Fusion","Hello World"],"picked":"Sweeping Beam","floor":10},{"not_picked":["Coolheaded","Cold Snap"],"picked":"White Noise","floor":11},{"not_picked":["Coolheaded","Fusion"],"picked":"Thunder Strike","floor":13},{"not_picked":["Fusion","Blizzard"],"picked":"Sweeping Beam","floor":14}],"player_experience":2459,"relics_obtained":[{"floor":6,"key":"Meat on the Bone"},{"floor":8,"key":"Letter Opener"},{"floor":9,"key":"Ice Cream"}],"event_choices":[{"damage_healed":0,"gold_gain":0,"player_choice":"Grow","damage_taken":0,"max_hp_gain":0,"max_hp_loss":0,"event_name":"Living Wall","floor":3,"gold_loss":0,"cards_upgraded":["Barrage"]},{"damage_healed":0,"gold_gain":0,"player_choice":"Entered Light","damage_taken":15,"max_hp_gain":0,"max_hp_loss":0,"event_name":"Shining Light","floor":4,"gold_loss":0,"cards_upgraded":["Strike_B","Defend_B"]},{"damage_healed":0,"gold_gain":0,"player_choice":"Success","damage_taken":7,"relics_obtained":["Unceasing Top"],"max_hp_gain":0,"max_hp_loss":0,"event_name":"Scrap Ooze","floor":5,"gold_loss":0}],"is_beta":false,"boss_relics":[],"items_purged_floors":[],"is_endless":false,"potions_floor_spawned":[2,11,13],"killed_by":"Hexaghost","ascension_level":0}