{"gold_per_floor":[118,135,148,148,162,162,191,191,218,249,266,293,306,114,114,212,212,222,242,242,255,274,309,309,340,340,353,364,391,391,408,408,512,512,528,543,543,429,477,507,507,535,535,535],"floor_reached":44,"playtime":2646,"items_purged":["Strike_R"],"score":633,"play_id":"8ac34114-4b21-4f97-a18b-2cd27040096b","local_time":"20180802162804","is_ascension_mode":true,"campfire_choices":[{"data":"Battle Trance","floor":6,"key":"SMITH"},{"data":"Demon Form","floor":8,"key":"SMITH"},{"data":"Metallicize","floor":15,"key":"SMITH"},{"data":"Double Tap","floor":24,"key":"SMITH"},{"data":"Shockwave","floor":30,"key":"SMITH"},{"data":"Flame Barrier","floor":32,"key":"SMITH"},{"floor":41,"key":"REST"}],"neow_cost":"NONE","seed_source_timestamp":70464809271415,"circlet_count":0,"master_deck":["Strike_R","Strike_R+1","Strike_R","Strike_R","Defend_R+1","Defend_R","Defend_R","Defend_R","Bash","Battle Trance+1","Demon Form+1","Metallicize+1","Shockwave+1","Seeing Red","Sadistic Nature","Double Tap+1","Flame Barrier+1","Evolve","Cleave+1","Intimidate+1","Searing Blow+1","Fire Breathing","Immolate","Ghostly Armor+1","Juggernaut","Shrug It Off+1","Sadistic Nature","Rampage","Heavy Blade+1","Shockwave+1"],"relics":["Burning Blood","Orichalcum","Anchor","Strawberry","Oddly Smooth Stone","Happy Flower","Sozu","Magic Flower","Pantograph","Charon\u0027s Ashes","Bag of Marbles","Orrery","Girya","Prayer Wheel","Sundial","Singing Bowl"],"potions_floor_usage":[11,12,19,40,40],"damage_taken":[{"damage":0,"enemies":"Cultist","floor":1,"turns":4},{"damage":6,"enemies":"Small Slimes","floor":2,"turns":5},{"damage":8,"enemies":"2 Louse","floor":3,"turns":2},{"damage":1,"enemies":"Exordium Thugs","floor":5,"turns":5},{"damage":22,"enemies":"Gremlin Nob","floor":7,"turns":5},{"damage":14,"enemies":"Lagavulin","floor":10,"turns":5},{"damage":9,"enemies":"Gremlin Gang","floor":11,"turns":4},{"damage":7,"enemies":"Gremlin Nob","floor":12,"turns":3},{"damage":0,"enemies":"Large Slime","floor":13,"turns":4},{"damage":14,"enemies":"The Guardian","floor":16,"turns":8},{"damage":0,"enemies":"Chosen","floor":18,"turns":5},{"damage":3,"enemies":"3 Byrds","floor":19,"turns":3},{"damage":9,"enemies":"Snake Plant","floor":21,"turns":4},{"damage":6,"enemies":"Slaver and Parasite","floor":22,"turns":8},{"damage":40,"enemies":"Book of Stabbing","floor":23,"turns":6},{"damage":17,"enemies":"Slavers","floor":25,"turns":6},{"damage":0,"enemies":"Chosen and Byrds","floor":27,"turns":4},{"damage":22,"enemies":"Snake Plant","floor":28,"turns":6},{"damage":18,"enemies":"Book of Stabbing","floor":29,"turns":5},{"damage":2,"enemies":"Slaver and Parasite","floor":31,"turns":7},{"damage":25,"enemies":"Champ","floor":33,"turns":9},{"damage":8,"enemies":"3 Darklings","floor":35,"turns":4},{"damage":21,"enemies":"Flame Bruiser 1 Orb","floor":36,"turns":5},{"damage":0,"floor":39,"turns":3},{"damage":84,"enemies":"Giant Head","floor":40,"turns":9},{"damage":34,"enemies":"Nemesis","floor":42,"turns":5},{"damage":27,"enemies":"Transient","floor":44,"turns":2}],"seed_played":"-4647827528220746163","potions_obtained":[{"floor":1,"key":"BloodPotion"},{"floor":3,"key":"Strength Potion"},{"floor":10,"key":"EntropicBrew"},{"floor":11,"key":"AttackPotion"},{"floor":12,"key":"SmokeBomb"},{"floor":16,"key":"LiquidBronze"}],"is_trial":false,"path_per_floor":["M","M","M","?","M","R","E","R","T","E","M","E","M","$","R","B",null,"M","M","?","M","M","E","R","E","T","M","M","E","R","M","R","B",null,"M","M","?","$","?","E","R","E","T"],"character_chosen":"IRONCLAD","items_purchased":["Sadistic Nature","Rampage"],"campfire_rested":1,"item_purchase_floors":[14,38],"current_hp_per_floor":[80,80,78,62,67,67,51,51,58,50,47,46,52,52,52,44,87,87,87,87,84,84,50,50,42,42,51,38,29,29,36,36,58,87,87,75,75,75,84,21,47,22,22,0],"gold":535,"neow_bonus":"RANDOM_COMMON_RELIC","is_prod":false,"is_daily":false,"chose_seed":false,"campfire_upgraded":6,"win_rate":0,"timestamp":1533220084,"path_taken":["M","M","M","?","M","R","E","R","T","E","?","E","M","$","R","BOSS","M","?","?","M","M","E","R","E","T","M","M","E","R","M","R","BOSS","M","M","?","$","?","E","R","E","T","M"],"build_version":"2018-07-26","purchased_purges":1,"victory":false,"max_hp_per_floor":[80,80,80,80,80,80,80,80,87,87,87,87,87,87,87,87,87,87,87,87,87,87,87,87,87,87,87,87,87,87,87,87,87,87,87,87,87,87,87,87,87,87,87,87],"card_choices":[{"not_picked":["Cleave","True Grit","Shrug It Off"],"picked":"SKIP","floor":1},{"not_picked":["Shrug It Off","Armaments","Hemokinesis"],"picked":"SKIP","floor":2},{"not_picked":["Havoc","Heavy Blade"],"picked":"Battle Trance","floor":3},{"not_picked":["Pommel Strike","Clash","Havoc"],"picked":"SKIP","floor":5},{"not_picked":["Shrug It Off","Anger"],"picked":"Demon Form","floor":7},{"not_picked":["Intimidate","Power Through"],"picked":"Metallicize","floor":10},{"not_picked":["Pommel Strike","Havoc"],"picked":"Shockwave","floor":11},{"not_picked":["Flex","Pommel Strike"],"picked":"Seeing Red","floor":12},{"not_picked":["Sword Boomerang","True Grit","Twin Strike"],"picked":"SKIP","floor":13},{"not_picked":["Bludgeon","Dark Embrace"],"picked":"Double Tap","floor":16},{"not_picked":["Sword Boomerang","Cleave","Seeing Red"],"picked":"SKIP","floor":18},{"not_picked":["Sentinel","Armaments"],"picked":"Flame Barrier","floor":19},{"not_picked":["Perfected Strike+1","Impervious","Havoc"],"picked":"SKIP","floor":21},{"not_picked":["Perfected Strike","Clothesline+1","Body Slam"],"picked":"SKIP","floor":22},{"not_picked":["Burning Pact","Flex"],"picked":"Evolve","floor":23},{"not_picked":["Entrench","Searing Blow"],"picked":"Cleave+1","floor":25},{"not_picked":["Shrug It Off","Anger"],"picked":"Intimidate+1","floor":27},{"not_picked":["Battle Trance","Havoc+1"],"picked":"Searing Blow+1","floor":28},{"not_picked":["Armaments","Iron Wave"],"picked":"Fire Breathing","floor":29},{"not_picked":["Demon Form","Battle Trance+1","Havoc"],"picked":"SKIP","floor":31},{"not_picked":["Exhume","Barricade"],"picked":"Immolate","floor":33},{"not_picked":["Shrug It Off","Havoc+1"],"picked":"Ghostly Armor+1","floor":34},{"not_picked":["Twin Strike","Warcry"],"picked":"Juggernaut","floor":34},{"not_picked":["Corruption+1","Twin Strike"],"picked":"Shrug It Off+1","floor":34},{"not_picked":["Headbutt+1","Second Wind","Sword Boomerang+1"],"picked":"SKIP","floor":35},{"not_picked":["Anger+1","Wild Strike+1","Shrug It Off+1"],"picked":"SKIP","floor":36},{"not_picked":["Swift Strike","Trip"],"picked":"Sadistic Nature","floor":37},{"not_picked":["Anger","Cleave"],"picked":"Heavy Blade+1","floor":40},{"not_picked":["Rupture+1","Wild Strike+1"],"picked":"Shockwave+1","floor":42}],"player_experience":458552,"relics_obtained":[{"floor":7,"key":"Anchor"},{"floor":9,"key":"Strawberry"},{"floor":10,"key":"Oddly Smooth Stone"},{"floor":12,"key":"Happy Flower"},{"floor":23,"key":"Magic Flower"},{"floor":25,"key":"Pantograph"},{"floor":26,"key":"Charon\u0027s Ashes"},{"floor":29,"key":"Bag of Marbles"},{"floor":39,"key":"Girya"},{"floor":40,"key":"Prayer Wheel"},{"floor":42,"key":"Sundial"},{"floor":43,"key":"Singing Bowl"}],"event_choices":[{"event_name":"Shining Light","player_choice":"Entered Light","floor":4,"damage_taken":0},{"event_name":"Ghosts","player_choice":"Ignored","floor":20,"damage_taken":0},{"event_name":"SensoryStone","player_choice":"Memory 1","floor":37,"damage_taken":0},{"event_name":"Mysterious Sphere","player_choice":"Fight","floor":39,"damage_taken":0}],"is_beta":false,"boss_relics":[{"not_picked":["Fusion Hammer","Busted Crown"],"picked":"Sozu"},{"not_picked":["Runic Pyramid","Cursed Key"],"picked":"Orrery"}],"items_purged_floors":[38],"is_endless":false,"potions_floor_spawned":[1,3,10,11,12,16,19,21,25,27,31,33,36,39,40],"killed_by":"Transient","ascension_level":3}