{"path_per_floor":["M","?","?","?","M","R","E","M","T","M","M","E","M","M","R","B",null,"M","$","M","?","M","R","?","E","T","?","M","?","M","E","R"],"character_chosen":"IRONCLAD","items_purchased":["Rampage","Pantograph"],"gold_per_floor":[118,118,118,118,136,136,171,187,266,280,300,330,349,363,363,463,463,473,103,123,123,133,133,58,92,137,52,62,62,77,111,111],"floor_reached":33,"campfire_rested":0,"playtime":2266,"current_hp_per_floor":[80,64,64,64,68,68,49,55,55,59,65,59,60,66,66,14,80,73,73,74,58,64,64,64,40,40,40,37,21,21,25,25],"items_purged":["Strike_R"],"gold":111,"score":299,"play_id":"f5635811-b8b9-4477-bd76-4d1d1ec9d0b6","is_prod":false,"is_daily":false,"is_ascension_mode":false,"campfire_upgraded":2,"path_taken":["M","?","?","?","?","R","E","M","T","M","M","E","?","M","R","BOSS","M","?","?","?","M","R","?","E","T","?","M","?","M","E","R","BOSS"],"build_version":"2018-02-22-PROD2","purchased_purges":1,"victory":false,"master_deck":["Strike_R","Strike_R+1","Defend_R","Defend_R","Defend_R","Defend_R+1","Bash+1","Pummel","Inflame+1","Bludgeon","Uppercut+1","Thunderclap","Infernal Blade","Battle Trance","Flame Barrier+1","Double Tap+1","Dropkick","Rampage","Headbutt+1","Clumsy","Sever Soul+1"],"max_hp_per_floor":[80,80,80,80,80,80,80,80,80,80,80,80,80,80,80,80,80,80,80,80,80,80,80,80,80,80,80,83,88,88,88,88],"relics":["Burning Blood","Lantern","Gremlin Horn","Girya","Cursed Key","Pantograph","Enchiridion","Bronze Scales","War Paint","Prayer Wheel","Self Forming Clay"],"card_choices":[{"not_picked":["Warcry","Headbutt"],"picked":"Pummel"},{"not_picked":["Body Slam","Thunderclap"],"picked":"Inflame"},{"not_picked":["Iron Wave","Bloodletting"],"picked":"Bludgeon"},{"not_picked":["Flex","True Grit"],"picked":"Uppercut"},{"not_picked":["Armaments","Warcry"],"picked":"Thunderclap"},{"not_picked":["Bloodletting","Warcry"],"picked":"Infernal Blade"},{"not_picked":["True Grit","Clash"],"picked":"Battle Trance"},{"not_picked":["Pommel Strike","Flex"],"picked":"Flame Barrier"},{"not_picked":["Bludgeon","Brutality"],"picked":"Double Tap"},{"not_picked":["True Grit","Twin Strike"],"picked":"Dropkick"},{"not_picked":["Armaments","Thunderclap"],"picked":"Headbutt"},{"not_picked":["True Grit","Uppercut"],"picked":"Sever Soul"}],"player_experience":146339,"potions_floor_usage":[7,18,20,25,28,30,31],"damage_taken":[{"damage":6,"enemies":"Jaw Worm","floor":1,"turns":6},{"damage":2,"enemies":"Small Slimes","floor":5,"turns":3},{"damage":25,"enemies":"Gremlin Nob","floor":7,"turns":4},{"damage":0,"enemies":"2 Louse","floor":8,"turns":2},{"damage":2,"enemies":"Exordium Thugs","floor":10,"turns":3},{"damage":0,"enemies":"Gremlin Gang","floor":11,"turns":2},{"damage":12,"enemies":"3 Sentries","floor":12,"turns":7},{"damage":5,"enemies":"Red Slaver","floor":13,"turns":2},{"damage":0,"enemies":"3 Louse","floor":14,"turns":1},{"damage":58,"enemies":"The Guardian","floor":16,"turns":9},{"damage":13,"enemies":"Shell Parasite","floor":18,"turns":3},{"damage":5,"enemies":"2 Thieves","floor":20,"turns":3},{"damage":0,"enemies":"Snecko","floor":22,"turns":2},{"damage":30,"enemies":"Slavers","floor":25,"turns":5},{"damage":18,"enemies":"Centurion and Healer","floor":28,"turns":4},{"damage":6,"enemies":"Slaver and Parasite","floor":30,"turns":3},{"damage":2,"enemies":"Book of Stabbing","floor":31,"turns":3},{"damage":54,"enemies":"Champ","floor":33,"turns":8}],"event_choices":[{"event_name":"Shining Light","player_choice":"Entered Light","floor":2,"damage_taken":0},{"event_name":"Living Wall","player_choice":"Forget","floor":3,"damage_taken":0},{"event_name":"Liars Game","player_choice":"disagreed","floor":4,"damage_taken":0},{"event_name":"Cursed Tome","player_choice":"Obtained Book","floor":21,"damage_taken":0},{"event_name":"Beggar","player_choice":"Gave Gold","floor":24,"damage_taken":0},{"event_name":"Addict","player_choice":"Obtained Relic","floor":27,"damage_taken":0},{"event_name":"Forgotten Altar","player_choice":"Shed Blood","floor":29,"damage_taken":0}],"boss_relics":[{"not_picked":["Velvet Choker","Snecko Eye"],"picked":"Cursed Key"}],"potions_floor_spawned":[5,7,8,16,20,22,30],"seed_played":"-7003616658480065335","killed_by":"Champ","ascension_level":0,"is_trial":false}