{"gold_per_floor":[117,131,151,151,170,201,201,228,228,228,243,272,272,327,327,327],"floor_reached":16,"playtime":694,"items_purged":[],"score":144,"play_id":"af46b87a-05a8-497c-a23f-e2c8978ef110","local_time":"20180803145644","is_ascension_mode":true,"campfire_choices":[{"data":"Fiend Fire","floor":7,"key":"SMITH"},{"data":"Uppercut","floor":10,"key":"SMITH"},{"data":"Evolve","floor":13,"key":"SMITH"},{"data":"Shrug It Off","floor":15,"key":"SMITH"}],"neow_cost":"NONE","seed_source_timestamp":153342478132256,"circlet_count":0,"master_deck":["Strike_R","Strike_R","Strike_R","Strike_R","Strike_R","Defend_R","Defend_R","Defend_R","Defend_R","Bash","Fiend Fire+1","Cleave","Battle Trance","Shrug It Off+1","Uppercut+1","Pommel Strike","Evolve+1"],"relics":["Burning Blood","CultistMask","Happy Flower","Singing Bowl","Self Forming Clay","Matryoshka","Shuriken","Tiny Chest"],"potions_floor_usage":[8,16,16],"damage_taken":[{"damage":2,"enemies":"Jaw Worm","floor":1,"turns":4},{"damage":0,"enemies":"Cultist","floor":2,"turns":3},{"damage":1,"enemies":"2 Louse","floor":3,"turns":3},{"damage":0,"enemies":"Exordium Wildlife","floor":5,"turns":3},{"damage":24,"enemies":"3 Sentries","floor":6,"turns":8},{"damage":13,"enemies":"Gremlin Nob","floor":8,"turns":3},{"damage":3,"enemies":"Looter","floor":11,"turns":3},{"damage":15,"enemies":"Lagavulin","floor":12,"turns":3},{"damage":54,"enemies":"Hexaghost","floor":16,"turns":11}],"seed_played":"2992063221741476734","potions_obtained":[{"floor":2,"key":"Weak Potion"},{"floor":3,"key":"SteroidPotion"},{"floor":6,"key":"PowerPotion"}],"is_trial":false,"path_per_floor":["M","M","M","?","M","E","R","E","T","R","M","E","R","T","R"],"character_chosen":"IRONCLAD","items_purchased":[],"campfire_rested":0,"item_purchase_floors":[],"current_hp_per_floor":[80,80,80,80,80,62,62,57,57,57,60,51,51,51,51,0],"gold":327,"neow_bonus":"ONE_RANDOM_RARE_CARD","is_prod":false,"is_daily":false,"chose_seed":false,"campfire_upgraded":4,"win_rate":0,"timestamp":1533301004,"path_taken":["M","M","M","?","M","E","R","E","T","R","M","E","R","?","R","BOSS"],"build_version":"2018-08-02","purchased_purges":0,"victory":false,"max_hp_per_floor":[80,80,80,80,80,80,80,82,82,82,82,82,82,82,82,82],"card_choices":[{"not_picked":["Thunderclap","Clash"],"picked":"Cleave","floor":1},{"not_picked":["Thunderclap","Flex"],"picked":"Battle Trance","floor":2},{"not_picked":["Cleave","Twin Strike","Perfected Strike"],"picked":"SKIP","floor":3},{"not_picked":["Havoc","Clash"],"picked":"Shrug It Off","floor":5},{"not_picked":["Rupture","Combust"],"picked":"Uppercut","floor":6},{"not_picked":["Havoc","Fire Breathing","Sword Boomerang"],"picked":"Singing Bowl","floor":8},{"not_picked":["Hemokinesis","Wild Strike"],"picked":"Pommel Strike","floor":11},{"not_picked":["Havoc","Cleave"],"picked":"Evolve","floor":12}],"player_experience":477496,"relics_obtained":[{"floor":6,"key":"Happy Flower"},{"floor":8,"key":"Singing Bowl"},{"floor":9,"key":"Self Forming Clay"},{"floor":12,"key":"Matryoshka"},{"floor":14,"key":"Shuriken"},{"floor":14,"key":"Tiny Chest"}],"event_choices":[{"event_name":"FaceTrader","player_choice":"Trade","floor":4,"damage_taken":0}],"is_beta":false,"boss_relics":[],"items_purged_floors":[],"is_endless":false,"potions_floor_spawned":[2,3,6],"killed_by":"Hexaghost","ascension_level":4}