{"path_per_floor":["M","?","?","M","M","R","?","M","T","E","R","M","R","E","R"],"character_chosen":"DEFECT","items_purchased":[],"gold_per_floor":[114,114,64,74,85,85,85,99,123,149,149,165,165,190,190,190],"floor_reached":16,"campfire_rested":0,"playtime":528,"item_purchase_floors":[],"current_hp_per_floor":[74,67,67,65,64,64,75,75,75,23,23,27,27,19,19,0],"items_purged":[],"gold":190,"score":110,"play_id":"fb0e0bf0-f056-4144-b8d5-519af9d512ed","local_time":"20180602040918","is_prod":false,"is_daily":false,"chose_seed":false,"is_ascension_mode":false,"campfire_upgraded":4,"win_rate":0.0,"timestamp":1527905358,"campfire_choices":[{"data":"Self Repair","floor":6,"key":"SMITH"},{"data":"Fusion","floor":11,"key":"SMITH"},{"data":"Rip and Tear","floor":13,"key":"SMITH"},{"data":"Zap","floor":15,"key":"SMITH"}],"path_taken":["M","?","?","M","M","R","?","?","T","E","R","M","R","E","R","BOSS"],"build_version":"2018-05-31","seed_source_timestamp":12170260747744,"purchased_purges":0,"victory":false,"master_deck":["Strike_B","Strike_B","Defend_B","Defend_B","Defend_B","Defend_B","Zap+1","Dualcast","Fusion+1","Self Repair+1","Heatsinks","Rip and Tear+1","Double Energy"],"max_hp_per_floor":[75,75,75,75,75,75,75,75,75,75,75,75,75,75,75,75],"relics":["Cracked Core","Pen Nib","Oddly Smooth Stone","Juzu Bracelet"],"card_choices":[{"not_picked":["Leap","Conserve Battery"],"picked":"Fusion","floor":1},{"not_picked":["Barrage","Redo"],"picked":"Self Repair","floor":4},{"not_picked":["Coolheaded","Beam Cell"],"picked":"Reprogram","floor":5},{"not_picked":["Beam Cell","Hello World"],"picked":"Heatsinks","floor":8},{"not_picked":["Reprogram","Stack"],"picked":"Rip and Tear","floor":10},{"not_picked":["Cold Snap","Steam","Barrage"],"picked":"SKIP","floor":12},{"not_picked":["Seek","Compile Driver"],"picked":"Double Energy","floor":14}],"player_experience":296919,"potions_floor_usage":[10],"damage_taken":[{"damage":1,"enemies":"Cultist","floor":1,"turns":4},{"damage":2,"enemies":"Small Slimes","floor":4,"turns":4},{"damage":8,"enemies":"Jaw Worm","floor":5,"turns":5},{"damage":8,"enemies":"2 Fungi Beasts","floor":8,"turns":4},{"damage":62,"enemies":"Gremlin Nob","floor":10,"turns":5},{"damage":6,"enemies":"Exordium Wildlife","floor":12,"turns":4},{"damage":18,"enemies":"Lagavulin","floor":14,"turns":5},{"damage":23,"enemies":"Slime Boss","floor":16,"turns":3}],"relics_obtained":[{"floor":9,"key":"Pen Nib"},{"floor":10,"key":"Oddly Smooth Stone"},{"floor":14,"key":"Juzu Bracelet"}],"event_choices":[{"event_name":"Golden Wing","player_choice":"Card Removal","floor":2,"damage_taken":0},{"event_name":"The Cleric","player_choice":"Card Removal","floor":3,"damage_taken":0},{"event_name":"Bonfire Elementals","player_choice":"UNCOMMON","floor":7,"damage_taken":0}],"boss_relics":[],"items_purged_floors":[],"potions_floor_spawned":[8,10],"seed_played":"-5085681400488104571","killed_by":"Slime Boss","ascension_level":0,"potions_obtained":[{"floor":8,"key":"Block Potion"},{"floor":10,"key":"Energy Potion"}],"is_trial":false}