{"gold_per_floor":[109,109,128,143,159,159,179,179,204,268,80,80,80,5,5,104,104,120,131,144,174,184,283,283,283,283,37,37,68,88,104,104,104],"floor_reached":33,"playtime":1577,"items_purged":[],"score":321,"play_id":"2cddff8a-c224-459c-854b-25de8ce7ff53","local_time":"20190228190656","is_ascension_mode":true,"campfire_choices":[{"data":"Flying Knee","floor":6,"key":"SMITH"},{"floor":8,"key":"REST"},{"floor":15,"key":"REST"},{"floor":25,"key":"REST"},{"floor":28,"key":"REST"},{"floor":32,"key":"REST"}],"neow_cost":"NONE","seed_source_timestamp":23711584881808,"circlet_count":0,"master_deck":["Defend_G+1","Defend_G+1","Defend_G+1","Defend_G+1","Defend_G+1","Strike_G+1","Strike_G+1","Strike_G+1","Strike_G+1","Strike_G+1","Survivor","Neutralize","Flying Knee+1","Quick Slash","Flying Knee","Footwork","Dagger Spray+1","Blur","Riddle With Holes","Masterful Stab","Caltrops","After Image","Crippling Poison","Terror+1","Deadly Poison","Leg Sweep","Footwork","Cloak And Dagger","Masterful Stab"],"relics":["Ring of the Snake","Vajra","Snake Skull","Orichalcum","Runic Dome","Red Mask","Blue Candle","DollysMirror","Tingsha"],"potions_floor_usage":[10,16,19,20,29,30],"damage_taken":[{"damage":6,"enemies":"Jaw Worm","floor":1,"turns":5},{"damage":1,"enemies":"Small Slimes","floor":3,"turns":3},{"damage":2,"enemies":"2 Louse","floor":4,"turns":2},{"damage":20,"enemies":"2 Fungi Beasts","floor":5,"turns":4},{"damage":2,"enemies":"3 Louse","floor":7,"turns":3},{"damage":10,"enemies":"3 Sentries","floor":10,"turns":6},{"damage":31,"enemies":"The Guardian","floor":16,"turns":12},{"damage":8,"enemies":"Spheric Guardian","floor":18,"turns":4},{"damage":14,"enemies":"Chosen","floor":19,"turns":6},{"damage":1,"enemies":"Centurion and Healer","floor":20,"turns":5},{"damage":0,"enemies":"Masked Bandits","floor":21,"turns":4},{"damage":14,"enemies":"Cultist and Chosen","floor":22,"turns":4},{"damage":13,"enemies":"Book of Stabbing","floor":29,"turns":5},{"damage":15,"enemies":"Snecko","floor":30,"turns":7},{"damage":0,"enemies":"3 Cultists","floor":31,"turns":4},{"damage":63,"enemies":"Collector","floor":33,"turns":7}],"seed_played":"-83255327348232952","potions_obtained":[{"floor":1,"key":"Energy Potion"},{"floor":5,"key":"AttackPotion"},{"floor":16,"key":"PowerPotion"},{"floor":19,"key":"Swift Potion"},{"floor":22,"key":"Strength Potion"},{"floor":29,"key":"Block Potion"}],"is_trial":false,"path_per_floor":["M","?","M","M","M","R","M","R","T","?","$","?","?","$","R","B",null,"M","M","M","?","M","?","?","R","T","$","R","E","M","M","R","B"],"character_chosen":"THE_SILENT","items_purchased":["Blur","Riddle With Holes","Masterful Stab","Caltrops","DollysMirror","Fire Potion"],"campfire_rested":5,"item_purchase_floors":[11,11,11,14,27,27],"current_hp_per_floor":[64,64,63,61,41,41,39,60,60,50,50,50,47,47,68,37,62,54,40,39,39,25,25,25,46,46,46,67,54,39,39,60,0],"gold":104,"neow_bonus":"UPGRADE_CARD","is_prod":false,"is_daily":false,"chose_seed":false,"campfire_upgraded":1,"win_rate":0,"timestamp":1551402416,"path_taken":["M","?","M","M","M","R","M","R","T","?","$","?","?","?","R","BOSS","M","M","M","?","M","?","?","R","T","$","R","E","M","?","R","BOSS"],"build_version":"2019-01-23","purchased_purges":0,"victory":false,"max_hp_per_floor":[70,70,70,70,70,70,70,70,70,70,70,70,70,70,70,70,70,70,70,70,70,70,70,70,70,70,70,70,70,70,70,70,70],"card_choices":[{"not_picked":["Endless Agony","Heel Hook"],"picked":"Flying Knee","floor":1},{"not_picked":["Sucker Punch","Dagger Throw"],"picked":"Quick Slash","floor":3},{"not_picked":["Sucker Punch","Finisher"],"picked":"Flying Knee","floor":4},{"not_picked":["Flying Knee","Deflect"],"picked":"Footwork","floor":5},{"not_picked":["Poisoned Stab","Eviscerate"],"picked":"Dagger Spray","floor":7},{"not_picked":["Night Terror","Doppelganger"],"picked":"After Image","floor":16},{"not_picked":["Underhanded Strike+1","Tactician+1"],"picked":"Crippling Poison","floor":18},{"not_picked":["Blade Dance","Underhanded Strike","Dagger Throw"],"picked":"SKIP","floor":19},{"not_picked":["Setup","Flying Knee"],"picked":"Terror+1","floor":20},{"not_picked":["Bane+1","Blade Dance"],"picked":"Deadly Poison","floor":21},{"not_picked":["Backflip","Outmaneuver"],"picked":"Leg Sweep","floor":22},{"not_picked":["Heel Hook","After Image"],"picked":"Cloak And Dagger","floor":29},{"not_picked":["Outmaneuver","Dagger Spray"],"picked":"Masterful Stab","floor":30},{"not_picked":["Dagger Throw","Masterful Stab","Reflex+1"],"picked":"SKIP","floor":31}],"player_experience":482593,"relics_obtained":[{"floor":9,"key":"Vajra"},{"floor":10,"key":"Snake Skull"},{"floor":21,"key":"Red Mask"},{"floor":26,"key":"Blue Candle"},{"floor":29,"key":"Tingsha"}],"event_choices":[{"damage_healed":0,"gold_gain":0,"player_choice":"Ignored","damage_taken":0,"max_hp_gain":0,"max_hp_loss":0,"event_name":"Liars Game","floor":2,"gold_loss":0},{"damage_healed":0,"gold_gain":0,"player_choice":"Searched \u00271\u0027 times","damage_taken":0,"max_hp_gain":0,"max_hp_loss":0,"event_name":"Dead Adventurer","floor":10,"gold_loss":0},{"damage_healed":0,"gold_gain":0,"player_choice":"Grow","damage_taken":0,"max_hp_gain":0,"max_hp_loss":0,"event_name":"Living Wall","floor":12,"gold_loss":0,"cards_upgraded":["Dagger Spray"]},{"damage_healed":0,"gold_gain":0,"player_choice":"Success","damage_taken":3,"relics_obtained":["Orichalcum"],"max_hp_gain":0,"max_hp_loss":0,"event_name":"Scrap Ooze","floor":13,"gold_loss":0},{"damage_healed":0,"gold_gain":0,"player_choice":"Fought Bandits","damage_taken":0,"max_hp_gain":0,"max_hp_loss":0,"event_name":"Masked Bandits","floor":21,"gold_loss":0},{"damage_healed":0,"gold_gain":99,"player_choice":"Stole From Cult","damage_taken":0,"max_hp_gain":0,"max_hp_loss":0,"event_name":"Nest","floor":23,"gold_loss":0},{"damage_healed":0,"gold_gain":0,"player_choice":"Simplicity","damage_taken":0,"max_hp_gain":0,"max_hp_loss":0,"event_name":"Back to Basics","floor":24,"gold_loss":0,"cards_upgraded":["Defend_G","Defend_G","Defend_G","Defend_G","Defend_G","Strike_G","Strike_G","Strike_G","Strike_G"]}],"is_beta":false,"boss_relics":[{"not_picked":["WristBlade","Coffee Dripper"],"picked":"Runic Dome"}],"items_purged_floors":[],"is_endless":false,"potions_floor_spawned":[1,5,16,19,22,29],"killed_by":"Collector","ascension_level":5}