{"gold_per_floor":[113,124,139,156,166,193,193,223,223,223,241,241,272,239,239,311,311,324,324,339,27,39,39,64,78,78,94,112,112,123,140,140,217,217,237,29,29,29,76,76,76,76,127,127,138,150,161,175,175,175],"floor_reached":50,"playtime":2794,"items_purged":[],"score":797,"play_id":"7f910cf9-daa6-4928-897c-92e1d0fca8ed","local_time":"20190204144311","is_ascension_mode":true,"campfire_choices":[{"data":"Neutralize","floor":7,"key":"SMITH"},{"data":"Noxious Fumes","floor":10,"key":"SMITH"},{"data":"Dodge and Roll","floor":12,"key":"SMITH"},{"floor":15,"key":"REST"},{"data":"Footwork","floor":23,"key":"SMITH"},{"data":"Cloak And Dagger","floor":29,"key":"SMITH"},{"data":"Cloak And Dagger","floor":32,"key":"SMITH"},{"data":"Cloak And Dagger","floor":40,"key":"SMITH"},{"data":"Well Laid Plans","floor":42,"key":"SMITH"},{"data":"Deadly Poison","floor":44,"key":"SMITH"},{"data":"Bullet Time","floor":49,"key":"SMITH"}],"neow_cost":"NONE","seed_source_timestamp":944628973338700,"circlet_count":0,"master_deck":["AscendersBane","Defend_G","Defend_G","Defend_G","Defend_G","Defend_G","Strike_G","Strike_G","Strike_G","Strike_G","Strike_G","Survivor","Neutralize+1","Cloak And Dagger+1","Noxious Fumes+1","Dagger Throw","Blur","Backstab","Cloak And Dagger+1","Backstab","Dodge and Roll+1","Deflect","Escape Plan","Bullet Time+1","Poisoned Stab","Deadly Poison+1","Footwork+1","Blur","Dagger Spray","Backflip","Deadly Poison","Dodge and Roll","Cloak And Dagger+1","Well Laid Plans+1","Night Terror+1","Deadly Poison","Flash of Steel","Prepared+1","Deflect","Noxious Fumes","Slice+1"],"relics":["Ring of the Snake","Lantern","Oddly Smooth Stone","Pantograph","Bag of Preparation","WristBlade","Enchiridion","Bronze Scales","Omamori","Mercury Hourglass","Eternal Feather","ClockworkSouvenir","Tough Bandages","Dream Catcher"],"potions_floor_usage":[4,6,13,18,33,33,47,48,50],"damage_taken":[{"damage":1,"enemies":"Jaw Worm","floor":1,"turns":4},{"damage":1,"enemies":"Small Slimes","floor":2,"turns":5},{"damage":0,"enemies":"Cultist","floor":3,"turns":3},{"damage":0,"enemies":"Lots of Slimes","floor":4,"turns":1},{"damage":0,"enemies":"Blue Slaver","floor":5,"turns":4},{"damage":31,"enemies":"Lagavulin","floor":6,"turns":7},{"damage":1,"enemies":"3 Sentries","floor":8,"turns":7},{"damage":0,"enemies":"Looter","floor":11,"turns":2},{"damage":11,"enemies":"Gremlin Nob","floor":13,"turns":5},{"damage":1,"enemies":"The Guardian","floor":16,"turns":12},{"damage":0,"enemies":"Chosen","floor":18,"turns":4},{"damage":0,"enemies":"2 Thieves","floor":20,"turns":3},{"damage":6,"enemies":"Centurion and Healer","floor":22,"turns":4},{"damage":1,"enemies":"3 Cultists","floor":25,"turns":5},{"damage":0,"enemies":"Chosen and Byrds","floor":27,"turns":4},{"damage":0,"enemies":"Snake Plant","floor":28,"turns":3},{"damage":0,"enemies":"Snecko","floor":30,"turns":4},{"damage":1,"enemies":"Centurion and Healer","floor":31,"turns":7},{"damage":20,"enemies":"Collector","floor":33,"turns":12},{"damage":0,"enemies":"3 Shapes","floor":35,"turns":3},{"damage":16,"enemies":"2 Orb Walkers","floor":39,"turns":6},{"damage":0,"enemies":"3 Darklings","floor":45,"turns":4},{"damage":24,"enemies":"Maw","floor":46,"turns":6},{"damage":1,"enemies":"Transient","floor":47,"turns":5},{"damage":6,"enemies":"Spire Growth","floor":48,"turns":4},{"damage":73,"enemies":"Awakened One","floor":50,"turns":15}],"seed_played":"5551775210974381010","potions_obtained":[{"floor":1,"key":"SneckoOil"},{"floor":3,"key":"Explosive Potion"},{"floor":4,"key":"Block Potion"},{"floor":6,"key":"GhostInAJar"},{"floor":18,"key":"Energy Potion"},{"floor":20,"key":"Poison Potion"},{"floor":28,"key":"PowerPotion"},{"floor":46,"key":"GhostInAJar"},{"floor":47,"key":"Fire Potion"},{"floor":48,"key":"GhostInAJar"}],"is_trial":false,"path_per_floor":["M","M","M","M","M","E","R","E","T","R","M","R","E","?","R","B",null,"M","?","M","$","M","R","T","M","T","M","M","R","M","M","R","B",null,"M","$","?","$","?","R","?","R","T","R","M","M","M","M","R","B"],"character_chosen":"THE_SILENT","items_purchased":["Footwork","Bronze Scales","Blur","Dagger Spray","ClockworkSouvenir"],"campfire_rested":1,"item_purchase_floors":[21,21,21,21,36],"current_hp_per_floor":[62,61,61,61,61,30,30,29,29,29,29,29,18,18,39,63,68,68,52,52,52,46,46,46,45,45,45,45,45,45,44,44,49,65,65,65,65,65,49,70,70,70,70,70,70,46,45,39,63,0],"gold":175,"neow_bonus":"THREE_CARDS","is_prod":false,"is_daily":false,"chose_seed":false,"campfire_upgraded":10,"win_rate":0,"timestamp":1549287791,"path_taken":["M","M","M","M","M","E","R","E","T","R","M","R","E","?","R","BOSS","M","?","M","$","M","R","?","?","T","?","M","R","M","M","R","BOSS","M","?","?","$","?","R","?","R","T","R","M","M","M","M","R","BOSS"],"build_version":"2019-01-23","purchased_purges":0,"victory":false,"max_hp_per_floor":[70,70,70,70,70,70,70,70,70,70,70,70,70,70,70,70,70,70,70,70,70,70,70,70,70,70,70,70,70,70,70,70,70,70,70,70,70,70,70,70,70,70,70,70,70,70,70,70,70,70],"card_choices":[{"not_picked":["Terror","Heel Hook"],"picked":"Cloak And Dagger","floor":0},{"not_picked":["Backstab","PiercingWail"],"picked":"Noxious Fumes","floor":1},{"not_picked":["Heel Hook","Concentrate"],"picked":"Dagger Throw","floor":2},{"not_picked":["Flechettes","Distraction"],"picked":"Blur","floor":3},{"not_picked":["Quick Slash","Outmaneuver"],"picked":"Backstab","floor":4},{"not_picked":["Acrobatics","Bouncing Flask"],"picked":"Cloak And Dagger","floor":5},{"not_picked":["Flying Knee","Setup"],"picked":"Backstab","floor":6},{"not_picked":["Escape Plan","Caltrops"],"picked":"Dodge and Roll","floor":8},{"not_picked":["Predator","Prepared"],"picked":"Deflect","floor":11},{"not_picked":["Predator","Accuracy"],"picked":"Escape Plan","floor":13},{"not_picked":["Unload","Venomology"],"picked":"Bullet Time","floor":16},{"not_picked":["PiercingWail","Dodge and Roll"],"picked":"Poisoned Stab","floor":18},{"not_picked":["Calculated Gamble","Riddle With Holes"],"picked":"Deadly Poison","floor":20},{"not_picked":["Endless Agony","Blade Dance","Concentrate"],"picked":"SKIP","floor":22},{"not_picked":["Prepared","Flying Knee"],"picked":"Backflip","floor":25},{"not_picked":["Slice","Blade Dance"],"picked":"Deadly Poison","floor":27},{"not_picked":["After Image","Endless Agony"],"picked":"Dodge and Roll","floor":28},{"not_picked":["Flying Knee","Quick Slash"],"picked":"Cloak And Dagger","floor":30},{"not_picked":["Terror","Deadly Poison"],"picked":"Well Laid Plans","floor":31},{"not_picked":["Malaise","Wraith Form v2"],"picked":"Night Terror","floor":33},{"not_picked":["Dodge and Roll","Heel Hook+1"],"picked":"Deadly Poison","floor":35},{"not_picked":["Deep Breath","Forethought"],"picked":"Flash of Steel","floor":37},{"not_picked":["Riddle With Holes","Blade Dance"],"picked":"Prepared+1","floor":39},{"not_picked":["Masterful Stab","Flying Knee"],"picked":"Deflect","floor":45},{"not_picked":["Backstab","Poisoned Stab"],"picked":"Noxious Fumes","floor":46},{"not_picked":["Cloak And Dagger","Deadly Poison","Slice"],"picked":"SKIP","floor":47},{"not_picked":["Heel Hook","Reflex"],"picked":"Slice+1","floor":48}],"player_experience":463126,"relics_obtained":[{"floor":6,"key":"Lantern"},{"floor":8,"key":"Oddly Smooth Stone"},{"floor":9,"key":"Pantograph"},{"floor":13,"key":"Bag of Preparation"},{"floor":19,"key":"Enchiridion"},{"floor":24,"key":"Omamori"},{"floor":26,"key":"Mercury Hourglass"},{"floor":39,"key":"Tough Bandages"},{"floor":43,"key":"Dream Catcher"}],"event_choices":[{"damage_healed":0,"gold_gain":0,"player_choice":"Left Gold","damage_taken":0,"max_hp_gain":0,"max_hp_loss":0,"event_name":"World of Goop","floor":14,"gold_loss":33},{"damage_healed":0,"gold_gain":0,"player_choice":"Obtained Book","damage_taken":16,"max_hp_gain":0,"max_hp_loss":0,"event_name":"Cursed Tome","floor":19,"gold_loss":0},{"damage_healed":0,"gold_gain":0,"player_choice":"Memory 1","damage_taken":0,"max_hp_gain":0,"max_hp_loss":0,"event_name":"SensoryStone","floor":37,"gold_loss":0},{"damage_healed":0,"gold_gain":0,"player_choice":"Fight","damage_taken":0,"max_hp_gain":0,"max_hp_loss":0,"event_name":"Mysterious Sphere","floor":39,"gold_loss":0},{"damage_healed":0,"gold_gain":0,"player_choice":"Upgraded","damage_taken":0,"max_hp_gain":0,"max_hp_loss":0,"event_name":"Upgrade Shrine","floor":41,"gold_loss":0,"cards_upgraded":["Night Terror"]}],"is_beta":false,"boss_relics":[{"not_picked":["White Beast Statue","Snecko Eye"],"picked":"WristBlade"},{"not_picked":["Ring of the Serpent","Pandora\u0027s Box"],"picked":"Eternal Feather"}],"items_purged_floors":[],"is_endless":false,"potions_floor_spawned":[1,3,4,6,11,18,20,27,28,31,46,47,48],"killed_by":"Awakened One","ascension_level":13}