{"path_per_floor":["M","?","M","?","M","R","E","M","T","M","R","$","R","M","R","B",null,"M","?","$","?","?","R","M","R","T","M","$","R","E","M","R","B",null,"M","M","?","M","M"],"character_chosen":"DEFECT","items_purchased":["Doom and Gloom","Auto Shields","Impulse"],"gold_per_floor":[114,114,134,84,99,99,125,138,208,218,218,65,65,76,76,174,174,192,192,21,21,21,21,38,38,38,58,32,32,63,75,75,174,204,222,238,238,258,274,274],"floor_reached":40,"campfire_rested":3,"playtime":1709,"current_hp_per_floor":[73,78,78,78,78,78,50,44,44,43,67,67,67,52,52,22,80,60,44,44,44,44,68,46,46,46,53,53,77,54,41,41,44,85,73,47,95,90,71,0],"items_purged":["Defend_B","Strike_B"],"gold":274,"score":433,"play_id":"711b3100-e0bd-43bb-b0f3-a7fdb25d585c","local_time":"20180508185324","is_prod":false,"is_daily":false,"chose_seed":false,"is_ascension_mode":false,"campfire_upgraded":5,"timestamp":1525820004,"path_taken":["M","?","M","?","?","R","E","M","T","?","R","$","R","M","R","BOSS","M","?","$","?","?","R","?","R","T","M","?","R","E","M","R","BOSS","M","M","?","M","M","E"],"build_version":"2018-05-07","seed_source_timestamp":2680496835240,"purchased_purges":2,"victory":false,"master_deck":["Strike_B+1","Strike_B","Defend_B","Defend_B","Defend_B+1","Zap+1","Dualcast+1","Doom and Gloom","Impulse+1","FTL","Defragment+1","Capacitor","Doom and Gloom","Biased Cognition+1","Impulse","Auto Shields+1","Zap","White Noise+1","Skim+1","Impulse+1","Skim","Go for the Eyes+1","Darkness","Auto Shields+1"],"max_hp_per_floor":[75,80,80,80,80,80,80,80,80,80,80,80,80,80,80,80,80,80,80,80,80,80,80,80,80,80,80,80,80,80,80,80,80,85,85,85,95,95,95,95],"relics":["Cracked Core","Calipers","Mummified Hand","Nuclear Battery","Enchiridion","Pantograph","War Paint","Tiny House"],"card_choices":[{"not_picked":["Skim","Capacitor"],"picked":"Doom and Gloom","floor":1},{"not_picked":["Beam Cell","Conserve Battery"],"picked":"Impulse","floor":5},{"not_picked":["Glacier","Axe Kick"],"picked":"FTL","floor":7},{"not_picked":["Recycle","Stack"],"picked":"Defragment","floor":8},{"not_picked":["All For One","FTL"],"picked":"Capacitor","floor":10},{"not_picked":["Prime","Nova"],"picked":"Biased Cognition","floor":16},{"not_picked":["Hologram","Melter"],"picked":"Impulse","floor":18},{"not_picked":["Double Energy","Sweeping Beam"],"picked":"White Noise","floor":24},{"not_picked":["Barrage","Turbo"],"picked":"Skim","floor":27},{"not_picked":["Nova","Biased Cognition"],"picked":"Machine Learning","floor":33},{"not_picked":["Beam Cell","Hologram"],"picked":"Skim","floor":35},{"not_picked":["Recycle","Barrage"],"picked":"Go for the Eyes","floor":36},{"not_picked":["Melter","Genetic Algorithm"],"picked":"Darkness","floor":38},{"not_picked":["Ball Lightning","Loop"],"picked":"Auto Shields","floor":39}],"player_experience":244430,"potions_floor_usage":[14,27,40,40,40],"damage_taken":[{"damage":2,"enemies":"2 Louse","floor":1,"turns":2},{"damage":0,"enemies":"Small Slimes","floor":3,"turns":2},{"damage":0,"enemies":"Cultist","floor":5,"turns":3},{"damage":28,"enemies":"Gremlin Nob","floor":7,"turns":4},{"damage":6,"enemies":"3 Louse","floor":8,"turns":2},{"damage":1,"enemies":"2 Fungi Beasts","floor":10,"turns":2},{"damage":15,"enemies":"Exordium Thugs","floor":14,"turns":3},{"damage":30,"enemies":"Slime Boss","floor":16,"turns":4},{"damage":20,"enemies":"2 Thieves","floor":18,"turns":3},{"damage":22,"enemies":"Spheric Guardian","floor":24,"turns":4},{"damage":0,"enemies":"Snake Plant","floor":27,"turns":3},{"damage":23,"enemies":"Slavers","floor":30,"turns":3},{"damage":13,"enemies":"Sentry and Sphere","floor":31,"turns":4},{"damage":29,"enemies":"Champ","floor":33,"turns":6},{"damage":12,"enemies":"3 Shapes","floor":35,"turns":3},{"damage":26,"enemies":"Flame Bruiser 1 Orb","floor":36,"turns":4},{"damage":5,"enemies":"Sphere and 2 Shapes","floor":38,"turns":3},{"damage":19,"enemies":"3 Darklings","floor":39,"turns":2},{"damage":81,"enemies":"2 Orb Walkers","floor":40,"turns":5}],"event_choices":[{"event_name":"Big Fish","player_choice":"Donut","floor":2,"damage_taken":0},{"event_name":"The Cleric","player_choice":"Card Removal","floor":4,"damage_taken":0},{"event_name":"Cursed Tome","player_choice":"Obtained Book","floor":19,"damage_taken":0},{"event_name":"Ghosts","player_choice":"Ignored","floor":21,"damage_taken":0},{"event_name":"Match and Keep!","player_choice":"1 cards matched","floor":22,"damage_taken":0},{"event_name":"Bonfire Elementals","player_choice":"RARE","floor":37,"damage_taken":0}],"boss_relics":[{"not_picked":["White Beast Statue","Inserter"],"picked":"Nuclear Battery"},{"not_picked":["Runic Pyramid","Philosopher\u0027s Stone"],"picked":"Tiny House"}],"potions_floor_spawned":[7,8,14,16,30,31,35,39],"seed_played":"4405094993418158842","killed_by":"2 Orb Walkers","ascension_level":0,"is_trial":false}