{"gold_per_floor":[118,130,140,156,174,233,250,250,274,274,308,120,153,153],"floor_reached":14,"playtime":442,"items_purged":[],"score":151,"play_id":"1d9e3872-ad13-425a-9ebb-e6df8ed7c70c","local_time":"20190111035250","is_ascension_mode":true,"campfire_choices":[{"floor":8,"key":"REST"},{"data":"Capacitor","floor":10,"key":"SMITH"}],"neow_cost":"NONE","seed_source_timestamp":169605006083050,"circlet_count":0,"master_deck":["Strike_B","Strike_B","Strike_B","Strike_B","Defend_B","Defend_B","Defend_B","Defend_B","Zap","Dualcast","FTL","Chill","Capacitor+1","Self Repair","All For One","Barrage","Redo","Blizzard"],"relics":["Cracked Core","Tiny Chest","Strawberry","Du-Vu Doll","DataDisk","Boot"],"potions_floor_usage":[13,13],"damage_taken":[{"damage":0,"enemies":"Small Slimes","floor":1,"turns":2},{"damage":0,"enemies":"2 Louse","floor":2,"turns":2},{"damage":0,"enemies":"Cultist","floor":3,"turns":3},{"damage":4,"enemies":"Looter","floor":4,"turns":4},{"damage":17,"enemies":"2 Fungi Beasts","floor":5,"turns":4},{"damage":29,"enemies":"Gremlin Nob","floor":6,"turns":4},{"damage":20,"enemies":"Exordium Wildlife","floor":7,"turns":6},{"damage":31,"enemies":"Lagavulin","floor":11,"turns":7},{"damage":27,"enemies":"Gremlin Nob","floor":13,"turns":4},{"damage":13,"enemies":"Blue Slaver","floor":14,"turns":2}],"seed_played":"-1349608086983939587","potions_obtained":[{"floor":2,"key":"SpeedPotion"},{"floor":3,"key":"FocusPotion"},{"floor":4,"key":"Dexterity Potion"},{"floor":13,"key":"FearPotion"}],"is_trial":false,"path_per_floor":["M","M","M","M","M","E","M","R","T","R","E","$","E","M"],"character_chosen":"DEFECT","items_purchased":["Blizzard","DataDisk"],"campfire_rested":1,"item_purchase_floors":[12,12],"current_hp_per_floor":[75,75,75,71,61,39,26,50,57,57,33,33,13,0],"gold":153,"neow_bonus":"TEN_PERCENT_HP_BONUS","is_prod":false,"is_daily":false,"chose_seed":false,"campfire_upgraded":1,"win_rate":0,"timestamp":1547175170,"path_taken":["M","M","M","M","M","E","M","R","T","R","E","$","E","M"],"build_version":"2019-01-03v4","purchased_purges":0,"victory":false,"max_hp_per_floor":[82,82,82,82,82,82,82,82,89,89,89,89,89,89],"card_choices":[{"not_picked":["Cold Snap","Conserve Battery"],"picked":"FTL","floor":1},{"not_picked":["Turbo","Go for the Eyes"],"picked":"Chill","floor":2},{"not_picked":["Amplify","Hologram"],"picked":"Capacitor","floor":3},{"not_picked":["Compile Driver","Coolheaded"],"picked":"Self Repair","floor":4},{"not_picked":["Beam Cell","Aggregate","Stack"],"picked":"SKIP","floor":5},{"not_picked":["Redo","Leap"],"picked":"All For One","floor":6},{"not_picked":["Turbo","Gash"],"picked":"Barrage","floor":7},{"not_picked":["Scrape","Steam"],"picked":"Redo","floor":11},{"not_picked":["Leap","Darkness","Redo"],"picked":"SKIP","floor":13}],"player_experience":665400,"relics_obtained":[{"floor":6,"key":"Tiny Chest"},{"floor":9,"key":"Strawberry"},{"floor":11,"key":"Du-Vu Doll"},{"floor":13,"key":"Boot"}],"event_choices":[],"is_beta":false,"boss_relics":[],"items_purged_floors":[],"is_endless":false,"potions_floor_spawned":[2,3,4,13],"killed_by":"Blue Slaver","ascension_level":7}