{"path_per_floor":["M","M","$","M","M","E","M","E","T","?","E","M","M","M","R","B",null,"M","?","M"],"character_chosen":"DEFECT","items_purchased":["Loop"],"gold_per_floor":[110,123,42,54,66,100,112,137,185,242,277,288,299,319,319,423,423,436,436,454,454],"floor_reached":21,"campfire_rested":1,"playtime":1425,"item_purchase_floors":[3],"current_hp_per_floor":[73,73,73,73,73,72,65,73,73,58,45,39,23,22,48,14,89,63,63,27,0],"items_purged":[],"gold":454,"score":226,"play_id":"7b9b17f8-5888-4b07-9612-9bc1197241f3","local_time":"20180622031335","is_prod":false,"is_daily":false,"chose_seed":false,"is_ascension_mode":true,"campfire_upgraded":0,"win_rate":0,"timestamp":1529630015,"campfire_choices":[{"floor":15,"key":"REST"}],"path_taken":["M","M","$","M","M","E","M","E","T","?","E","M","M","M","R","BOSS","M","?","M","M"],"build_version":"2018-06-14v2","seed_source_timestamp":48149829775480,"purchased_purges":0,"victory":false,"master_deck":["Strike_B","Strike_B","Strike_B","Strike_B","Defend_B","Defend_B","Defend_B","Defend_B","Zap","Dualcast","Heatsinks","Loop","FTL","Reinforced Body","Machine Learning","Melter","Thunder Strike","Creative AI","Static Discharge","Heatsinks+1"],"max_hp_per_floor":[75,75,75,75,75,75,75,89,89,89,89,89,89,89,89,89,89,89,89,89,89],"relics":["Cracked Core","Bag of Preparation","Emotion Chip","Mango","Boot","Mercury Hourglass","Juzu Bracelet","Black Star"],"card_choices":[{"not_picked":["Barrage","Reprogram"],"picked":"Heatsinks","floor":1},{"not_picked":["Sweeping Beam","Go for the Eyes","Steam"],"picked":"SKIP","floor":2},{"not_picked":["Beam Cell","Coolheaded"],"picked":"FTL","floor":4},{"not_picked":["Rebound","Hologram"],"picked":"Reinforced Body","floor":5},{"not_picked":["Hello World","Redo","Hologram"],"picked":"SKIP","floor":6},{"not_picked":["Beam Cell","Turbo","Rebound"],"picked":"SKIP","floor":7},{"not_picked":["Streamline","Turbo"],"picked":"Machine Learning","floor":8},{"not_picked":["Blizzard","Ball Lightning"],"picked":"Melter","floor":11},{"not_picked":["Coolheaded","Doom and Gloom","Gash"],"picked":"SKIP","floor":12},{"not_picked":["Consume","Stack"],"picked":"Thunder Strike","floor":13},{"not_picked":["Scrape","Cold Snap","Chaos"],"picked":"SKIP","floor":14},{"not_picked":["Machine Learning","Fission"],"picked":"Creative AI","floor":16},{"not_picked":["Gash","Rebound+1"],"picked":"Static Discharge","floor":18},{"not_picked":["Stack","Leap"],"picked":"Heatsinks+1","floor":20}],"player_experience":388263,"potions_floor_usage":[6,8,8,11,13,16,21,21],"damage_taken":[{"damage":2,"enemies":"Jaw Worm","floor":1,"turns":5},{"damage":0,"enemies":"Cultist","floor":2,"turns":5},{"damage":0,"enemies":"Small Slimes","floor":4,"turns":3},{"damage":0,"enemies":"2 Fungi Beasts","floor":5,"turns":4},{"damage":1,"enemies":"Lagavulin","floor":6,"turns":7},{"damage":7,"enemies":"Exordium Wildlife","floor":7,"turns":4},{"damage":6,"enemies":"3 Sentries","floor":8,"turns":7},{"damage":15,"enemies":"3 Sentries","floor":10,"turns":7},{"damage":13,"enemies":"Lagavulin","floor":11,"turns":7},{"damage":6,"enemies":"3 Louse","floor":12,"turns":2},{"damage":16,"enemies":"Gremlin Gang","floor":13,"turns":4},{"damage":1,"enemies":"Looter","floor":14,"turns":4},{"damage":34,"enemies":"Hexaghost","floor":16,"turns":10},{"damage":26,"enemies":"2 Thieves","floor":18,"turns":5},{"damage":36,"enemies":"Shell Parasite","floor":20,"turns":7},{"damage":30,"enemies":"Centurion and Healer","floor":21,"turns":4}],"relics_obtained":[{"floor":6,"key":"Emotion Chip"},{"floor":8,"key":"Mango"},{"floor":9,"key":"Boot"},{"floor":10,"key":"Mercury Hourglass"},{"floor":11,"key":"Juzu Bracelet"}],"event_choices":[{"event_name":"Dead Adventurer","player_choice":"Searched \u00271\u0027 times","floor":10,"damage_taken":0},{"event_name":"The Woman in Blue","player_choice":"Bought 0 Potions","floor":19,"damage_taken":0}],"boss_relics":[{"not_picked":["Philosopher\u0027s Stone","White Beast Statue"],"picked":"Black Star"}],"items_purged_floors":[],"is_endless":false,"potions_floor_spawned":[2,5,6,8,10,12,14,18],"seed_played":"-6038250837538815806","killed_by":"Centurion and Healer","ascension_level":2,"potions_obtained":[{"floor":2,"key":"Explosive Potion"},{"floor":5,"key":"Block Potion"},{"floor":6,"key":"GamblersBrew"},{"floor":8,"key":"Weak Potion"},{"floor":10,"key":"GamblersBrew"},{"floor":12,"key":"AttackPotion"},{"floor":14,"key":"EssenceOfSteel"},{"floor":18,"key":"SneckoOil"}],"is_trial":false}