{"gold_per_floor":[114,129,57,57,72,72,102,102,127,127,142,64,64,79,79,179,179,194,102,102,102,117,147,147,147,147,162,162,192,192,207,207,307,307,322,372,372,24,39,39,54,154,204,40,40,40,55,55,55,55],"floor_reached":51,"playtime":2031,"items_purged":[],"score":883,"play_id":"12e0385b-cfb0-4aec-84e0-269ecab67091","local_time":"20190110180943","daily_mods":["Insanity","Hoarder","Night Terrors"],"is_ascension_mode":false,"campfire_choices":[{"data":"Rupture","floor":6.0,"key":"SMITH"},{"data":"Shrug It Off","floor":8.0,"key":"SMITH"},{"data":"Shrug It Off","floor":13.0,"key":"SMITH"},{"data":"Rupture","floor":15.0,"key":"SMITH"},{"data":"Limit Break","floor":24.0,"key":"SMITH"},{"data":"Limit Break","floor":28.0,"key":"SMITH"},{"data":"Deep Breath","floor":30.0,"key":"SMITH"},{"floor":32.0,"key":"REST"},{"data":"Deep Breath","floor":40.0,"key":"SMITH"},{"data":"Deep Breath","floor":45.0,"key":"SMITH"},{"data":"Battle Trance","floor":49.0,"key":"SMITH"}],"neow_cost":"","seed_source_timestamp":76699558101689,"circlet_count":0,"master_deck":["Thunderclap","Iron Wave","Wild Strike","Perfected Strike","Anger","Cleave","Sword Boomerang","Disarm","Shrug It Off+1","Second Wind","Headbutt","Perfected Strike","Perfected Strike","Entrench","Flame Barrier","Dual Wield","Pommel Strike","Clothesline","Armaments","Combust","Clothesline","Spot Weakness","Flex","Shockwave","Warcry","Thunderclap","Bloodletting","Iron Wave","Entrench","Anger","Twin Strike","Sentinel","Body Slam","Anger","Clash","Carnage","Seeing Red","Thunderclap","Headbutt","Armaments","Warcry","Rampage","Anger","Inflame","Spot Weakness","Spot Weakness","Shrug It Off+1","Clash","Sever Soul","Carnage","Combust","Combust","Combust","Rupture+1","Rupture+1","Rupture","Hemokinesis","Hemokinesis","Hemokinesis","Whirlwind","Whirlwind","Whirlwind","Battle Trance+1","Battle Trance","Battle Trance","Limit Break+1","Limit Break+1","Limit Break","Deep Breath+1","Deep Breath+1","Deep Breath+1","Bash","Bash","Bash","Perfected Strike","Perfected Strike","Perfected Strike","Cleave+1","Cleave+1","Cleave+1","Feed","Feed","Feed","Flash of Steel","Flash of Steel","Flash of Steel","Bloodletting+1","Bloodletting+1","Bloodletting+1","Apotheosis","Apotheosis","Apotheosis"],"special_seed":17906,"relics":["Burning Blood","Bird Faced Urn","Pocketwatch","Bronze Scales","Busted Crown","Mercury Hourglass","WingedGreaves","Oddly Smooth Stone","Black Star","Happy Flower","Paper Frog","Art of War"],"potions_floor_usage":[50,50],"damage_taken":[{"damage":0.0,"enemies":"Cultist","floor":1.0,"turns":2.0},{"damage":0.0,"enemies":"2 Louse","floor":2.0,"turns":2.0},{"damage":11.0,"enemies":"Jaw Worm","floor":5.0,"turns":2.0},{"damage":20.0,"enemies":"3 Sentries","floor":7.0,"turns":4.0},{"damage":11.0,"enemies":"Exordium Wildlife","floor":11.0,"turns":3.0},{"damage":3.0,"enemies":"3 Louse","floor":14.0,"turns":2.0},{"damage":41.0,"enemies":"The Guardian","floor":16.0,"turns":7.0},{"damage":2.0,"enemies":"3 Byrds","floor":18.0,"turns":3.0},{"damage":19.0,"enemies":"Shell Parasite","floor":22.0,"turns":3.0},{"damage":18.0,"enemies":"Book of Stabbing","floor":23.0,"turns":3.0},{"damage":0.0,"enemies":"3 Cultists","floor":27.0,"turns":2.0},{"damage":28.0,"enemies":"Slavers","floor":29.0,"turns":4.0},{"damage":11.0,"enemies":"Centurion and Healer","floor":31.0,"turns":4.0},{"damage":69.0,"enemies":"Champ","floor":33.0,"turns":7.0},{"damage":15.0,"enemies":"Orb Walker","floor":35.0,"turns":2.0},{"damage":0.0,"enemies":"3 Shapes","floor":39.0,"turns":2.0},{"damage":7.0,"enemies":"Jaw Worm Horde","floor":41.0,"turns":2.0},{"damage":21.0,"enemies":"Maw","floor":47.0,"turns":5.0},{"damage":0.0,"enemies":"Sphere and 2 Shapes","floor":48.0,"turns":1.0},{"damage":93,"enemies":"Awakened One","floor":50,"turns":8}],"seed_played":"-5387358515685064469","potions_obtained":[{"floor":5.0,"key":"Fire Potion"},{"floor":11.0,"key":"Dexterity Potion"},{"floor":14.0,"key":"Poison Potion"},{"floor":18.0,"key":"Strength Potion"},{"floor":23.0,"key":"PowerPotion"},{"floor":31.0,"key":"Strength Potion"},{"floor":33.0,"key":"Regen Potion"},{"floor":37.0,"key":"AttackPotion"},{"floor":37.0,"key":"SmokeBomb"},{"floor":47.0,"key":"FearPotion"}],"is_trial":false,"path_per_floor":["M","M","$","T","M","R","E","R","T","?","M","$","R","M","R","B",null,"M","$","?","?","M","E","R","?","T","M","R","E","R","M","R","B",null,"M","T","?","$","M","R","M","?","T","$","R","$","M","M","R","B",null],"character_chosen":"IRONCLAD","items_purchased":["Rupture","Whirlwind","Deep Breath","Paper Frog","Flash of Steel","Apotheosis"],"campfire_rested":1,"item_purchase_floors":[3,12,19,38,38,44],"current_hp_per_floor":[80,80,80,80,75,75,65,65,65,65,60,60,60,65,65,42,80,80,80,80,80,69,57,57,57,57,65,65,45,45,42,75,16,75,66,66,66,66,75,75,78,78,78,78,78,78,67,73,73,11],"gold":55,"neow_bonus":"","is_prod":false,"is_daily":true,"chose_seed":false,"campfire_upgraded":10,"win_rate":0,"timestamp":1547161783,"path_taken":["M","?","$","?","M","R","E","R","T","?","M","?","R","M","R","BOSS","M","$","?","?","?","E","R","?","T","?","R","E","R","M","R","BOSS","M","?","?","$","?","R","M","?","T","?","R","?","M","M","R","BOSS"],"build_version":"2019-01-09","purchased_purges":0,"victory":true,"max_hp_per_floor":[80,80,80,80,80,80,80,80,80,80,80,80,80,80,80,80,80,80,80,80,80,80,80,80,80,80,80,80,80,80,80,75,75,75,75,75,75,75,78,78,78,78,78,78,78,78,78,78,78,82],"card_choices":[{"not_picked":["Entrench","Warcry"],"picked":"Combust","floor":1.0},{"not_picked":["Havoc","Feel No Pain","Reckless Charge"],"picked":"SKIP","floor":2.0},{"not_picked":["Body Slam","Anger"],"picked":"Hemokinesis","floor":5.0},{"not_picked":["Corruption","Iron Wave","Sever Soul"],"picked":"SKIP","floor":7.0},{"not_picked":["Searing Blow","Iron Wave","True Grit"],"picked":"SKIP","floor":11.0},{"not_picked":["Iron Wave","True Grit"],"picked":"Battle Trance","floor":14.0},{"not_picked":["Reaper","Exhume"],"picked":"Limit Break","floor":16.0},{"not_picked":["Armaments"],"picked":"SKIP","floor":18.0},{"not_picked":["Twin Strike"],"picked":"SKIP","floor":22.0},{"not_picked":["Twin Strike"],"picked":"SKIP","floor":23.0},{"not_picked":["Wild Strike"],"picked":"SKIP","floor":27.0},{"not_picked":[],"picked":"Cleave+1","floor":29.0},{"not_picked":["Thunderclap+1"],"picked":"SKIP","floor":31.0},{"not_picked":[],"picked":"Feed","floor":33.0},{"not_picked":["Anger+1"],"picked":"SKIP","floor":35.0},{"not_picked":["Cleave+1"],"picked":"SKIP","floor":39.0},{"not_picked":[],"picked":"Bloodletting+1","floor":41.0},{"not_picked":["Body Slam+1"],"picked":"SKIP","floor":47.0}],"player_experience":482158,"relics_obtained":[{"floor":4.0,"key":"Bird Faced Urn"},{"floor":7.0,"key":"Pocketwatch"},{"floor":9.0,"key":"Bronze Scales"},{"floor":23.0,"key":"Mercury Hourglass"},{"floor":26.0,"key":"WingedGreaves"},{"floor":29.0,"key":"Oddly Smooth Stone"},{"floor":36.0,"key":"Happy Flower"},{"floor":43.0,"key":"Art of War"}],"event_choices":[{"damage_healed":0.0,"max_hp_gain":0.0,"max_hp_loss":0.0,"gold_gain":0.0,"event_name":"Shining Light","player_choice":"Ignored","floor":10.0,"gold_loss":0.0,"damage_taken":0.0},{"damage_healed":0.0,"max_hp_gain":0.0,"max_hp_loss":0.0,"gold_gain":0.0,"event_name":"Vampires","player_choice":"Ignored","floor":20.0,"gold_loss":0.0,"damage_taken":0.0},{"damage_healed":0.0,"max_hp_gain":0.0,"max_hp_loss":0.0,"gold_gain":0.0,"event_name":"N\u0027loth","player_choice":"Ignored","floor":21.0,"gold_loss":0.0,"damage_taken":0.0},{"damage_healed":0.0,"max_hp_gain":0.0,"max_hp_loss":0.0,"gold_gain":0.0,"event_name":"Match and Keep!","player_choice":"2 cards matched","floor":25.0,"gold_loss":0.0,"damage_taken":0.0,"cards_obtained":["Bash","Perfected Strike"]},{"damage_healed":0.0,"max_hp_gain":0.0,"max_hp_loss":0.0,"gold_gain":0.0,"event_name":"Lab","player_choice":"Got Potions","floor":37.0,"gold_loss":0.0,"damage_taken":0.0},{"damage_healed":0.0,"max_hp_gain":0.0,"max_hp_loss":0.0,"gold_gain":100.0,"event_name":"Golden Shrine","player_choice":"Pray","floor":42.0,"gold_loss":0.0,"damage_taken":0.0}],"is_beta":true,"boss_relics":[{"not_picked":["Eternal Feather","Coffee Dripper"],"picked":"Busted Crown"},{"not_picked":["Runic Dome","Calling Bell"],"picked":"Black Star"}],"items_purged_floors":[],"is_endless":false,"potions_floor_spawned":[5,11,14,18,23,31,33,39,47],"ascension_level":0}