{"path_per_floor":["M","M","M","?","?","R","E","R","T","E","M"],"character_chosen":"DEFECT","items_purchased":[],"gold_per_floor":[417,437,457,532,532,532,565,565,565,591,602,602],"floor_reached":12,"campfire_rested":0,"playtime":571,"item_purchase_floors":[],"current_hp_per_floor":[68,68,68,57,50,50,20,20,20,2,2,0],"items_purged":[],"gold":602,"score":88,"play_id":"64187475-48e5-4940-a7c4-efa50e24aaf1","local_time":"20180607013847","is_prod":false,"is_daily":false,"chose_seed":false,"is_ascension_mode":false,"campfire_upgraded":2,"win_rate":0.0,"timestamp":1528328327,"campfire_choices":[{"data":"Reprogram","floor":6,"key":"SMITH"},{"data":"Fusion","floor":8,"key":"SMITH"}],"path_taken":["M","M","M","?","?","R","E","R","T","E","M","M"],"build_version":"2018-05-31","seed_source_timestamp":44850547324062,"purchased_purges":0,"victory":false,"master_deck":["Strike_B","Strike_B","Strike_B","Defend_B","Defend_B","Defend_B","Defend_B","Zap","Dualcast","Reprogram+1","Reinforced Body","Fusion+1","Fission","Force Field"],"max_hp_per_floor":[68,68,68,68,68,68,68,68,68,68,68,68],"relics":["Cracked Core","Old Coin","Mummified Hand","Art of War","Boot"],"card_choices":[{"not_picked":["Compile Driver","Redo"],"picked":"Reprogram","floor":1},{"not_picked":["Sweeping Beam","Stack","Go for the Eyes"],"picked":"SKIP","floor":2},{"not_picked":["Doom and Gloom","Steam Power"],"picked":"Reinforced Body","floor":3},{"not_picked":["Conserve Battery","Hello World"],"picked":"Fusion","floor":7},{"not_picked":["Beam Cell","Sweeping Beam"],"picked":"Fission","floor":10},{"not_picked":["Stack","Beam Cell"],"picked":"Force Field","floor":11}],"player_experience":330517,"potions_floor_usage":[11,11],"damage_taken":[{"damage":0,"enemies":"Small Slimes","floor":1,"turns":3},{"damage":0,"enemies":"2 Louse","floor":2,"turns":3},{"damage":0,"enemies":"Cultist","floor":3,"turns":4},{"damage":30,"enemies":"3 Sentries","floor":7,"turns":11},{"damage":18,"enemies":"Lagavulin","floor":10,"turns":10},{"damage":0,"enemies":"3 Louse","floor":11,"turns":4},{"damage":11,"enemies":"Large Slime","floor":12,"turns":3}],"relics_obtained":[{"floor":7,"key":"Mummified Hand"},{"floor":9,"key":"Art of War"},{"floor":10,"key":"Boot"}],"event_choices":[{"event_name":"World of Goop","player_choice":"Gather Gold","floor":4,"damage_taken":0},{"event_name":"Golden Wing","player_choice":"Card Removal","floor":5,"damage_taken":0}],"boss_relics":[],"items_purged_floors":[],"potions_floor_spawned":[1,10],"seed_played":"-6492228041972577905","killed_by":"Large Slime","ascension_level":0,"potions_obtained":[{"floor":1,"key":"SteroidPotion"},{"floor":10,"key":"Strength Potion"}],"is_trial":false}