{"path_per_floor":["M","?","?","$","M","R","?","R","T","R","E","M","R","M","R","B",null,"M","M","M","?","M","E","R","M","T","E","M","R","M","M","R"],"character_chosen":"THE_SILENT","items_purchased":["Well Laid Plans"],"gold_per_floor":[118,98,98,23,40,40,40,40,40,40,69,83,83,95,95,196,196,215,234,244,244,256,289,289,305,354,386,402,402,422,440,440,440],"floor_reached":33,"campfire_rested":0,"playtime":2862,"current_hp_per_floor":[70,70,45,45,60,60,60,60,60,60,52,52,52,52,52,52,70,56,58,58,58,40,29,29,29,29,17,16,16,16,15,15,0],"items_purged":[],"gold":440,"score":339,"play_id":"a40bfa71-d17d-4aff-bfdf-f611987003d4","local_time":"20180422205351","is_prod":false,"is_daily":false,"chose_seed":false,"is_ascension_mode":false,"campfire_upgraded":8,"timestamp":1524423231,"path_taken":["M","?","?","?","M","R","?","R","T","R","E","?","R","M","R","BOSS","M","M","M","?","M","E","R","M","T","E","M","R","M","M","R","BOSS"],"build_version":"2018-04-19","seed_source_timestamp":283915519362951,"purchased_purges":0,"victory":false,"master_deck":["Defend_G","Defend_G","Defend_G+1","Defend_G","Defend_G","Strike_G","Strike_G","Strike_G","Survivor+1","Neutralize+1","Predator+1","Well Laid Plans+1","Dash","Bouncing Flask+1","Infinite Blades+1","Envenom+1","Backflip+1","Heel Hook+1","Setup","Neutralize","Noxious Fumes+1","Calculated Gamble","Writhe","Blur","Die Die Die","Terror"],"max_hp_per_floor":[70,70,70,70,70,70,70,70,70,70,70,70,70,70,70,70,70,70,70,70,70,70,70,70,70,70,70,70,70,70,70,70,70],"relics":["Ring of the Snake","Mummified Hand","Shuriken","Paper Crane","Cursed Key","War Paint","Juzu Bracelet","Dodecahedron"],"card_choices":[{"not_picked":["Calculated Gamble","Quick Slash"],"picked":"Predator","floor":1},{"not_picked":["Flechettes","Distraction"],"picked":"Dash","floor":11},{"not_picked":["Poisoned Stab","Endless Agony"],"picked":"Bouncing Flask","floor":12},{"not_picked":["Sucker Punch","Poisoned Stab"],"picked":"Infinite Blades","floor":14},{"not_picked":["Venomology","Phantasmal Killer"],"picked":"Envenom","floor":16},{"not_picked":["Bane","Acrobatics"],"picked":"Backflip","floor":18},{"not_picked":["Expertise","Dash"],"picked":"Heel Hook","floor":19},{"not_picked":["Calculated Gamble","Deadly Poison"],"picked":"Noxious Fumes","floor":22},{"not_picked":["Sucker Punch","Dodge and Roll"],"picked":"Calculated Gamble","floor":23},{"not_picked":["Bane","Underhanded Strike"],"picked":"Blur","floor":27},{"not_picked":["Dodge and Roll","Underhanded Strike"],"picked":"Die Die Die","floor":28},{"not_picked":["PiercingWail","Malaise"],"picked":"Terror","floor":30}],"player_experience":208749,"potions_floor_usage":[5,19,23,23,33,33,33],"damage_taken":[{"damage":0,"enemies":"2 Louse","floor":1,"turns":3},{"damage":0,"enemies":"Cultist","floor":5,"turns":7},{"damage":8,"enemies":"Gremlin Nob","floor":11,"turns":4},{"damage":0,"enemies":"Jaw Worm","floor":12,"turns":3},{"damage":0,"enemies":"2 Fungi Beasts","floor":14,"turns":3},{"damage":0,"enemies":"The Guardian","floor":16,"turns":9},{"damage":14,"enemies":"Spheric Guardian","floor":18,"turns":4},{"damage":7,"enemies":"2 Thieves","floor":19,"turns":4},{"damage":0,"enemies":"Cultist and Chosen","floor":20,"turns":5},{"damage":18,"enemies":"Snake Plant","floor":22,"turns":4},{"damage":11,"enemies":"Slavers","floor":23,"turns":5},{"damage":0,"enemies":"Snecko","floor":25,"turns":4},{"damage":12,"enemies":"Book of Stabbing","floor":27,"turns":5},{"damage":1,"enemies":"Centurion and Healer","floor":28,"turns":5},{"damage":0,"enemies":"Snake Plant","floor":30,"turns":4},{"damage":1,"enemies":"Slaver and Parasite","floor":31,"turns":6},{"damage":20,"enemies":"Champ","floor":33,"turns":7}],"event_choices":[{"event_name":"The Woman in Blue","player_choice":"Bought 1 Potion","floor":2,"damage_taken":0},{"event_name":"Scrap Ooze","player_choice":"success","floor":3,"damage_taken":25},{"event_name":"Living Wall","player_choice":"Forget","floor":7,"damage_taken":0},{"event_name":"Match and Keep!","player_choice":"2 cards matched","floor":21,"damage_taken":0}],"boss_relics":[{"not_picked":["White Beast Statue","Tiny House"],"picked":"Cursed Key"}],"potions_floor_spawned":[1,11,14,19,22,23,30,31],"seed_played":"-8857302257067791982","killed_by":"Champ","ascension_level":0,"is_trial":false}