{"gold_per_floor":[112,131,145,163,181,181,198,227,227,227,259,259,10,30,30,125,125,141,141],"floor_reached":19,"playtime":675,"items_purged":[],"score":281,"play_id":"f48390fd-eb2d-47dd-ad2c-8f35b14a60e7","local_time":"20181221172526","is_ascension_mode":true,"campfire_choices":[{"data":"Sweeping Beam","floor":6,"key":"SMITH"},{"data":"Genetic Algorithm","floor":10,"key":"SMITH"},{"floor":12,"key":"REST"},{"floor":15,"key":"REST"}],"neow_cost":"TEN_PERCENT_HP_LOSS","seed_source_timestamp":31794527799500,"circlet_count":0,"master_deck":["AscendersBane","Strike_B","Strike_B","Strike_B","Strike_B","Defend_B","Defend_B","Defend_B","Defend_B","Zap","Dualcast","Ball Lightning","Sweeping Beam+1","Conserve Battery","Genetic Algorithm+1","Conserve Battery","Capacitor","Conserve Battery","Electrodynamics"],"relics":["Cracked Core","Nunchaku","Omamori","PreservedInsect","Shuriken","Membership Card","Eternal Feather"],"potions_floor_usage":[16],"damage_taken":[{"damage":0,"enemies":"Cultist","floor":1,"turns":3},{"damage":7,"enemies":"Small Slimes","floor":2,"turns":3},{"damage":2,"enemies":"Jaw Worm","floor":3,"turns":3},{"damage":2,"enemies":"3 Louse","floor":4,"turns":2},{"damage":6,"enemies":"Large Slime","floor":5,"turns":4},{"damage":4,"enemies":"Blue Slaver","floor":7,"turns":4},{"damage":21,"enemies":"Gremlin Nob","floor":8,"turns":4},{"damage":15,"enemies":"3 Sentries","floor":11,"turns":4},{"damage":12,"enemies":"Lots of Slimes","floor":14,"turns":4},{"damage":26,"enemies":"The Guardian","floor":16,"turns":13},{"damage":40,"enemies":"Shell Parasite","floor":18,"turns":9},{"damage":15,"enemies":"3 Byrds","floor":19,"turns":2}],"seed_played":"-8144981120155466324","potions_obtained":[{"floor":4,"key":"FocusPotion"},{"floor":5,"key":"Energy Potion"},{"floor":8,"key":"PowerPotion"},{"floor":16,"key":"Strength Potion"}],"is_trial":false,"path_per_floor":["M","M","M","M","M","R","M","E","T","R","E","R","$","M","R","B",null,"M","M"],"character_chosen":"DEFECT","items_purchased":["Membership Card","Capacitor"],"campfire_rested":2,"item_purchase_floors":[13,13],"current_hp_per_floor":[68,61,59,57,51,51,47,26,26,26,11,31,31,19,39,13,54,14,0],"gold":141,"neow_bonus":"ONE_RARE_RELIC","is_prod":false,"is_daily":false,"chose_seed":false,"campfire_upgraded":2,"win_rate":0,"timestamp":1545409526,"path_taken":["M","?","M","M","M","R","M","E","T","R","E","R","$","M","R","BOSS","M","M"],"build_version":"2018-12-20","purchased_purges":0,"victory":false,"max_hp_per_floor":[68,68,68,68,68,68,68,68,68,68,68,68,68,68,68,68,68,68,68],"card_choices":[{"not_picked":["Hologram","Rebound","Go for the Eyes"],"picked":"SKIP","floor":1},{"not_picked":["White Noise","Scrape"],"picked":"Ball Lightning","floor":2},{"not_picked":["Steam Power","Double Energy"],"picked":"Sweeping Beam","floor":3},{"not_picked":["Barrage","Streamline"],"picked":"Conserve Battery","floor":4},{"not_picked":["Barrage","Streamline","Gash"],"picked":"SKIP","floor":5},{"not_picked":["Hologram","Rebound"],"picked":"Genetic Algorithm","floor":7},{"not_picked":["Coolheaded","Hello World"],"picked":"Conserve Battery","floor":8},{"not_picked":["Darkness","Gash","Hologram"],"picked":"SKIP","floor":11},{"not_picked":["Sweeping Beam","Barrage"],"picked":"Conserve Battery","floor":14},{"not_picked":["Core Surge","All For One"],"picked":"Electrodynamics","floor":16},{"not_picked":["Compile Driver","Chill","Cold Snap"],"picked":"SKIP","floor":18}],"player_experience":301171,"relics_obtained":[{"floor":8,"key":"Omamori"},{"floor":9,"key":"PreservedInsect"},{"floor":11,"key":"Shuriken"}],"event_choices":[],"is_beta":false,"boss_relics":[{"not_picked":["Snecko Eye","Coffee Dripper"],"picked":"Eternal Feather"}],"items_purged_floors":[],"is_endless":false,"potions_floor_spawned":[4,5,8,11,16],"killed_by":"3 Byrds","ascension_level":11}