{"path_per_floor":["M","?","?","M","?","M","E","M","T","E","M","M","$","?","R"],"character_chosen":"THE_SILENT","items_purchased":["Apotheosis","Shuriken"],"gold_per_floor":[110,210,210,222,297,309,342,358,382,407,425,439,5,5,5],"floor_reached":16,"campfire_rested":0,"playtime":1323,"current_hp_per_floor":[67,67,60,53,42,40,12,10,10,35,25,21,21,21,21],"items_purged":[],"gold":5,"score":112,"play_id":"ff7d3fe5-c4e0-4288-9277-c421de14a3f6","is_prod":false,"is_daily":false,"is_ascension_mode":false,"campfire_upgraded":1,"path_taken":["M","?","?","?","?","M","E","?","T","E","M","?","$","?","R","BOSS"],"build_version":"2018-02-22-PROD2","purchased_purges":0,"victory":false,"master_deck":["Defend_G","Defend_G","Defend_G","Defend_G","Defend_G","Strike_G","Strike_G","Strike_G","Strike_G","Survivor","Neutralize+1","Terror","Well Laid Plans","Slice+1","Caltrops","Backstab+1","Poisoned Stab+1","Unload+1","Apotheosis","Injury"],"max_hp_per_floor":[70,70,70,70,70,70,70,70,70,70,70,70,70,70,70],"relics":["Lizard Tail","Molten Egg 2","Dream Catcher","Matryoshka","Shuriken","Golden Idol"],"card_choices":[{"not_picked":["Calculated Gamble","Sucker Punch"],"picked":"Terror"},{"not_picked":["Underhanded Strike","Acrobatics"],"picked":"Well Laid Plans"},{"not_picked":["Flying Knee","Outmaneuver"],"picked":"Slice"},{"not_picked":["Prepared","Cloak And Dagger"],"picked":"Caltrops"},{"not_picked":["Flechettes","Footwork"],"picked":"Backstab"},{"not_picked":["Bouncing Flask","Finisher"],"picked":"Poisoned Stab"},{"not_picked":["Calculated Gamble","Deflect"],"picked":"Unload"}],"player_experience":167930,"potions_floor_usage":[7,16,16],"damage_taken":[{"damage":3,"enemies":"2 Louse","floor":1,"turns":3},{"damage":7,"enemies":"Cultist","floor":4,"turns":6},{"damage":2,"enemies":"Small Slimes","floor":6,"turns":4},{"damage":28,"enemies":"3 Sentries","floor":7,"turns":15},{"damage":2,"enemies":"2 Fungi Beasts","floor":8,"turns":4},{"damage":15,"enemies":"Lagavulin","floor":10,"turns":9},{"damage":10,"enemies":"Large Slime","floor":11,"turns":7},{"damage":4,"enemies":"Exordium Thugs","floor":12,"turns":4},{"damage":22,"enemies":"Slime Boss","floor":16,"turns":6}],"event_choices":[{"event_name":"Golden Shrine","player_choice":"Pray","floor":2,"damage_taken":0},{"event_name":"Golden Wing","player_choice":"Card Removal","floor":3,"damage_taken":0},{"event_name":"World of Goop","player_choice":"Gather Gold","floor":5,"damage_taken":0},{"event_name":"Golden Idol","player_choice":"Take Wound","floor":14,"damage_taken":0}],"boss_relics":[],"potions_floor_spawned":[1,6,10,12],"seed_played":"412684124281822959","killed_by":"Slime Boss","ascension_level":0,"is_trial":false}