{"gold_per_floor":[112,112,38,52,65,91,91,10,10,30,30,44,44,62,62,167,167,180,180,105,105,117,117,131,131,156,168,180,192,229,156,168,180],"floor_reached":33,"playtime":1714,"items_purged":["Strike_B"],"score":302,"play_id":"8dbf0782-8449-4f3f-a496-d794ef20eec9","local_time":"20190305135636","is_ascension_mode":true,"campfire_choices":[{"data":"Zap","floor":7,"key":"SMITH"},{"data":"Dualcast","floor":11,"key":"SMITH"},{"data":"Go for the Eyes","floor":15,"key":"SMITH"},{"data":"Creative AI","floor":23,"key":"SMITH"},{"data":"Consume","floor":25,"key":"SMITH"},{"data":"Leap","floor":29,"key":"SMITH"},{"data":"Capacitor","floor":32,"key":"SMITH"}],"neow_cost":"NONE","seed_source_timestamp":93139654048089,"circlet_count":0,"master_deck":["Defend_B","Defend_B","Defend_B","Defend_B","Zap+1","Dualcast+1","Leap+1","Chill+1","Leap","Cold Snap","All For One","Capacitor+1","Barrage","Steam Power+1","Go for the Eyes+1","Parasite","Leap","Creative AI+1","Barrage+1","Consume+1","Gash+1","Capacitor+1","Rainbow","Consume","Melter"],"relics":["Cracked Core","Mercury Hourglass","Juzu Bracelet","DataDisk","Eternal Feather","MawBank","War Paint","Pantograph"],"potions_floor_usage":[6,16,22,30,30],"damage_taken":[{"damage":16,"enemies":"Small Slimes","floor":1,"turns":3},{"damage":0,"enemies":"Cultist","floor":4,"turns":3},{"damage":1,"enemies":"Jaw Worm","floor":5,"turns":3},{"damage":23,"enemies":"Gremlin Nob","floor":6,"turns":5},{"damage":4,"enemies":"Exordium Thugs","floor":10,"turns":4},{"damage":0,"enemies":"2 Fungi Beasts","floor":12,"turns":3},{"damage":8,"enemies":"Looter","floor":14,"turns":2},{"damage":1,"enemies":"Hexaghost","floor":16,"turns":11},{"damage":9,"enemies":"Spheric Guardian","floor":18,"turns":5},{"damage":10,"enemies":"3 Byrds","floor":22,"turns":4},{"damage":27,"enemies":"Cultist and Chosen","floor":24,"turns":7},{"damage":24,"enemies":"Slavers","floor":30,"turns":6},{"damage":76,"enemies":"Collector","floor":33,"turns":5}],"seed_played":"-6607044411909175374","potions_obtained":[{"floor":5,"key":"Explosive Potion"},{"floor":6,"key":"SkillPotion"},{"floor":12,"key":"Explosive Potion"},{"floor":16,"key":"SteroidPotion"},{"floor":22,"key":"FocusPotion"},{"floor":24,"key":"SkillPotion"}],"is_trial":false,"path_per_floor":["M","?","$","M","M","E","R","$","T","M","R","M","?","M","R","B",null,"M","?","$","?","M","R","M","R","T","$","?","R","E","?","R","B"],"character_chosen":"DEFECT","items_purchased":["Chill","Capacitor","Barrage"],"campfire_rested":0,"item_purchase_floors":[3,8,8],"current_hp_per_floor":[59,59,59,59,58,35,35,35,35,31,31,31,49,41,41,40,75,66,66,66,66,56,68,41,53,53,53,53,65,41,41,56,0],"gold":180,"neow_bonus":"ONE_RANDOM_RARE_CARD","is_prod":false,"is_daily":false,"chose_seed":false,"campfire_upgraded":7,"win_rate":0,"timestamp":1551822996,"path_taken":["M","?","?","M","M","E","R","$","T","M","R","M","?","M","R","BOSS","M","?","$","?","M","R","M","R","T","$","?","R","E","?","R","BOSS"],"build_version":"2019-01-23","purchased_purges":1,"victory":false,"max_hp_per_floor":[75,75,75,75,75,75,75,75,75,75,75,75,75,75,75,75,75,75,75,75,75,75,75,75,75,75,75,75,75,75,75,75,75],"card_choices":[{"not_picked":["Stack","FTL"],"picked":"Leap","floor":1},{"not_picked":["Steam","Double Energy"],"picked":"Leap","floor":4},{"not_picked":["Reprogram","Sweeping Beam"],"picked":"Cold Snap","floor":5},{"not_picked":["Gash","Chill"],"picked":"All For One","floor":6},{"not_picked":["Beam Cell","Compile Driver"],"picked":"Steam Power","floor":10},{"not_picked":["Steam","Storm"],"picked":"Go for the Eyes","floor":12},{"not_picked":["Static Discharge","Barrage"],"picked":"Leap","floor":14},{"not_picked":["Machine Learning","Hyperbeam"],"picked":"Creative AI","floor":16},{"not_picked":["Compile Driver+1","Hologram"],"picked":"Barrage+1","floor":18},{"not_picked":["Rebound+1","Darkness"],"picked":"Gash+1","floor":22},{"not_picked":["White Noise+1","Genetic Algorithm"],"picked":"Capacitor+1","floor":24},{"not_picked":["Streamline","Chaos"],"picked":"Melter","floor":30}],"player_experience":282738,"relics_obtained":[{"floor":6,"key":"Juzu Bracelet"},{"floor":9,"key":"DataDisk"},{"floor":26,"key":"MawBank"},{"floor":30,"key":"War Paint"}],"event_choices":[{"cards_removed":["Seek"],"damage_healed":0,"gold_gain":0,"player_choice":"Gave Card","damage_taken":0,"relics_obtained":["Mercury Hourglass"],"max_hp_gain":0,"max_hp_loss":0,"event_name":"WeMeetAgain","floor":2,"gold_loss":0},{"damage_healed":18,"gold_gain":0,"player_choice":"Healed and dodged fight","damage_taken":0,"max_hp_gain":0,"max_hp_loss":0,"event_name":"Mushrooms","floor":13,"gold_loss":0,"cards_obtained":["Parasite"]},{"damage_healed":0,"gold_gain":0,"player_choice":"Read","damage_taken":0,"max_hp_gain":0,"max_hp_loss":0,"event_name":"The Library","floor":19,"gold_loss":0,"cards_obtained":["Consume"]},{"cards_removed":["Strike_B"],"damage_healed":0,"gold_gain":0,"player_choice":"Elegance","damage_taken":0,"max_hp_gain":0,"max_hp_loss":0,"event_name":"Back to Basics","floor":21,"gold_loss":0},{"damage_healed":0,"gold_gain":0,"cards_transformed":["Strike_B","Strike_B"],"player_choice":"Became Test Subject","damage_taken":0,"max_hp_gain":0,"max_hp_loss":0,"event_name":"Drug Dealer","floor":28,"gold_loss":0,"cards_obtained":["Rainbow","Consume"]},{"damage_healed":0,"gold_gain":0,"player_choice":"Obtained Relic","damage_taken":0,"relics_obtained":["Pantograph"],"max_hp_gain":0,"max_hp_loss":0,"event_name":"Addict","floor":31,"gold_loss":85}],"is_beta":false,"boss_relics":[{"not_picked":["Cursed Key","Inserter"],"picked":"Eternal Feather"}],"items_purged_floors":[20],"is_endless":false,"potions_floor_spawned":[5,6,12,16,22,24],"killed_by":"Collector","ascension_level":3}