{"gold_per_floor":[111,111,125,142,158,158,178,178,201,216,251,251,279,297,297,297],"floor_reached":16,"playtime":622,"items_purged":[],"score":146,"play_id":"4f7a6728-1954-4697-8102-a84974c166ab","local_time":"20181119161958","is_ascension_mode":true,"campfire_choices":[{"data":"Cleave","floor":6,"key":"SMITH"},{"data":"Pommel Strike","floor":8,"key":"SMITH"},{"data":"Shrug It Off","floor":12,"key":"SMITH"},{"data":"Flame Barrier","floor":15,"key":"SMITH"}],"neow_cost":"NONE","seed_source_timestamp":337744603909102,"circlet_count":0,"master_deck":["Strike_R","Strike_R","Strike_R","Strike_R","Strike_R","Defend_R","Defend_R","Defend_R","Defend_R","Bash","Shrug It Off","Cleave+1","Pommel Strike+1","Twin Strike","Shrug It Off+1","Flame Barrier+1"],"relics":["Burning Blood","Happy Flower","Blood Vial","Regal Pillow","Odd Mushroom"],"potions_floor_usage":[11,13,16,16,16],"damage_taken":[{"damage":16,"enemies":"Jaw Worm","floor":1,"turns":5},{"damage":4,"enemies":"2 Louse","floor":3,"turns":3},{"damage":0,"enemies":"Cultist","floor":4,"turns":4},{"damage":13,"enemies":"3 Louse","floor":5,"turns":2},{"damage":9,"enemies":"Exordium Thugs","floor":7,"turns":5},{"damage":16,"enemies":"Blue Slaver","floor":10,"turns":4},{"damage":16,"enemies":"Gremlin Nob","floor":11,"turns":3},{"damage":9,"enemies":"The Mushroom Lair","floor":13,"turns":3},{"damage":3,"enemies":"Gremlin Gang","floor":14,"turns":4},{"damage":55,"enemies":"Hexaghost","floor":16,"turns":14}],"seed_played":"-3831877972013923374","potions_obtained":[{"floor":5,"key":"GamblersBrew"},{"floor":7,"key":"PowerPotion"},{"floor":11,"key":"Swift Potion"},{"floor":13,"key":"SpeedPotion"},{"floor":14,"key":"Dexterity Potion"}],"is_trial":false,"path_per_floor":["M","?","M","M","M","R","M","R","T","M","E","R","?","M","R","B"],"character_chosen":"IRONCLAD","items_purchased":[],"campfire_rested":0,"item_purchase_floors":[],"current_hp_per_floor":[70,63,65,71,64,64,61,61,61,53,45,45,44,49,49,0],"gold":297,"neow_bonus":"TEN_PERCENT_HP_BONUS","is_prod":false,"is_daily":false,"chose_seed":false,"campfire_upgraded":4,"win_rate":0,"timestamp":1542640798,"path_taken":["M","?","M","M","M","R","M","R","T","M","E","R","?","M","R","BOSS"],"build_version":"2018-11-15","purchased_purges":0,"victory":false,"max_hp_per_floor":[88,88,88,88,88,88,88,88,88,88,88,88,88,88,88,88],"card_choices":[{"not_picked":["Havoc","Perfected Strike"],"picked":"Shrug It Off","floor":1},{"not_picked":["Flex","Clash","Entrench"],"picked":"SKIP","floor":3},{"not_picked":["Dual Wield","True Grit"],"picked":"Cleave","floor":4},{"not_picked":["Second Wind","Feel No Pain","Cleave"],"picked":"SKIP","floor":5},{"not_picked":["Uppercut","Warcry"],"picked":"Pommel Strike","floor":7},{"not_picked":["Feed","Wild Strike"],"picked":"Twin Strike","floor":10},{"not_picked":["Exhume","Infernal Blade"],"picked":"Shrug It Off","floor":11},{"not_picked":["Flex","Heavy Blade"],"picked":"Flame Barrier","floor":14}],"player_experience":552693,"relics_obtained":[{"floor":9,"key":"Blood Vial"},{"floor":11,"key":"Regal Pillow"},{"floor":13,"key":"Odd Mushroom"}],"event_choices":[{"damage_healed":0,"gold_gain":0,"player_choice":"Success","damage_taken":7,"relics_obtained":["Happy Flower"],"max_hp_gain":0,"max_hp_loss":0,"event_name":"Scrap Ooze","floor":2,"gold_loss":0},{"damage_healed":0,"gold_gain":0,"player_choice":"Fought Mushrooms","damage_taken":0,"max_hp_gain":0,"max_hp_loss":0,"event_name":"Mushrooms","floor":13,"gold_loss":0}],"is_beta":false,"boss_relics":[],"items_purged_floors":[],"is_endless":false,"potions_floor_spawned":[5,7,11,13,14],"killed_by":"Hexaghost","ascension_level":8}