{"gold_per_floor":[11,11,11,25,36,64,84,95,144,144],"floor_reached":10,"playtime":372,"items_purged":[],"score":81,"play_id":"284823ed-229c-48d0-995d-90f84081bb16","local_time":"20180802183316","is_ascension_mode":true,"campfire_choices":[],"neow_cost":"NO_GOLD","seed_source_timestamp":80253077763206,"circlet_count":0,"master_deck":["Strike_R","Strike_R","Defend_R","Defend_R","Defend_R","Defend_R","Bash+1","Twin Strike","Power Through","Thunderclap","Juggernaut","Iron Wave","Rage"],"relics":["Burning Blood","Ancient Tea Set","Dream Catcher"],"potions_floor_usage":[6,7],"damage_taken":[{"damage":0,"enemies":"2 Louse","floor":1,"turns":4},{"damage":10,"enemies":"Small Slimes","floor":4,"turns":4},{"damage":1,"enemies":"Cultist","floor":5,"turns":3},{"damage":45,"enemies":"Lagavulin","floor":6,"turns":6},{"damage":15,"enemies":"Exordium Thugs","floor":7,"turns":4},{"damage":21,"enemies":"Large Slime","floor":8,"turns":5},{"damage":12,"enemies":"Gremlin Nob","floor":10,"turns":2}],"seed_played":"-298246153975475288","potions_obtained":[{"floor":4,"key":"SteroidPotion"},{"floor":6,"key":"AttackPotion"}],"is_trial":false,"path_per_floor":["M","?","?","M","M","E","M","M","T"],"character_chosen":"IRONCLAD","items_purchased":[],"campfire_rested":0,"item_purchase_floors":[],"current_hp_per_floor":[80,73,73,69,74,35,26,11,11,0],"gold":144,"neow_bonus":"TRANSFORM_TWO_CARDS","is_prod":false,"is_daily":false,"chose_seed":false,"campfire_upgraded":0,"win_rate":0,"timestamp":1533227596,"path_taken":["M","?","?","M","M","E","M","M","T","E"],"build_version":"2018-07-26","purchased_purges":0,"victory":false,"max_hp_per_floor":[80,80,80,80,80,80,80,80,80,80],"card_choices":[{"not_picked":["Warcry","Clash","True Grit"],"picked":"SKIP","floor":1},{"not_picked":["Clash","Havoc"],"picked":"Thunderclap","floor":4},{"not_picked":["Clothesline","Headbutt"],"picked":"Juggernaut","floor":5},{"not_picked":["Anger","Fire Breathing"],"picked":"Iron Wave","floor":6},{"not_picked":["Second Wind","Shrug It Off","Flex"],"picked":"SKIP","floor":7},{"not_picked":["Feel No Pain","Metallicize"],"picked":"Rage","floor":8}],"player_experience":461198,"relics_obtained":[{"floor":6,"key":"Ancient Tea Set"},{"floor":9,"key":"Dream Catcher"}],"event_choices":[{"event_name":"Golden Wing","player_choice":"Card Removal","floor":2,"damage_taken":0},{"event_name":"Upgrade Shrine","player_choice":"Upgraded","floor":3,"damage_taken":0}],"is_beta":false,"boss_relics":[],"items_purged_floors":[],"is_endless":false,"potions_floor_spawned":[4,6],"killed_by":"Gremlin Nob","ascension_level":3}