{"gold_per_floor":[118,118,134,154,172,172,186,199,199,209,209,238,238,238,238,369,369],"floor_reached":17,"playtime":2352,"items_purged":[],"score":223,"play_id":"d90dea68-a8c0-41d2-b97a-e6619dff9af5","local_time":"20190304115107","is_ascension_mode":true,"campfire_choices":[{"data":"Footwork","floor":6.0,"key":"SMITH"},{"data":"Neutralize","floor":11.0,"key":"SMITH"},{"data":"Backflip","floor":13.0,"key":"SMITH"},{"data":"Dagger Spray","floor":15.0,"key":"SMITH"}],"neow_cost":"NONE","seed_source_timestamp":0,"circlet_count":0,"master_deck":["Defend_G","Defend_G","Defend_G","Defend_G","Defend_G","Strike_G","Strike_G","Strike_G","Strike_G","Strike_G","Survivor","Neutralize+1","Acrobatics","Impatience","Footwork+1","Backflip+1","Deflect","Burst","Dagger Spray","Dagger Spray+1","Predator","After Image"],"special_seed":0,"relics":["Ring of the Snake","FossilizedHelix","Omamori","Golden Idol"],"potions_floor_usage":[],"damage_taken":[{"damage":5.0,"enemies":"2 Louse","floor":1.0,"turns":3.0},{"damage":2.0,"enemies":"Cultist","floor":3.0,"turns":4.0},{"damage":2.0,"enemies":"Jaw Worm","floor":4.0,"turns":7.0},{"damage":3.0,"enemies":"Blue Slaver","floor":5.0,"turns":7.0},{"damage":1.0,"enemies":"Red Slaver","floor":7.0,"turns":6.0},{"damage":4.0,"enemies":"Large Slime","floor":8.0,"turns":13.0},{"damage":7.0,"enemies":"3 Louse","floor":10.0,"turns":4.0},{"damage":9.0,"enemies":"Lagavulin","floor":12.0,"turns":10.0},{"damage":36.0,"enemies":"Slime Boss","floor":16.0,"turns":15.0}],"seed_played":"2898436758822363748","potions_obtained":[{"floor":4.0,"key":"GhostInAJar"},{"floor":7.0,"key":"Swift Potion"},{"floor":8.0,"key":"FearPotion"}],"is_trial":false,"path_per_floor":["M","?","M","M","M","R","M","M","T","M","R","E","R","?","R","B",null],"character_chosen":"THE_SILENT","items_purchased":[],"campfire_rested":0,"item_purchase_floors":[],"current_hp_per_floor":[65,65,63,61,58,58,57,53,53,46,46,37,37,37,37,1,1],"gold":369,"neow_bonus":"TEN_PERCENT_HP_BONUS","is_prod":false,"is_daily":false,"chose_seed":false,"campfire_upgraded":4,"win_rate":0,"timestamp":1551725467,"path_taken":["M","?","M","M","?","R","M","?","T","M","R","E","R","?","R","BOSS"],"build_version":"2019-01-23","purchased_purges":0,"victory":false,"max_hp_per_floor":[77,77,77,77,77,77,77,77,77,77,77,77,77,77,77,77,77],"card_choices":[{"not_picked":["PiercingWail","Backflip"],"picked":"Acrobatics","floor":1.0},{"not_picked":["Dodge and Roll","Terror"],"picked":"Footwork","floor":3.0},{"not_picked":["Cloak And Dagger","Outmaneuver"],"picked":"Backflip","floor":4.0},{"not_picked":["Acrobatics","Dash"],"picked":"Deflect","floor":5.0},{"not_picked":["Infinite Blades","Deadly Poison"],"picked":"Burst","floor":7.0},{"not_picked":["Dodge and Roll","Flying Knee"],"picked":"Dagger Spray","floor":8.0},{"not_picked":["Outmaneuver","Dash"],"picked":"Dagger Spray","floor":10.0},{"not_picked":["Catalyst","Noxious Fumes"],"picked":"Predator","floor":12.0},{"not_picked":["Malaise","Storm of Steel"],"picked":"After Image","floor":16.0}],"player_experience":427273,"relics_obtained":[{"floor":9.0,"key":"FossilizedHelix"},{"floor":12.0,"key":"Omamori"}],"event_choices":[{"damage_healed":0.0,"max_hp_gain":0.0,"max_hp_loss":0.0,"gold_gain":0.0,"event_name":"Match and Keep!","player_choice":"1 cards matched","floor":2.0,"gold_loss":0.0,"damage_taken":0.0,"cards_obtained":["Impatience"]},{"damage_healed":0.0,"max_hp_gain":0.0,"max_hp_loss":0.0,"gold_gain":0.0,"event_name":"Golden Idol","player_choice":"Take Wound","floor":14.0,"gold_loss":0.0,"damage_taken":0.0,"relics_obtained":["Golden Idol"],"cards_obtained":["Injury"]}],"is_beta":false,"boss_relics":[],"items_purged_floors":[],"is_endless":false,"potions_floor_spawned":[4,7,8],"ascension_level":8}