{"path_per_floor":["M","M","?","?","M","E","?","$","T","M","M","?","?","E","R","B",null,"M","?","?","M","$","R","M","?","T","$","E","M","M","M","R"],"character_chosen":"IRONCLAD","items_purchased":["Matryoshka"],"gold_per_floor":[117,136,136,136,152,193,193,118,118,134,153,153,153,189,189,315,315,315,315,315,270,16,16,16,16,16,16,16,16,16,16,16,16],"floor_reached":33,"campfire_rested":0,"playtime":2348,"current_hp_per_floor":[72,68,68,50,44,33,33,33,33,36,42,42,39,30,30,43,72,72,72,72,64,64,64,61,45,45,45,33,40,46,45,45,0],"items_purged":["Regret"],"gold":16,"score":277,"play_id":"efbaaadd-6d55-45af-9686-16a4cb5a616a","local_time":"20180519111522","is_prod":false,"is_daily":false,"chose_seed":false,"is_ascension_mode":false,"campfire_upgraded":3,"timestamp":1526721322,"campfire_choices":[{"data":"Metallicize","floor":15,"key":"SMITH"},{"data":"Pummel","floor":23,"key":"SMITH"},{"data":"Juggernaut","floor":32,"key":"SMITH"}],"path_taken":["M","M","?","?","M","E","?","$","T","?","?","?","?","E","R","BOSS","M","?","?","M","$","R","M","?","T","?","E","M","M","M","R","BOSS"],"build_version":"2018-05-17","seed_source_timestamp":481052465104446,"purchased_purges":1,"victory":false,"master_deck":["Strike_R+1","Strike_R+1","Strike_R+1","Strike_R+1","Defend_R+1","Defend_R+1","Defend_R+1","Defend_R+1","Bash","Demon Form+1","Entrench","Disarm","Carnage+1","Disarm","Pummel+1","Metallicize+1","Juggernaut+1","Iron Wave+1","Metallicize+1","Heavy Blade+1","Iron Wave+1","Pommel Strike+1"],"max_hp_per_floor":[72,72,72,72,72,72,72,72,72,72,72,72,72,72,72,72,72,72,72,72,72,72,72,72,72,72,72,72,75,75,75,75,75],"relics":["Burning Blood","Golden Idol","Bottled Tornado","Meat on the Bone","Art of War","Toolbox","Omamori","Ectoplasm","Matryoshka","Nilry\u0027s Codex","Bronze Scales","Whetstone","Champion Belt"],"card_choices":[{"not_picked":["Fiend Fire","Dark Embrace"],"picked":"Demon Form","floor":0},{"not_picked":["Warcry","Burning Pact"],"picked":"Entrench","floor":1},{"not_picked":["Pommel Strike","Cleave","Body Slam"],"picked":"SKIP","floor":2},{"not_picked":["Pommel Strike","True Grit","Havoc"],"picked":"SKIP","floor":5},{"not_picked":["Pommel Strike","Warcry"],"picked":"Carnage","floor":6},{"not_picked":["Bloodletting","Sword Boomerang"],"picked":"Disarm","floor":10},{"not_picked":["Combust","Searing Blow"],"picked":"Pummel","floor":11},{"not_picked":["Cleave","Fire Breathing"],"picked":"Metallicize","floor":14},{"not_picked":["Impervious","Reaper"],"picked":"Juggernaut","floor":16},{"not_picked":["Intimidate","Havoc"],"picked":"Iron Wave","floor":18},{"not_picked":["Body Slam+1","Headbutt"],"picked":"Heavy Blade+1","floor":21},{"not_picked":["Thunderclap","Rampage"],"picked":"Iron Wave+1","floor":24},{"not_picked":["Twin Strike","Disarm"],"picked":"Pommel Strike+1","floor":28},{"not_picked":["Havoc+1","Heavy Blade","Flex"],"picked":"SKIP","floor":29},{"not_picked":["Heavy Blade+1","Intimidate","Uppercut"],"picked":"SKIP","floor":30},{"not_picked":["True Grit","Offering","Infernal Blade"],"picked":"SKIP","floor":31}],"player_experience":246663,"potions_floor_usage":[6,16,28,28,33,33],"damage_taken":[{"damage":3,"enemies":"Small Slimes","floor":1,"turns":3},{"damage":10,"enemies":"Cultist","floor":2,"turns":5},{"damage":12,"enemies":"2 Louse","floor":5,"turns":5},{"damage":17,"enemies":"Gremlin Nob","floor":6,"turns":4},{"damage":15,"enemies":"Large Slime","floor":10,"turns":6},{"damage":12,"enemies":"Gremlin Gang","floor":11,"turns":7},{"damage":27,"enemies":"3 Sentries","floor":14,"turns":7},{"damage":5,"enemies":"The Guardian","floor":16,"turns":9},{"damage":4,"enemies":"Shell Parasite","floor":18,"turns":4},{"damage":14,"enemies":"2 Thieves","floor":21,"turns":3},{"damage":9,"enemies":"3 Cultists","floor":24,"turns":5},{"damage":30,"enemies":"Gremlin Leader","floor":28,"turns":8},{"damage":14,"enemies":"Centurion and Healer","floor":29,"turns":5},{"damage":0,"enemies":"Cultist and Chosen","floor":30,"turns":6},{"damage":7,"enemies":"Snake Plant","floor":31,"turns":5},{"damage":55,"enemies":"Collector","floor":33,"turns":7}],"relics_obtained":[{"floor":6,"key":"Bottled Tornado"},{"floor":9,"key":"Art of War"},{"floor":14,"key":"Omamori"},{"floor":25,"key":"Nilry\u0027s Codex"},{"floor":26,"key":"Bronze Scales"},{"floor":26,"key":"Whetstone"},{"floor":28,"key":"Champion Belt"}],"event_choices":[{"event_name":"Transmorgrifier","player_choice":"Transform","floor":3,"damage_taken":0},{"event_name":"Golden Idol","player_choice":"Take Damage","floor":4,"damage_taken":0},{"event_name":"Big Fish","player_choice":"Box","floor":7,"damage_taken":0},{"event_name":"Living Wall","player_choice":"Grow","floor":12,"damage_taken":0},{"event_name":"Scrap Ooze","player_choice":"success","floor":13,"damage_taken":3},{"event_name":"Duplicator","player_choice":"One dupe","floor":19,"damage_taken":0},{"event_name":"Back to Basics","player_choice":"Simplicity","floor":20,"damage_taken":0},{"event_name":"Cursed Tome","player_choice":"Obtained Book","floor":25,"damage_taken":0}],"boss_relics":[{"not_picked":["Runic Pyramid","Eternal Feather"],"picked":"Ectoplasm"}],"potions_floor_spawned":[1,5,10,21,24,30],"seed_played":"-5338826064509641866","killed_by":"Collector","ascension_level":0,"potions_obtained":[{"floor":1,"key":"Poison Potion"},{"floor":5,"key":"Energy Potion"},{"floor":10,"key":"LiquidBronze"},{"floor":21,"key":"SneckoOil"},{"floor":24,"key":"SkillPotion"},{"floor":30,"key":"SpeedPotion"}],"is_trial":false}