{"gold_per_floor":[114,131,131,145,145,29,29,40,65,65,83,102,112,128,128,227,227,243,158,171,171,1,1,50,63,63,63,63,90,90,100,100,100],"floor_reached":33,"playtime":2022,"items_purged":[],"score":334,"play_id":"755c6265-3721-42be-8148-82ce40f615ee","local_time":"20190210141800","is_ascension_mode":false,"campfire_choices":[{"data":"Infinite Blades","floor":7,"key":"SMITH"},{"data":"Neutralize","floor":10,"key":"SMITH"},{"floor":15,"key":"REST"},{"data":"Deadly Poison","floor":23,"key":"SMITH"},{"data":"Phantasmal Killer","floor":28,"key":"SMITH"},{"floor":32,"key":"REST"}],"neow_cost":"NONE","seed_source_timestamp":14615920752250,"circlet_count":0,"master_deck":["Defend_G","Defend_G","Defend_G","Defend_G","Defend_G","Strike_G","Strike_G","Strike_G","Strike_G","Strike_G","Survivor","Neutralize+1","Underhanded Strike","Riddle With Holes","Sucker Punch","Infinite Blades+1","Escape Plan","Heel Hook","After Image","Deadly Poison+1","Dagger Spray","Slice","Phantasmal Killer+1","Skewer+1","Noxious Fumes","Bouncing Flask","Flying Knee","Outmaneuver","Die Die Die","Deadly Poison+1"],"relics":["Ring of the Snake","Pen Nib","Boot","White Beast Statue","Mercury Hourglass","PreservedInsect","Strawberry","Regal Pillow","Sundial"],"potions_floor_usage":[4,16,16,16,29,29,33,33,33],"damage_taken":[{"damage":2,"enemies":"Cultist","floor":1,"turns":5},{"damage":3,"enemies":"2 Louse","floor":2,"turns":3},{"damage":0,"enemies":"Jaw Worm","floor":4,"turns":4},{"damage":3,"enemies":"2 Fungi Beasts","floor":8,"turns":3},{"damage":11,"enemies":"Exordium Wildlife","floor":11,"turns":5},{"damage":4,"enemies":"Blue Slaver","floor":12,"turns":4},{"damage":2,"enemies":"2 Fungi Beasts","floor":13,"turns":4},{"damage":16,"enemies":"Large Slime","floor":14,"turns":6},{"damage":0,"enemies":"Slime Boss","floor":16,"turns":9},{"damage":10,"enemies":"3 Byrds","floor":18,"turns":4},{"damage":0,"enemies":"Chosen","floor":20,"turns":3},{"damage":22,"enemies":"3 Cultists","floor":25,"turns":4},{"damage":17,"enemies":"Book of Stabbing","floor":29,"turns":5},{"damage":25,"enemies":"Centurion and Healer","floor":31,"turns":5},{"damage":75,"enemies":"Automaton","floor":33,"turns":6}],"seed_played":"4700256329765706899","potions_obtained":[{"floor":2,"key":"Explosive Potion"},{"floor":3,"key":"PowerPotion"},{"floor":4,"key":"Fruit Juice"},{"floor":12,"key":"Block Potion"},{"floor":16,"key":"Block Potion"},{"floor":18,"key":"Weak Potion"},{"floor":20,"key":"Dexterity Potion"},{"floor":29,"key":"SteroidPotion"},{"floor":31,"key":"Strength Potion"}],"is_trial":false,"path_per_floor":["M","M","?","M","?","$","R","M","T","R","M","M","M","M","R","B",null,"M","?","M","?","$","R","T","M","T","$","R","E","?","M","R","B"],"character_chosen":"THE_SILENT","items_purchased":["Infinite Blades","Escape Plan","PreservedInsect","Flying Knee"],"campfire_rested":2,"item_purchase_floors":[6,6,22,22],"current_hp_per_floor":[75,72,72,77,52,52,52,49,49,49,38,34,32,16,40,40,82,72,72,72,72,72,72,79,57,57,57,57,40,40,15,56,0],"gold":100,"neow_bonus":"TEN_PERCENT_HP_BONUS","is_prod":false,"is_daily":false,"chose_seed":false,"campfire_upgraded":4,"win_rate":0.0,"timestamp":1549829880,"path_taken":["M","M","?","?","?","?","R","M","T","R","M","M","M","M","R","BOSS","M","?","M","?","$","R","?","M","T","?","R","E","?","M","R","BOSS"],"build_version":"2019-01-23","purchased_purges":0,"victory":false,"max_hp_per_floor":[77,77,77,82,82,82,82,82,82,82,82,82,82,82,82,82,82,82,82,82,82,82,82,89,89,89,89,89,89,89,89,89,89],"card_choices":[{"not_picked":["Acrobatics","Expertise"],"picked":"Underhanded Strike","floor":1},{"not_picked":["Dodge and Roll","Prepared"],"picked":"Riddle With Holes","floor":2},{"not_picked":["Prepared","Blade Dance"],"picked":"Sucker Punch","floor":4},{"not_picked":["Caltrops","Poisoned Stab"],"picked":"Heel Hook","floor":8},{"not_picked":["Slice","Distraction"],"picked":"After Image","floor":11},{"not_picked":["Riddle With Holes","Acrobatics"],"picked":"Deadly Poison","floor":12},{"not_picked":["Acrobatics","Sucker Punch"],"picked":"Dagger Spray","floor":13},{"not_picked":["Expertise","Underhanded Strike"],"picked":"Slice","floor":14},{"not_picked":["Unload","Tools of the Trade"],"picked":"Phantasmal Killer","floor":16},{"not_picked":["Blade Dance","All Out Attack"],"picked":"Skewer+1","floor":18},{"not_picked":["Quick Slash","Heel Hook"],"picked":"Noxious Fumes","floor":20},{"not_picked":["PiercingWail","Flying Knee"],"picked":"Outmaneuver","floor":25},{"not_picked":["Predator","Flying Knee"],"picked":"Die Die Die","floor":29},{"not_picked":["Deflect+1","Poisoned Stab"],"picked":"Deadly Poison+1","floor":31}],"player_experience":22256,"relics_obtained":[{"floor":9,"key":"Boot"},{"floor":24,"key":"Strawberry"},{"floor":26,"key":"Regal Pillow"},{"floor":29,"key":"Sundial"}],"event_choices":[{"damage_healed":0,"gold_gain":0,"player_choice":"Got Potions","damage_taken":0,"max_hp_gain":0,"max_hp_loss":0,"event_name":"Lab","floor":3,"gold_loss":0},{"damage_healed":0,"gold_gain":0,"player_choice":"Success","damage_taken":25,"relics_obtained":["Pen Nib"],"max_hp_gain":0,"max_hp_loss":0,"event_name":"Scrap Ooze","floor":5,"gold_loss":0},{"damage_healed":0,"gold_gain":0,"player_choice":"Obtained Relic","damage_taken":0,"relics_obtained":["Mercury Hourglass"],"max_hp_gain":0,"max_hp_loss":0,"event_name":"Addict","floor":19,"gold_loss":85},{"damage_healed":0,"gold_gain":0,"player_choice":"Read","damage_taken":0,"max_hp_gain":0,"max_hp_loss":0,"event_name":"The Library","floor":21,"gold_loss":0,"cards_obtained":["Bouncing Flask"]},{"damage_healed":0,"gold_gain":0,"player_choice":"Ignored","damage_taken":0,"max_hp_gain":0,"max_hp_loss":0,"event_name":"Ghosts","floor":30,"gold_loss":0}],"is_beta":false,"boss_relics":[{"not_picked":["Ring of the Serpent","Sozu"],"picked":"White Beast Statue"}],"items_purged_floors":[],"is_endless":false,"potions_floor_spawned":[2,4,12,14,16,18,20,25,29,31],"killed_by":"Automaton","ascension_level":0}