{"gold_per_floor":[16,16,28,38,58,58,70,70,70,98,111,111,111,38,38,137,137,147,159,159,159,175,187,198,213,213,213,223,223,248,263,263,359,359,371,471,410,56,71,71,88,88,88,141,141,141,153,153,153,153],"floor_reached":51,"playtime":2317,"items_purged":[],"score":764,"play_id":"c9a9b8ea-086d-49f8-8552-5a2e4cf55f27","local_time":"20190218151703","is_ascension_mode":true,"campfire_choices":[{"data":"Limit Break","floor":6,"key":"SMITH"},{"data":"Inflame","floor":8,"key":"SMITH"},{"data":"Strike_R","floor":15,"key":"SMITH"},{"floor":27,"key":"REST"},{"data":"Armaments","floor":29,"key":"SMITH"},{"floor":32,"key":"REST"},{"data":"Pummel","floor":40,"key":"SMITH"},{"data":"Shrug It Off","floor":42,"key":"SMITH"},{"data":"Seeing Red","floor":46,"key":"SMITH"},{"data":"Defend_R","floor":49,"key":"SMITH"}],"neow_cost":"NO_GOLD","seed_source_timestamp":16546810802068,"circlet_count":0,"master_deck":["Strike_R+1","Defend_R","Defend_R","Defend_R+1","Immolate","Limit Break+1","Inflame+1","Heavy Blade+1","Flex+1","Pommel Strike+1","Iron Wave+1","Seeing Red+1","Limit Break+1","Shrug It Off+1","Pummel+1","Inflame+1","Armaments+1","Flame Barrier+1","True Grit+1","Reaper","Spot Weakness+1","Infernal Blade+1","Reckless Charge+1","True Grit+1","Discovery+1","Reinforced Body+1"],"relics":["Burning Blood","Gremlin Horn","Regal Pillow","Dead Branch","Sozu","Pantograph","Frozen Egg 2","Matryoshka","Vajra","PreservedInsect","Astrolabe","Bird Faced Urn","WingedGreaves","War Paint","PrismaticShard","Letter Opener","Strawberry","Whetstone"],"potions_floor_usage":[5,10,11,35],"damage_taken":[{"damage":8,"enemies":"Small Slimes","floor":1,"turns":3},{"damage":7,"enemies":"Jaw Worm","floor":3,"turns":4},{"damage":1,"enemies":"Cultist","floor":4,"turns":3},{"damage":3,"enemies":"3 Louse","floor":5,"turns":2},{"damage":14,"enemies":"Exordium Thugs","floor":7,"turns":3},{"damage":6,"enemies":"Gremlin Nob","floor":10,"turns":3},{"damage":0,"enemies":"Lots of Slimes","floor":11,"turns":2},{"damage":47,"enemies":"Hexaghost","floor":16,"turns":5},{"damage":0,"enemies":"Shell Parasite","floor":18,"turns":2},{"damage":2,"enemies":"Chosen","floor":19,"turns":3},{"damage":7,"enemies":"3 Cultists","floor":22,"turns":3},{"damage":19,"enemies":"Snake Plant","floor":23,"turns":2},{"damage":19,"enemies":"Chosen and Byrds","floor":24,"turns":3},{"damage":27,"enemies":"Snecko","floor":25,"turns":4},{"damage":3,"enemies":"Centurion and Healer","floor":28,"turns":4},{"damage":18,"enemies":"Shelled Parasite and Fungi","floor":31,"turns":2},{"damage":63,"enemies":"Automaton","floor":33,"turns":8},{"damage":0,"enemies":"3 Darklings","floor":35,"turns":3},{"damage":35,"enemies":"Mind Bloom Boss Battle","floor":36,"turns":5},{"damage":25,"enemies":"3 Shapes","floor":39,"turns":3},{"damage":11,"enemies":"3 Darklings","floor":41,"turns":3},{"damage":0,"enemies":"4 Shapes","floor":47,"turns":1},{"damage":44,"enemies":"Awakened One","floor":50,"turns":7}],"seed_played":"-868297826442871130","potions_obtained":[{"floor":1,"key":"Explosive Potion"},{"floor":3,"key":"AttackPotion"},{"floor":10,"key":"GamblersBrew"},{"floor":11,"key":"Fire Potion"}],"is_trial":false,"path_per_floor":["M","?","M","M","M","R","M","R","T","E","M","?","?","$","R","B",null,"M","M","T","?","M","M","M","M","T","R","M","R","T","M","R","B",null,"M","?","?","$","M","R","M","R","T","T","?","R","M","?","R","B",null],"character_chosen":"IRONCLAD","items_purchased":["Seeing Red","War Paint","PrismaticShard"],"campfire_rested":2,"item_purchase_floors":[14,38,38],"current_hp_per_floor":[78,80,79,80,80,80,72,72,72,72,78,78,71,71,71,30,80,80,80,80,80,79,66,53,32,32,71,74,74,74,62,80,23,80,80,51,51,51,61,61,80,80,87,87,87,87,87,87,87,53],"gold":153,"neow_bonus":"TRANSFORM_TWO_CARDS","is_prod":false,"is_daily":false,"chose_seed":false,"campfire_upgraded":8,"win_rate":0,"timestamp":1550524623,"path_taken":["M","?","M","M","M","R","M","R","T","E","M","?","?","?","R","BOSS","M","M","?","?","M","M","M","?","T","R","M","R","?","?","R","BOSS","M","?","?","$","M","R","?","R","T","?","?","R","M","?","R","BOSS"],"build_version":"2019-01-23","purchased_purges":0,"victory":true,"max_hp_per_floor":[80,80,80,80,80,80,80,80,80,80,80,80,80,80,80,80,80,80,80,80,80,80,80,80,80,80,80,80,80,80,80,80,80,80,80,80,80,80,80,80,80,80,87,87,87,87,87,87,87,87],"card_choices":[{"not_picked":["Wild Strike","Evolve"],"picked":"Inflame","floor":1},{"not_picked":["Cleave","Clash"],"picked":"Heavy Blade","floor":3},{"not_picked":["Anger","Brutality","Feel No Pain"],"picked":"SKIP","floor":4},{"not_picked":["Sword Boomerang","Ghostly Armor"],"picked":"Flex","floor":5},{"not_picked":["Sword Boomerang","Warcry"],"picked":"Pommel Strike","floor":7},{"not_picked":["Armaments","Dual Wield"],"picked":"Iron Wave","floor":10},{"not_picked":["Thunderclap","Reckless Charge","Body Slam"],"picked":"SKIP","floor":11},{"not_picked":["Barricade","Immolate"],"picked":"Limit Break","floor":16},{"not_picked":["Seeing Red","Flex"],"picked":"Shrug It Off","floor":18},{"not_picked":["Sword Boomerang","Wild Strike"],"picked":"Pummel","floor":19},{"not_picked":["Anger","Wild Strike","Sword Boomerang"],"picked":"SKIP","floor":22},{"not_picked":["Flex","Ghostly Armor"],"picked":"Inflame+1","floor":23},{"not_picked":["Wild Strike","Perfected Strike+1"],"picked":"Armaments","floor":24},{"not_picked":["Havoc","Sever Soul"],"picked":"Flame Barrier+1","floor":25},{"not_picked":["Flex","Wild Strike+1"],"picked":"True Grit+1","floor":28},{"not_picked":["Infernal Blade","Brutality+1","Havoc+1"],"picked":"SKIP","floor":31},{"not_picked":["Brutality+1","Berserk+1"],"picked":"Reaper","floor":33},{"not_picked":["Havoc","Body Slam","Headbutt"],"picked":"SKIP","floor":35},{"not_picked":["Metallicize+1","Twin Strike"],"picked":"True Grit+1","floor":36},{"not_picked":["Steam","Flying Knee"],"picked":"Discovery+1","floor":39},{"not_picked":["Capacitor+1","Rebound"],"picked":"Reinforced Body+1","floor":41},{"not_picked":["Shrug It Off","Slice","Mayhem+1"],"picked":"SKIP","floor":47}],"player_experience":209274,"relics_obtained":[{"floor":9,"key":"Gremlin Horn"},{"floor":10,"key":"Regal Pillow"},{"floor":20,"key":"Pantograph"},{"floor":21,"key":"Frozen Egg 2"},{"floor":26,"key":"Matryoshka"},{"floor":30,"key":"Vajra"},{"floor":30,"key":"PreservedInsect"},{"floor":36,"key":"Bird Faced Urn"},{"floor":43,"key":"Letter Opener"},{"floor":43,"key":"Strawberry"},{"floor":44,"key":"Whetstone"}],"event_choices":[{"damage_healed":26,"gold_gain":0,"player_choice":"Banana","damage_taken":0,"max_hp_gain":0,"max_hp_loss":0,"event_name":"Big Fish","floor":2,"gold_loss":0},{"damage_healed":0,"gold_gain":0,"player_choice":"Grow","damage_taken":0,"max_hp_gain":0,"max_hp_loss":0,"event_name":"Living Wall","floor":12,"gold_loss":0,"cards_upgraded":["Heavy Blade"]},{"damage_healed":0,"gold_gain":0,"player_choice":"Success","damage_taken":7,"relics_obtained":["Dead Branch"],"max_hp_gain":0,"max_hp_loss":0,"event_name":"Scrap Ooze","floor":13,"gold_loss":0},{"damage_healed":0,"gold_gain":0,"player_choice":"Relic","damage_taken":0,"max_hp_gain":0,"max_hp_loss":0,"event_name":"Wheel of Change","floor":21,"gold_loss":0},{"damage_healed":0,"gold_gain":0,"player_choice":"Fight","damage_taken":0,"max_hp_gain":0,"max_hp_loss":0,"event_name":"MindBloom","floor":36,"gold_loss":0},{"damage_healed":0,"gold_gain":0,"player_choice":"Paid Gold","damage_taken":0,"relics_obtained":["WingedGreaves"],"max_hp_gain":0,"max_hp_loss":0,"event_name":"WeMeetAgain","floor":37,"gold_loss":61},{"damage_healed":0,"gold_gain":0,"player_choice":"Ignored","damage_taken":0,"max_hp_gain":0,"max_hp_loss":0,"event_name":"Tomb of Lord Red Mask","floor":45,"gold_loss":0},{"cards_removed":["Defend_R"],"damage_healed":0,"gold_gain":0,"player_choice":"Removed Skill","damage_taken":0,"max_hp_gain":0,"max_hp_loss":0,"event_name":"Falling","floor":48,"gold_loss":0}],"is_beta":false,"boss_relics":[{"not_picked":["Busted Crown","Ectoplasm"],"picked":"Sozu"},{"not_picked":["Runic Pyramid","Pandora\u0027s Box"],"picked":"Astrolabe"}],"items_purged_floors":[],"is_endless":false,"potions_floor_spawned":[1,3,10,11,18,19,25,28,31,33,35,36,41],"ascension_level":2}