{"gold_per_floor":[112,123,123,123,136,136,165,67,67,79,54,54,80,80,80,183,183,193,108,108,56,75,75,85,85,85,85,103,103,103,121,121,217,217,230,230,243,259,15,15,15],"floor_reached":41,"playtime":1966,"items_purged":["Strike_R","Strike_R"],"score":439,"play_id":"0bc5736d-42f4-49f3-b376-7e6d4c154a99","local_time":"20190218135605","is_ascension_mode":true,"campfire_choices":[{"data":"Sentinel","floor":6,"key":"SMITH"},{"data":"Armaments","floor":12,"key":"SMITH"},{"floor":15,"key":"REST"},{"floor":23,"key":"REST"},{"data":"Searing Blow+1","floor":29,"key":"SMITH"},{"data":"Searing Blow+2","floor":32,"key":"SMITH"},{"floor":40,"key":"REST"}],"neow_cost":"NONE","seed_source_timestamp":12071058769080,"circlet_count":0,"master_deck":["Strike_R","Strike_R","Strike_R","Defend_R","Defend_R","Defend_R","Defend_R","Bash+1","Sentinel+1","Juggernaut","Armaments+1","Iron Wave+1","Body Slam+1","Searing Blow+3","Fiend Fire+1","Seeing Red+1","True Grit","Flame Barrier","Body Slam+1","True Grit+1","Seeing Red","Infernal Blade","Double Tap","Madness","Parasite"],"relics":["Burning Blood","Sundial","Molten Egg 2","Ancient Tea Set","Runic Cube","Unceasing Top","Gremlin Horn","Thread and Needle","Orrery","Bag of Marbles"],"potions_floor_usage":[16,28,31,33,37,37,37,38,38,38],"damage_taken":[{"damage":11,"enemies":"2 Louse","floor":1,"turns":4},{"damage":4,"enemies":"Jaw Worm","floor":2,"turns":5},{"damage":0,"enemies":"Small Slimes","floor":5,"turns":3},{"damage":27,"enemies":"Gremlin Nob","floor":7,"turns":4},{"damage":6,"enemies":"Red Slaver","floor":10,"turns":7},{"damage":26,"enemies":"Lagavulin","floor":13,"turns":5},{"damage":77,"enemies":"Hexaghost","floor":16,"turns":11},{"damage":25,"enemies":"Shell Parasite","floor":18,"turns":7},{"damage":13,"enemies":"3 Byrds","floor":22,"turns":6},{"damage":17,"enemies":"Centurion and Healer","floor":24,"turns":10},{"damage":13,"enemies":"Snecko","floor":28,"turns":3},{"damage":0,"enemies":"Snake Plant","floor":31,"turns":2},{"damage":53,"enemies":"Collector","floor":33,"turns":10},{"damage":35,"enemies":"3 Darklings","floor":35,"turns":5},{"damage":35,"enemies":"Orb Walker","floor":37,"turns":6},{"damage":34,"enemies":"Writhing Mass","floor":38,"turns":5},{"damage":53,"enemies":"Maw","floor":41,"turns":7}],"seed_played":"-3869989495352757738","potions_obtained":[{"floor":0,"key":"EntropicBrew"},{"floor":0,"key":"FairyPotion"},{"floor":0,"key":"Regen Potion"},{"floor":1,"key":"BloodPotion"},{"floor":2,"key":"BloodPotion"},{"floor":24,"key":"Energy Potion"},{"floor":28,"key":"Fire Potion"},{"floor":31,"key":"Fire Potion"},{"floor":35,"key":"EntropicBrew"}],"is_trial":false,"path_per_floor":["M","M","?","?","M","R","E","$","T","M","$","R","E","?","R","B",null,"M","?","?","$","M","R","M","$","T","?","M","R","T","M","R","B",null,"M","?","M","M","$","R","M"],"character_chosen":"IRONCLAD","items_purchased":["Armaments","Body Slam+1","True Grit","Bag of Marbles"],"campfire_rested":3,"item_purchase_floors":[8,11,21,39],"current_hp_per_floor":[75,77,82,82,85,85,64,64,64,64,64,64,44,44,69,13,85,66,66,66,66,59,84,73,73,73,85,78,78,78,84,84,37,85,56,56,43,15,15,40,0],"gold":15,"neow_bonus":"THREE_SMALL_POTIONS","is_prod":false,"is_daily":false,"chose_seed":false,"campfire_upgraded":4,"win_rate":0,"timestamp":1550519765,"path_taken":["M","M","?","?","M","R","E","$","T","M","$","R","E","?","R","BOSS","M","?","?","?","?","R","M","$","T","?","M","R","?","M","R","BOSS","M","?","M","M","$","R","M"],"build_version":"2019-01-23","purchased_purges":2,"victory":false,"max_hp_per_floor":[80,80,85,85,85,85,85,85,85,85,85,85,85,85,85,85,85,85,85,85,85,85,85,85,85,85,85,85,85,85,85,85,85,85,85,85,85,85,85,85,85],"card_choices":[{"not_picked":["Clash","Clothesline","Dark Embrace"],"picked":"SKIP","floor":1},{"not_picked":["Second Wind","Dropkick","Pummel"],"picked":"SKIP","floor":2},{"not_picked":["Anger","Spot Weakness"],"picked":"Sentinel","floor":5},{"not_picked":["Anger","Havoc"],"picked":"Juggernaut","floor":7},{"not_picked":["Wild Strike+1","Exhume"],"picked":"Iron Wave+1","floor":10},{"not_picked":["Carnage+1","Havoc"],"picked":"Searing Blow+1","floor":13},{"not_picked":["Exhume","Immolate+1"],"picked":"Fiend Fire+1","floor":16},{"not_picked":["Headbutt+1","Iron Wave+1"],"picked":"Seeing Red+1","floor":18},{"not_picked":["Combust","Fire Breathing"],"picked":"Flame Barrier","floor":22},{"not_picked":["Shockwave","Combust+1","Headbutt+1"],"picked":"SKIP","floor":24},{"not_picked":["Wild Strike+1","Warcry"],"picked":"Body Slam+1","floor":28},{"not_picked":["Fire Breathing","Cleave+1"],"picked":"True Grit+1","floor":31},{"not_picked":["Battle Trance","Uppercut+1"],"picked":"Seeing Red","floor":34},{"not_picked":["Dual Wield","Armaments"],"picked":"Infernal Blade","floor":34},{"not_picked":["Spot Weakness","Disarm+1"],"picked":"Double Tap","floor":35},{"not_picked":["Discovery","Purity"],"picked":"Madness","floor":36},{"not_picked":["Havoc+1","Clash+1","Uppercut+1"],"picked":"SKIP","floor":37},{"not_picked":["Infernal Blade","Dropkick+1","Hemokinesis+1"],"picked":"SKIP","floor":38}],"player_experience":204927,"relics_obtained":[{"floor":7,"key":"Sundial"},{"floor":9,"key":"Molten Egg 2"},{"floor":13,"key":"Ancient Tea Set"},{"floor":26,"key":"Gremlin Horn"},{"floor":30,"key":"Thread and Needle"}],"event_choices":[{"damage_healed":0,"gold_gain":0,"player_choice":"Donut","damage_taken":0,"max_hp_gain":5,"max_hp_loss":0,"event_name":"Big Fish","floor":3,"gold_loss":0},{"damage_healed":0,"gold_gain":0,"player_choice":"Grow","damage_taken":0,"max_hp_gain":0,"max_hp_loss":0,"event_name":"Living Wall","floor":4,"gold_loss":0,"cards_upgraded":["Bash"]},{"damage_healed":0,"gold_gain":0,"player_choice":"Got Potions","damage_taken":0,"max_hp_gain":0,"max_hp_loss":0,"event_name":"Lab","floor":14,"gold_loss":0},{"damage_healed":0,"gold_gain":0,"player_choice":"Obtained Relic","damage_taken":0,"relics_obtained":["Unceasing Top"],"max_hp_gain":0,"max_hp_loss":0,"event_name":"Addict","floor":19,"gold_loss":85},{"damage_healed":0,"gold_gain":0,"player_choice":"Ignored","damage_taken":0,"max_hp_gain":0,"max_hp_loss":0,"event_name":"The Mausoleum","floor":20,"gold_loss":0},{"damage_healed":28,"gold_gain":0,"player_choice":"Heal","damage_taken":0,"max_hp_gain":0,"max_hp_loss":0,"event_name":"The Library","floor":27,"gold_loss":0},{"damage_healed":0,"gold_gain":0,"player_choice":"Memory 1","damage_taken":0,"max_hp_gain":0,"max_hp_loss":0,"event_name":"SensoryStone","floor":36,"gold_loss":0}],"is_beta":false,"boss_relics":[{"not_picked":["Mark of Pain","Pandora\u0027s Box"],"picked":"Runic Cube"},{"not_picked":["Lizard Tail","Empty Cage"],"picked":"Orrery"}],"items_purged_floors":[8,39],"is_endless":false,"potions_floor_spawned":[1,2,10,24,28,31,35],"killed_by":"Maw","ascension_level":2}