{"gold_per_floor":[111,131,146,161,177,204,223,258,306,261,272,299,310,310],"floor_reached":14,"playtime":742,"items_purged":[],"score":157,"play_id":"8adc067f-7f75-411d-b528-75596ca36e05","local_time":"20190111180608","is_ascension_mode":true,"campfire_choices":[],"neow_cost":"NONE","seed_source_timestamp":220511637749560,"circlet_count":0,"master_deck":["Strike_B","Strike_B","Strike_B","Strike_B","Defend_B","Defend_B","Defend_B","Defend_B","Zap","Dualcast","Chill","Defragment","Blizzard","Coolheaded","Redo","Capacitor+1"],"relics":["Cracked Core","Torii","Frozen Egg 2","Vajra","Darkstone Periapt"],"potions_floor_usage":[8,14,14,14],"damage_taken":[{"damage":0,"enemies":"Cultist","floor":1,"turns":4},{"damage":3,"enemies":"Small Slimes","floor":2,"turns":4},{"damage":0,"enemies":"2 Louse","floor":3,"turns":3},{"damage":8,"enemies":"Exordium Wildlife","floor":4,"turns":8},{"damage":4,"enemies":"Looter","floor":5,"turns":3},{"damage":20,"enemies":"3 Sentries","floor":6,"turns":7},{"damage":12,"enemies":"Exordium Thugs","floor":7,"turns":5},{"damage":1,"enemies":"Lagavulin","floor":8,"turns":9},{"damage":1,"enemies":"Blue Slaver","floor":11,"turns":5},{"damage":1,"enemies":"3 Sentries","floor":12,"turns":9},{"damage":1,"enemies":"Looter","floor":13,"turns":4},{"damage":35,"enemies":"Exordium Thugs","floor":14,"turns":6}],"seed_played":"2378153526700818998","potions_obtained":[{"floor":1,"key":"Swift Potion"},{"floor":7,"key":"FocusPotion"},{"floor":8,"key":"Swift Potion"},{"floor":12,"key":"AttackPotion"}],"is_trial":false,"path_per_floor":["M","M","M","M","M","E","M","E","T","?","M","E","M","M"],"character_chosen":"DEFECT","items_purchased":[],"campfire_rested":0,"item_purchase_floors":[],"current_hp_per_floor":[75,72,72,64,60,40,28,27,27,27,26,25,24,0],"gold":310,"neow_bonus":"TEN_PERCENT_HP_BONUS","is_prod":false,"is_daily":false,"chose_seed":false,"campfire_upgraded":0,"win_rate":0,"timestamp":1547226368,"path_taken":["M","M","?","M","M","E","M","E","T","?","M","E","M","M"],"build_version":"2019-01-10","purchased_purges":0,"victory":false,"max_hp_per_floor":[82,82,82,82,82,82,82,82,82,82,82,82,82,82],"card_choices":[{"not_picked":["Aggregate","Ball Lightning","Sweeping Beam"],"picked":"SKIP","floor":1},{"not_picked":["Gash","Loop"],"picked":"Chill","floor":2},{"not_picked":["Doom and Gloom","Steam Power","Gash"],"picked":"SKIP","floor":3},{"not_picked":["Conserve Battery","Heatsinks"],"picked":"Defragment","floor":4},{"not_picked":["Leap","Ball Lightning"],"picked":"Blizzard","floor":5},{"not_picked":["Steam Power","Go for the Eyes"],"picked":"Coolheaded","floor":6},{"not_picked":["Ball Lightning","Sweeping Beam","Rebound"],"picked":"SKIP","floor":7},{"not_picked":["Hologram","Ball Lightning","Heatsinks"],"picked":"SKIP","floor":8},{"not_picked":["Doom and Gloom","Consume"],"picked":"Redo","floor":11},{"not_picked":["Multi-Cast","Darkness","Ball Lightning"],"picked":"SKIP","floor":12},{"not_picked":["Cold Snap","Glacier"],"picked":"Capacitor+1","floor":13}],"player_experience":670291,"relics_obtained":[{"floor":6,"key":"Torii"},{"floor":8,"key":"Frozen Egg 2"},{"floor":9,"key":"Vajra"},{"floor":12,"key":"Darkstone Periapt"}],"event_choices":[{"damage_healed":0,"gold_gain":0,"player_choice":"Left Gold","damage_taken":0,"max_hp_gain":0,"max_hp_loss":0,"event_name":"World of Goop","floor":10,"gold_loss":45}],"is_beta":false,"boss_relics":[],"items_purged_floors":[],"is_endless":false,"potions_floor_spawned":[1,7,8,12],"killed_by":"Exordium Thugs","ascension_level":7}