{"gold_per_floor":[16,33,50,64,81,81,28,44,44,44,44,44,69,80,80,177,177,189,203,203,203,213,226,226,260,337,337,51,51,51,51,51,51],"floor_reached":33,"playtime":1297,"items_purged":[],"score":361,"play_id":"082fd0d9-62c0-4a83-942d-0a5755a5b288","local_time":"20190224132803","is_ascension_mode":true,"campfire_choices":[{"data":"Bash","floor":6,"key":"SMITH"},{"data":"Iron Wave","floor":10,"key":"SMITH"},{"data":"Cleave","floor":12,"key":"SMITH"},{"floor":15,"key":"REST"},{"data":"Whirlwind","floor":24,"key":"SMITH"},{"floor":27,"key":"REST"},{"floor":32,"key":"REST"}],"neow_cost":"NO_GOLD","seed_source_timestamp":18409089581662,"circlet_count":0,"master_deck":["Defend_R","Defend_R","Defend_R","Defend_R","Bash+1","Iron Wave+1","Iron Wave+1","Cleave+1","Shockwave","Shrug It Off","Shrug It Off","Seeing Red","Pommel Strike","Immolate","Rampage","Bite","Bite","Bite","Bite","Bite","Whirlwind+1","Inflame","Iron Wave","Armaments","Corruption"],"relics":["Black Blood","Champion Belt","Kunai","Gambling Chip","The Courier","Paper Frog"],"potions_floor_usage":[5,16,22,31,33],"damage_taken":[{"damage":5,"enemies":"Small Slimes","floor":1,"turns":3},{"damage":2,"enemies":"Jaw Worm","floor":2,"turns":3},{"damage":8,"enemies":"2 Louse","floor":3,"turns":3},{"damage":22,"enemies":"Large Slime","floor":4,"turns":7},{"damage":11,"enemies":"Lots of Slimes","floor":5,"turns":3},{"damage":7,"enemies":"Blue Slaver","floor":8,"turns":5},{"damage":15,"enemies":"Gremlin Nob","floor":13,"turns":5},{"damage":0,"enemies":"Looter","floor":14,"turns":3},{"damage":23,"enemies":"The Guardian","floor":16,"turns":15},{"damage":13,"enemies":"3 Byrds","floor":18,"turns":5},{"damage":19,"enemies":"Chosen","floor":19,"turns":5},{"damage":0,"enemies":"Centurion and Healer","floor":22,"turns":5},{"damage":15,"enemies":"Chosen and Byrds","floor":23,"turns":5},{"damage":66,"enemies":"Book of Stabbing","floor":25,"turns":8},{"damage":0,"enemies":"Shelled Parasite and Fungi","floor":31,"turns":1},{"damage":111,"enemies":"Automaton","floor":33,"turns":10}],"seed_played":"4454794722426472506","potions_obtained":[{"floor":1,"key":"LiquidBronze"},{"floor":4,"key":"EssenceOfSteel"},{"floor":14,"key":"SmokeBomb"},{"floor":16,"key":"Fire Potion"},{"floor":25,"key":"Weak Potion"}],"is_trial":false,"path_per_floor":["M","M","M","M","M","R","$","M","T","R","?","R","E","M","R","B",null,"M","M","?","?","M","M","R","E","T","R","$","?","?","M","R","B"],"character_chosen":"IRONCLAD","items_purchased":["Shrug It Off","Paper Frog","Armaments","Corruption"],"campfire_rested":3,"item_purchase_floors":[7,28,28,28],"current_hp_per_floor":[80,80,78,62,57,57,57,56,56,56,56,56,47,55,79,63,76,75,68,68,68,80,80,80,32,32,56,56,41,69,79,85,0],"gold":51,"neow_bonus":"ONE_RARE_RELIC","is_prod":false,"is_daily":false,"chose_seed":false,"campfire_upgraded":4,"win_rate":0,"timestamp":1551036483,"path_taken":["M","M","M","M","M","R","$","M","T","R","?","R","E","M","R","BOSS","M","M","?","?","M","M","R","E","T","R","$","?","?","M","R","BOSS"],"build_version":"2019-01-23","purchased_purges":0,"victory":false,"max_hp_per_floor":[80,80,80,80,80,80,80,80,80,80,80,80,80,80,80,80,80,80,80,80,80,80,80,80,80,80,80,80,85,85,85,85,85],"card_choices":[{"not_picked":["Battle Trance","Sword Boomerang"],"picked":"Iron Wave","floor":1},{"not_picked":["True Grit","Perfected Strike","Havoc"],"picked":"SKIP","floor":2},{"not_picked":["Perfected Strike","Flex"],"picked":"Iron Wave","floor":3},{"not_picked":["Havoc","Sword Boomerang"],"picked":"Cleave","floor":4},{"not_picked":["Burning Pact","Metallicize"],"picked":"Shockwave","floor":5},{"not_picked":["Iron Wave","Pummel"],"picked":"Shrug It Off","floor":8},{"not_picked":["Spot Weakness","Reckless Charge"],"picked":"Seeing Red","floor":13},{"not_picked":["Heavy Blade","Impervious"],"picked":"Pommel Strike","floor":14},{"not_picked":["Reaper","Barricade"],"picked":"Immolate","floor":16},{"not_picked":["Armaments","Wild Strike"],"picked":"Rampage","floor":18},{"not_picked":["Thunderclap+1","Twin Strike","Dual Wield+1"],"picked":"SKIP","floor":19},{"not_picked":["Thunderclap+1","Twin Strike","Dual Wield+1"],"picked":"SKIP","floor":19},{"not_picked":["Body Slam","Headbutt"],"picked":"Whirlwind","floor":22},{"not_picked":["Bloodletting","Flex"],"picked":"Inflame","floor":23},{"not_picked":["Twin Strike","Pummel+1"],"picked":"Iron Wave","floor":25}],"player_experience":342946,"relics_obtained":[{"floor":9,"key":"Kunai"},{"floor":13,"key":"Blood Vial"},{"floor":25,"key":"Gambling Chip"},{"floor":26,"key":"The Courier"}],"event_choices":[{"damage_healed":0,"gold_gain":0,"player_choice":"Grow","damage_taken":0,"max_hp_gain":0,"max_hp_loss":0,"event_name":"Living Wall","floor":11,"gold_loss":0,"cards_upgraded":["Iron Wave"]},{"damage_healed":0,"gold_gain":0,"player_choice":"Ignored","damage_taken":0,"max_hp_gain":0,"max_hp_loss":0,"event_name":"Ghosts","floor":20,"gold_loss":0},{"damage_healed":0,"gold_gain":0,"player_choice":"Became a vampire (Vial)","damage_taken":0,"max_hp_gain":0,"max_hp_loss":0,"event_name":"Vampires","floor":21,"relics_lost":["Blood Vial"],"gold_loss":0,"cards_obtained":["Bite","Bite","Bite","Bite","Bite"]},{"damage_healed":0,"gold_gain":0,"player_choice":"Shed Blood","damage_taken":20,"max_hp_gain":5,"max_hp_loss":0,"event_name":"Forgotten Altar","floor":29,"gold_loss":0},{"damage_healed":28,"gold_gain":0,"player_choice":"Heal","damage_taken":0,"max_hp_gain":0,"max_hp_loss":0,"event_name":"The Library","floor":30,"gold_loss":0}],"is_beta":false,"boss_relics":[{"not_picked":["Pandora\u0027s Box","Lizard Tail"],"picked":"Black Blood"}],"items_purged_floors":[],"is_endless":false,"potions_floor_spawned":[1,4,14,16,25,31],"killed_by":"Automaton","ascension_level":5}