{"gold_per_floor":[112,112,131,141,40,40,69,69,69,69,99,99,126,145,145,245,245,261,276,276,288,39,39,68,68,92,19,51,51,51,65,65,65],"floor_reached":33,"playtime":2081,"items_purged":[],"score":467,"play_id":"51431a84-545d-43bf-b26b-c93e024e2178","local_time":"20190120201925","is_ascension_mode":true,"campfire_choices":[{"data":"Bouncing Flask","floor":6.0,"key":"SMITH"},{"data":"Neutralize","floor":8.0,"key":"SMITH"},{"data":"1","floor":12.0,"key":"LIFT"},{"floor":15.0,"key":"REST"},{"data":"Cloak And Dagger","floor":23.0,"key":"SMITH"},{"floor":30.0,"key":"REST"},{"floor":32.0,"key":"REST"}],"neow_cost":"CURSE","seed_source_timestamp":761530954405610,"circlet_count":0,"master_deck":["AscendersBane","Defend_G","Defend_G","Defend_G","Defend_G","Defend_G","Strike_G","Strike_G","Strike_G+1","Strike_G+1","Strike_G","Survivor","Neutralize+1","Deadly Poison","Well Laid Plans","All Out Attack","Bouncing Flask+1","Deadly Poison","Finisher","Backstab","Cloak And Dagger+1","Envenom","Backflip","Neutralize","PiercingWail","Blade Dance","Accuracy","Dodge and Roll+1","Normality","Leg Sweep","Necronomicurse","PiercingWail"],"special_seed":0,"relics":["Ring of the Snake","Shovel","Girya","Blue Candle","Ninja Scroll","Whetstone","Cursed Key","Vajra","Paper Crane","Lantern","Incense Burner","Necronomicon"],"potions_floor_usage":[33,33,33],"damage_taken":[{"damage":4.0,"enemies":"2 Louse","floor":1.0,"turns":4.0},{"damage":0.0,"enemies":"Cultist","floor":3.0,"turns":4.0},{"damage":2.0,"enemies":"Jaw Worm","floor":4.0,"turns":5.0},{"damage":20.0,"enemies":"Lagavulin","floor":7.0,"turns":6.0},{"damage":22.0,"enemies":"3 Sentries","floor":11.0,"turns":8.0},{"damage":16.0,"enemies":"Gremlin Nob","floor":13.0,"turns":3.0},{"damage":0.0,"enemies":"3 Louse","floor":14.0,"turns":2.0},{"damage":29.0,"enemies":"The Guardian","floor":16.0,"turns":8.0},{"damage":1.0,"enemies":"3 Byrds","floor":18.0,"turns":4.0},{"damage":10.0,"enemies":"Shell Parasite","floor":19.0,"turns":3.0},{"damage":14.0,"enemies":"Snecko","floor":21.0,"turns":4.0},{"damage":14.0,"enemies":"Slavers","floor":24.0,"turns":4.0},{"damage":3.0,"enemies":"Gremlin Leader","floor":28.0,"turns":7.0},{"damage":0.0,"enemies":"Sentry and Sphere","floor":31.0,"turns":3.0},{"damage":65,"enemies":"Collector","floor":33,"turns":7}],"seed_played":"3644381386966214871","potions_obtained":[{"floor":4.0,"key":"Explosive Potion"},{"floor":7.0,"key":"Energy Potion"},{"floor":13.0,"key":"Regen Potion"},{"floor":24.0,"key":"Block Potion"},{"floor":28.0,"key":"SneckoOil"},{"floor":31.0,"key":"EntropicBrew"}],"is_trial":false,"path_per_floor":["M","?","M","M","$","R","E","R","T","?","E","R","E","M","R","B",null,"M","M","?","M","$","R","E","$","T","$","E","?","R","M","R","B"],"character_chosen":"THE_SILENT","items_purchased":["Bouncing Flask","Deadly Poison","Vajra","Blade Dance","Accuracy","EssenceOfSteel"],"campfire_rested":3,"item_purchase_floors":[5,5,22,22,22,27],"current_hp_per_floor":[59,52,52,50,50,50,30,30,30,53,31,31,15,15,36,7,54,53,43,43,29,29,29,27,27,27,27,24,8,29,29,50,0],"gold":65,"neow_bonus":"ONE_RARE_RELIC","is_prod":false,"is_daily":false,"chose_seed":false,"campfire_upgraded":3,"win_rate":0,"timestamp":1548033565,"path_taken":["M","?","M","M","$","R","E","R","T","?","E","R","E","M","R","BOSS","M","M","?","M","$","R","E","?","T","?","E","?","R","M","R","BOSS"],"build_version":"2019-01-19","purchased_purges":0,"victory":false,"max_hp_per_floor":[70,70,70,70,70,70,70,70,70,70,70,70,70,70,70,70,70,70,70,70,70,70,70,70,70,70,70,70,70,70,70,70,70],"card_choices":[{"not_picked":["Slice","Quick Slash"],"picked":"Deadly Poison","floor":1.0},{"not_picked":["Sucker Punch","Acrobatics"],"picked":"Well Laid Plans","floor":3.0},{"not_picked":["Deflect","Prepared"],"picked":"All Out Attack","floor":4.0},{"not_picked":["Underhanded Strike","Unload","Flechettes"],"picked":"SKIP","floor":7.0},{"not_picked":["Skewer","Backflip"],"picked":"Finisher","floor":11.0},{"not_picked":["Escape Plan","Choke"],"picked":"Backstab","floor":13.0},{"not_picked":["Accuracy","Underhanded Strike"],"picked":"Cloak And Dagger","floor":14.0},{"not_picked":["After Image","Glass Knife"],"picked":"Envenom","floor":16.0},{"not_picked":["Dagger Throw+1","Accuracy","Prepared"],"picked":"SKIP","floor":18.0},{"not_picked":["Prepared","Quick Slash+1"],"picked":"Backflip","floor":19.0},{"not_picked":["Reflex","Blade Dance"],"picked":"PiercingWail","floor":21.0},{"not_picked":["Dagger Throw","Well Laid Plans"],"picked":"Dodge and Roll+1","floor":24.0},{"not_picked":["Deflect+1","Bane"],"picked":"Leg Sweep","floor":28.0},{"not_picked":["Blade Dance","Dagger Spray"],"picked":"PiercingWail","floor":31.0}],"player_experience":512002,"relics_obtained":[{"floor":7.0,"key":"Girya"},{"floor":9.0,"key":"Blue Candle"},{"floor":11.0,"key":"Ninja Scroll"},{"floor":13.0,"key":"Whetstone"},{"floor":24.0,"key":"Paper Crane"},{"floor":26.0,"key":"Lantern"},{"floor":28.0,"key":"Incense Burner"},{"floor":29.0,"key":"Necronomicon"}],"event_choices":[{"cards_removed":["Normality"],"damage_healed":0.0,"max_hp_gain":0.0,"max_hp_loss":0.0,"gold_gain":0.0,"event_name":"Golden Wing","player_choice":"Card Removal","floor":2.0,"gold_loss":0.0,"damage_taken":7.0},{"damage_healed":23.0,"max_hp_gain":0.0,"max_hp_loss":0.0,"gold_gain":0.0,"event_name":"Big Fish","player_choice":"Banana","floor":10.0,"gold_loss":0.0,"damage_taken":0.0},{"damage_healed":0.0,"max_hp_gain":0.0,"max_hp_loss":0.0,"gold_gain":0.0,"event_name":"Match and Keep!","player_choice":"1 cards matched","floor":20.0,"gold_loss":0.0,"damage_taken":0.0,"cards_obtained":["Neutralize"]},{"damage_healed":0.0,"max_hp_gain":0.0,"max_hp_loss":0.0,"gold_gain":0.0,"event_name":"Cursed Tome","player_choice":"Obtained Book","floor":29.0,"gold_loss":0.0,"damage_taken":16.0}],"is_beta":true,"boss_relics":[{"not_picked":["Philosopher\u0027s Stone","Tiny House"],"picked":"Cursed Key"}],"items_purged_floors":[],"is_endless":false,"potions_floor_spawned":[4,7,13,16,24,28,31],"killed_by":"Collector","ascension_level":11}