{"gold_per_floor":[109,109,109,184,36,36,36,36,36,54,75,94,94,110,110,241,241,257,278,278,278],"floor_reached":21,"playtime":1367,"items_purged":[],"score":220,"play_id":"3605cbd4-41de-46e1-86da-975d29527aea","local_time":"20181222073639","is_ascension_mode":true,"campfire_choices":[{"data":"Storm of Steel","floor":6,"key":"SMITH"},{"data":"Cloak And Dagger","floor":8,"key":"SMITH"},{"data":"Cloak And Dagger","floor":13,"key":"SMITH"},{"data":"Calculated Gamble","floor":15,"key":"SMITH"}],"neow_cost":"NONE","seed_source_timestamp":197438051955000,"circlet_count":0,"master_deck":["Defend_G","Defend_G","Defend_G","Defend_G","Defend_G","Strike_G","Strike_G","Strike_G","Strike_G","Survivor","Neutralize","Cloak And Dagger+1","Storm of Steel+1","Infinite Blades","Escape Plan","Cloak And Dagger+1","Infinite Blades","Calculated Gamble+1","Adrenaline","Slice","Phantasmal Killer"],"relics":["Busted Crown","Golden Idol","Matryoshka","Black Star"],"potions_floor_usage":[16,21],"damage_taken":[{"damage":3,"enemies":"2 Louse","floor":1,"turns":3},{"damage":0,"enemies":"Jaw Worm","floor":10,"turns":3},{"damage":0,"enemies":"Cultist","floor":11,"turns":4},{"damage":0,"enemies":"Looter","floor":12,"turns":3},{"damage":4,"enemies":"2 Fungi Beasts","floor":14,"turns":4},{"damage":33,"enemies":"Slime Boss","floor":16,"turns":8},{"damage":0,"enemies":"Chosen","floor":18,"turns":4},{"damage":9,"enemies":"3 Byrds","floor":19,"turns":6},{"damage":43,"enemies":"Sentry and Sphere","floor":21,"turns":7}],"seed_played":"-2954318707759600072","potions_obtained":[{"floor":12,"key":"PowerPotion"},{"floor":18,"key":"Block Potion"}],"is_trial":false,"path_per_floor":["M","?","?","?","$","R","$","R","T","M","M","M","R","M","R","B",null,"M","M","?","M"],"character_chosen":"THE_SILENT","items_purchased":["Infinite Blades","Escape Plan"],"campfire_rested":0,"item_purchase_floors":[5,5],"current_hp_per_floor":[60,60,60,49,49,49,49,49,49,49,49,49,49,45,45,12,52,52,43,43,0],"gold":278,"neow_bonus":"BOSS_RELIC","is_prod":false,"is_daily":false,"chose_seed":false,"campfire_upgraded":4,"win_rate":0,"timestamp":1545489399,"path_taken":["M","?","?","?","$","R","?","R","T","M","M","M","R","M","R","BOSS","M","M","?","M"],"build_version":"2018-12-20","purchased_purges":0,"victory":false,"max_hp_per_floor":[70,70,65,65,65,65,65,65,65,65,65,65,65,65,65,65,65,65,65,65,65],"card_choices":[{"not_picked":[],"picked":"Cloak And Dagger","floor":1},{"not_picked":["Flechettes"],"picked":"SKIP","floor":10},{"not_picked":[],"picked":"Cloak And Dagger","floor":11},{"not_picked":[],"picked":"Infinite Blades","floor":12},{"not_picked":[],"picked":"Calculated Gamble","floor":14},{"not_picked":[],"picked":"Adrenaline","floor":16},{"not_picked":["Catalyst"],"picked":"SKIP","floor":18},{"not_picked":[],"picked":"Slice","floor":19}],"player_experience":291332,"relics_obtained":[{"floor":9,"key":"Matryoshka"}],"event_choices":[{"damage_healed":0,"gold_gain":0,"cards_transformed":["Strike_G"],"player_choice":"Change","damage_taken":0,"max_hp_gain":0,"max_hp_loss":0,"event_name":"Living Wall","floor":2,"gold_loss":0,"cards_obtained":["Storm of Steel"]},{"damage_healed":0,"gold_gain":0,"player_choice":"Lose Max HP","damage_taken":0,"relics_obtained":["Golden Idol"],"max_hp_gain":0,"max_hp_loss":5,"event_name":"Golden Idol","floor":3,"gold_loss":0},{"damage_healed":0,"gold_gain":75,"player_choice":"Gather Gold","damage_taken":11,"max_hp_gain":0,"max_hp_loss":0,"event_name":"World of Goop","floor":4,"gold_loss":0},{"damage_healed":0,"gold_gain":0,"player_choice":"1 cards matched","damage_taken":0,"max_hp_gain":0,"max_hp_loss":0,"event_name":"Match and Keep!","floor":20,"gold_loss":0,"cards_obtained":["Phantasmal Killer"]}],"is_beta":false,"boss_relics":[{"not_picked":["Coffee Dripper","Cursed Key"],"picked":"Black Star"}],"items_purged_floors":[],"is_endless":false,"potions_floor_spawned":[12,18],"killed_by":"Sentry and Sphere","ascension_level":6}