{"gold_per_floor":[115,115,115,115,390,390,425,425,425,440,457,485,503,523,523,625,625,642,642,307,582,599,599,446,446,472,484,484],"floor_reached":28,"playtime":984,"items_purged":["Regret"],"score":276,"play_id":"03041557-7e68-4859-8c9f-87138b8f5888","local_time":"20190305220047","is_ascension_mode":true,"campfire_choices":[{"floor":6,"key":"RECALL"},{"data":"Combust","floor":8,"key":"SMITH"},{"floor":15,"key":"REST"},{"floor":23,"key":"REST"},{"floor":25,"key":"REST"}],"neow_cost":"NONE","seed_source_timestamp":91768424010988,"circlet_count":0,"master_deck":["Bash","Cleave","Combust+1","Cleave","Metallicize","Searing Blow","Battle Trance","Barricade","Reaper+1","Clash","Ghostly Armor","Anger","Rampage","Reckless Charge","Hemokinesis+1","Dark Embrace","Armaments+1","Regret","Burning Pact+1"],"relics":["Burning Blood","NeowsBlessing","Torii","Bag of Preparation","Pandora\u0027s Box","Shuriken","Whetstone","Bronze Scales"],"potions_floor_usage":[12,16,27,27,27],"damage_taken":[{"damage":0,"enemies":"Cultist","floor":1,"turns":1},{"damage":0,"enemies":"Gremlin Nob","floor":7,"turns":1},{"damage":0,"enemies":"Small Slimes","floor":10,"turns":1},{"damage":15,"enemies":"Jaw Worm","floor":11,"turns":4},{"damage":53,"enemies":"Lagavulin","floor":12,"turns":6},{"damage":12,"enemies":"Red Slaver","floor":13,"turns":3},{"damage":5,"enemies":"3 Louse","floor":14,"turns":2},{"damage":49,"enemies":"Slime Boss","floor":16,"turns":9},{"damage":24,"enemies":"3 Byrds","floor":18,"turns":4},{"damage":31,"enemies":"Spheric Guardian","floor":22,"turns":4},{"damage":69,"enemies":"Snecko","floor":27,"turns":5},{"damage":12,"enemies":"Snake Plant","floor":28,"turns":1}],"seed_played":"7738951654804418409","potions_obtained":[{"floor":7,"key":"FearPotion"},{"floor":11,"key":"Regen Potion"},{"floor":12,"key":"Ancient Potion"},{"floor":13,"key":"Explosive Potion"},{"floor":16,"key":"Energy Potion"},{"floor":18,"key":"Swift Potion"},{"floor":27,"key":"Fire Potion"}],"is_trial":false,"path_per_floor":["M","?","?","$","?","R","E","R","T","M","M","E","M","M","R","B",null,"M","?","$","?","M","R","$","R","T","M","M"],"character_chosen":"IRONCLAD","items_purchased":["Shuriken","Whetstone"],"campfire_rested":3,"item_purchase_floors":[20,24],"current_hp_per_floor":[80,73,73,73,73,73,79,79,79,80,71,38,32,33,57,14,80,62,47,47,47,22,47,47,72,72,9,0],"gold":484,"neow_bonus":"THREE_ENEMY_KILL","is_prod":false,"is_daily":false,"chose_seed":false,"campfire_upgraded":1,"win_rate":0,"timestamp":1551852047,"path_taken":["M","?","?","$","?","R","E","R","T","M","M","E","M","M","R","BOSS","M","?","$","?","?","R","?","R","T","M","M"],"build_version":"2019-01-23","purchased_purges":1,"victory":false,"max_hp_per_floor":[80,80,80,80,80,80,80,80,80,80,80,80,80,80,80,80,80,80,85,85,85,85,85,85,85,85,85,85],"card_choices":[{"not_picked":["Heavy Blade","Burning Pact"],"picked":"Cleave","floor":1},{"not_picked":["Clash","Sword Boomerang"],"picked":"Cleave","floor":7},{"not_picked":["Headbutt","Armaments"],"picked":"Metallicize","floor":10},{"not_picked":["Uppercut","Twin Strike","Headbutt"],"picked":"SKIP","floor":11},{"not_picked":["Perfected Strike","Twin Strike"],"picked":"Searing Blow","floor":12},{"not_picked":["Cleave","Rupture"],"picked":"Battle Trance","floor":13},{"not_picked":["Feel No Pain","Wild Strike"],"picked":"Barricade","floor":14},{"not_picked":["Immolate","Fiend Fire"],"picked":"Reaper","floor":16},{"not_picked":["Rage+1","Pommel Strike"],"picked":"Armaments+1","floor":18},{"not_picked":["Anger","Sword Boomerang"],"picked":"Burning Pact+1","floor":22},{"not_picked":["Sword Boomerang","Clothesline","Iron Wave"],"picked":"SKIP","floor":27}],"player_experience":134777,"relics_obtained":[{"floor":7,"key":"Torii"},{"floor":12,"key":"Bag of Preparation"},{"floor":26,"key":"Bronze Scales"}],"event_choices":[{"cards_removed":["Strike_R"],"damage_healed":0,"gold_gain":0,"player_choice":"Card Removal","damage_taken":7,"max_hp_gain":0,"max_hp_loss":0,"event_name":"Golden Wing","floor":2,"gold_loss":0},{"damage_healed":0,"gold_gain":0,"cards_transformed":["Strike_R"],"player_choice":"Change","damage_taken":0,"max_hp_gain":0,"max_hp_loss":0,"event_name":"Living Wall","floor":3,"gold_loss":0,"cards_obtained":["Combust"]},{"damage_healed":0,"gold_gain":275,"player_choice":"Desecrate","damage_taken":0,"max_hp_gain":0,"max_hp_loss":0,"event_name":"Golden Shrine","floor":5,"gold_loss":0,"cards_obtained":["Regret"]},{"damage_healed":0,"gold_gain":0,"player_choice":"Shed Blood","damage_taken":20,"max_hp_gain":5,"max_hp_loss":0,"event_name":"Forgotten Altar","floor":19,"gold_loss":0},{"damage_healed":0,"gold_gain":275,"player_choice":"Desecrate","damage_taken":0,"max_hp_gain":0,"max_hp_loss":0,"event_name":"Golden Shrine","floor":21,"gold_loss":0,"cards_obtained":["Regret"]}],"is_beta":false,"boss_relics":[{"not_picked":["Black Blood","Runic Cube"],"picked":"Pandora\u0027s Box"}],"items_purged_floors":[20],"is_endless":false,"potions_floor_spawned":[7,11,12,13,16,18,27],"killed_by":"Snake Plant","ascension_level":2}