{"gold_per_floor":[17,35,35,45,56,56,34,46,72,103,115,137,149,180,192,303,315,338,361,472,502,46,46,76,76,100,100,113,124,141,157,157,255,255,270,288,388,398,411,411,411],"floor_reached":41,"playtime":2409,"items_purged":[],"score":610,"play_id":"1ba17f2f-c872-46eb-9a34-375782283224","local_time":"20190112184434","is_ascension_mode":true,"campfire_choices":[{"data":"Leg Sweep","floor":6.0,"key":"SMITH"},{"data":"Unload","floor":11.0,"key":"SMITH"},{"data":"Survivor","floor":13.0,"key":"SMITH"},{"data":"Neutralize","floor":15.0,"key":"SMITH"},{"data":"Noxious Fumes","floor":23,"key":"SMITH"},{"floor":27,"key":"REST"},{"floor":32,"key":"REST"},{"data":"Malaise","floor":40,"key":"SMITH"}],"neow_cost":"NO_GOLD","seed_source_timestamp":64355253637421,"circlet_count":0,"master_deck":["Defend_G","Defend_G","Defend_G","Defend_G","Defend_G","Strike_G","Strike_G","Strike_G","Survivor+1","Neutralize+1","Unload+1","Underhanded Strike","Leg Sweep+1","Deadly Poison","Noxious Fumes+1","Backflip","Corpse Explosion","Distraction+1","Bouncing Flask","Finesse","Acrobatics","Well Laid Plans","Deadly Poison","PiercingWail+1","Malaise+1","Poisoned Stab+1","Well Laid Plans+1"],"special_seed":0,"relics":["Ring of the Snake","Ancient Tea Set","MawBank","Philosopher\u0027s Stone","Omamori","Juzu Bracelet","Anchor","Shuriken","Boot","Coffee Dripper","Ice Cream"],"potions_floor_usage":[21,21,24,31,38,39],"damage_taken":[{"damage":0.0,"enemies":"2 Louse","floor":1.0,"turns":3.0},{"damage":0.0,"enemies":"Small Slimes","floor":2.0,"turns":5.0},{"damage":0.0,"enemies":"Jaw Worm","floor":4.0,"turns":3.0},{"damage":1.0,"enemies":"2 Fungi Beasts","floor":5.0,"turns":4.0},{"damage":0.0,"enemies":"Blue Slaver","floor":8.0,"turns":5.0},{"damage":15.0,"enemies":"3 Sentries","floor":10.0,"turns":5.0},{"damage":0.0,"enemies":"Exordium Wildlife","floor":12.0,"turns":4.0},{"damage":0.0,"enemies":"Lots of Slimes","floor":14.0,"turns":1.0},{"damage":15.0,"enemies":"Hexaghost","floor":16.0,"turns":10.0},{"damage":11.0,"enemies":"2 Thieves","floor":18.0,"turns":4.0},{"damage":4.0,"enemies":"Spheric Guardian","floor":19.0,"turns":5.0},{"damage":4,"enemies":"Chosen and Byrds","floor":21,"turns":4},{"damage":11,"enemies":"Gremlin Leader","floor":24,"turns":6},{"damage":8,"enemies":"Snecko","floor":28,"turns":5},{"damage":6,"enemies":"Shelled Parasite and Fungi","floor":29,"turns":5},{"damage":3,"enemies":"Centurion and Healer","floor":30,"turns":4},{"damage":1,"enemies":"Snecko","floor":31,"turns":4},{"damage":29,"enemies":"Collector","floor":33,"turns":8},{"damage":0,"enemies":"3 Shapes","floor":35,"turns":5},{"damage":9,"enemies":"Orb Walker","floor":36,"turns":4},{"damage":2,"enemies":"Mind Bloom Boss Battle","floor":37,"turns":6},{"damage":38,"enemies":"Jaw Worm Horde","floor":38,"turns":3},{"damage":8,"enemies":"Sphere and 2 Shapes","floor":39,"turns":4},{"damage":9,"enemies":"Spire Growth","floor":41,"turns":4}],"seed_played":"-4076472405398870399","potions_obtained":[{"floor":1.0,"key":"Weak Potion"},{"floor":10.0,"key":"Ancient Potion"},{"floor":12.0,"key":"SkillPotion"},{"floor":19.0,"key":"SkillPotion"},{"floor":21,"key":"Block Potion"},{"floor":24,"key":"GhostInAJar"},{"floor":30,"key":"Weak Potion"},{"floor":36,"key":"SneckoOil"}],"is_trial":false,"path_per_floor":["M","M","$","M","M","R","$","M","T","E","R","M","R","M","R","B",null,"M","M","?","M","$","R","E","?","T","R","M","M","M","M","R","B",null,"M","M","?","M","M","R","M"],"character_chosen":"THE_SILENT","items_purchased":["Backflip","Bouncing Flask","Omamori","Finesse","Juzu Bracelet"],"campfire_rested":2,"item_purchase_floors":[7,22,22,22,22],"current_hp_per_floor":[63,63,63,63,62,62,62,62,62,47,47,47,47,47,47,32,61,50,46,46,42,42,42,31,31,31,52,44,38,35,34,55,26,59,59,50,48,10,2,2,0],"gold":411,"neow_bonus":"TRANSFORM_TWO_CARDS","is_prod":false,"is_daily":false,"chose_seed":false,"campfire_upgraded":6,"win_rate":0,"timestamp":1547336674,"path_taken":["M","M","$","M","M","R","$","M","T","E","R","M","R","M","R","BOSS","M","M","?","M","$","R","E","?","T","R","M","M","M","M","R","BOSS","M","M","?","M","M","R","M"],"build_version":"2019-01-10","purchased_purges":0,"victory":false,"max_hp_per_floor":[70,70,70,70,70,70,70,70,70,70,70,70,70,70,70,70,70,70,70,70,70,70,70,70,70,70,70,70,70,70,70,70,70,70,70,70,70,70,70,70,70],"card_choices":[{"not_picked":["Infinite Blades","Deflect"],"picked":"Leg Sweep","floor":1.0},{"not_picked":["Bane","Slice"],"picked":"Deadly Poison","floor":2.0},{"not_picked":["Riddle With Holes","Infinite Blades","Acrobatics"],"picked":"SKIP","floor":4.0},{"not_picked":["Sucker Punch","Prepared"],"picked":"Noxious Fumes","floor":5.0},{"not_picked":["Outmaneuver","Finisher"],"picked":"Corpse Explosion","floor":8.0},{"not_picked":["Dagger Spray","Slice","Setup"],"picked":"SKIP","floor":10.0},{"not_picked":["Backflip","Quick Slash","Prepared"],"picked":"SKIP","floor":12.0},{"not_picked":["Cloak And Dagger","Sucker Punch","Concentrate"],"picked":"SKIP","floor":14.0},{"not_picked":["Bane","Flechettes","Sucker Punch"],"picked":"SKIP","floor":18.0},{"not_picked":["Skewer+1","Outmaneuver"],"picked":"Distraction+1","floor":19.0},{"not_picked":["Unload","Bane","Backflip"],"picked":"SKIP","floor":21},{"not_picked":["Slice+1","Bane"],"picked":"Acrobatics","floor":24},{"not_picked":["Flechettes","Outmaneuver","Backstab"],"picked":"SKIP","floor":28},{"not_picked":["Accuracy+1","Heel Hook"],"picked":"Well Laid Plans","floor":29},{"not_picked":["Dagger Spray","Leg Sweep"],"picked":"Deadly Poison","floor":30},{"not_picked":["A Thousand Cuts","Flying Knee"],"picked":"PiercingWail+1","floor":31},{"not_picked":["Night Terror","Grand Finale"],"picked":"Malaise","floor":33},{"not_picked":["Dodge and Roll","Tactician+1"],"picked":"Poisoned Stab+1","floor":35},{"not_picked":["Quick Slash+1","Backstab+1","Bane+1"],"picked":"SKIP","floor":36},{"not_picked":["Endless Agony+1","Outmaneuver"],"picked":"Well Laid Plans+1","floor":38},{"not_picked":["Finisher+1","Deadly Poison","Backflip"],"picked":"SKIP","floor":39}],"player_experience":501248,"relics_obtained":[{"floor":9.0,"key":"Ancient Tea Set"},{"floor":10.0,"key":"MawBank"},{"floor":24,"key":"Anchor"},{"floor":26,"key":"Boot"},{"floor":37,"key":"Ice Cream"}],"event_choices":[{"damage_healed":0.0,"max_hp_gain":0.0,"max_hp_loss":0.0,"gold_gain":99.0,"event_name":"Nest","player_choice":"Stole From Cult","floor":20.0,"gold_loss":0.0,"damage_taken":0.0},{"damage_healed":0,"gold_gain":0,"player_choice":"Opened","damage_taken":0,"relics_obtained":["Shuriken"],"max_hp_gain":0,"max_hp_loss":0,"event_name":"The Mausoleum","floor":25,"gold_loss":0},{"damage_healed":0,"gold_gain":0,"player_choice":"Fight","damage_taken":0,"max_hp_gain":0,"max_hp_loss":0,"event_name":"MindBloom","floor":37,"gold_loss":0}],"is_beta":true,"boss_relics":[{"not_picked":["White Beast Statue","Ring of the Serpent"],"picked":"Philosopher\u0027s Stone"},{"not_picked":["Lizard Tail","Eternal Feather"],"picked":"Coffee Dripper"}],"items_purged_floors":[],"is_endless":false,"potions_floor_spawned":[1,10,12,19,21,24,30,36],"killed_by":"Spire Growth","ascension_level":9}