{"gold_per_floor":[117,137,137,137,149,149,169,184,210,237,237,271,271,290,290,388,388,403,116,126,126,226,260,260,277,277,277,277,16,29,44,44,148,148,161,174,187,206,224,224,257,257,257,267,287,0,0,0,0,0],"floor_reached":51,"playtime":3984,"items_purged":[],"score":761,"play_id":"e2b0979e-516e-497f-84db-8ba911cc827f","local_time":"20190212160905","is_ascension_mode":false,"campfire_choices":[{"floor":6,"key":"REST"},{"data":"Streamline","floor":11,"key":"SMITH"},{"floor":13,"key":"REST"},{"floor":15,"key":"REST"},{"data":"Reinforced Body","floor":24,"key":"SMITH"},{"data":"Defragment","floor":28,"key":"SMITH"},{"data":"Streamline","floor":32,"key":"SMITH"},{"floor":40,"key":"REST"},{"data":"Capacitor","floor":42,"key":"SMITH"},{"floor":47,"key":"REST"},{"data":"Buffer","floor":49,"key":"SMITH"}],"neow_cost":"TEN_PERCENT_HP_LOSS","seed_source_timestamp":13581744431868,"circlet_count":0,"master_deck":["Strike_B+1","Strike_B+1","Strike_B","Defend_B+1","Defend_B","Defend_B","Defend_B","Zap","Dualcast","All For One","Streamline+1","Leap","Steam","Glacier+1","Rebound","Streamline+1","White Noise","Electrodynamics","Self Repair+1","Reinforced Body+1","Sunder+1","Defragment+1","Streamline+1","Blizzard+1","Streamline+1","Auto Shields+1","Machine Learning","Hologram","Meteor Strike+1","Blizzard+1","White Noise+1","Sunder+1","Stack+1","Capacitor+1","Barrage+1","Melter+1","Buffer+1","Reinforced Body+1","Scrape+1","Stack+1","Master of Strategy"],"relics":["Cracked Core","Blood Vial","Centennial Puzzle","Whetstone","Symbiotic Virus","Snecko Eye","Emotion Chip","MutagenicStrength","Prayer Wheel","Molten Egg 2","War Paint","Mummified Hand","Chemical X","Lizard Tail","Unceasing Top","Letter Opener","Red Mask"],"potions_floor_usage":[10,22,22,50,50,50],"damage_taken":[{"damage":0,"enemies":"2 Louse","floor":1,"turns":3},{"damage":1,"enemies":"Jaw Worm","floor":2,"turns":3},{"damage":0,"enemies":"Small Slimes","floor":5,"turns":3},{"damage":0,"enemies":"Looter","floor":7,"turns":3},{"damage":1,"enemies":"3 Louse","floor":8,"turns":4},{"damage":1,"enemies":"3 Sentries","floor":10,"turns":10},{"damage":28,"enemies":"Gremlin Nob","floor":12,"turns":6},{"damage":0,"enemies":"Gremlin Gang","floor":14,"turns":5},{"damage":37,"enemies":"Hexaghost","floor":16,"turns":16},{"damage":12,"enemies":"3 Byrds","floor":18,"turns":4},{"damage":0,"enemies":"Spheric Guardian","floor":20,"turns":3},{"damage":0,"enemies":"Colosseum Slavers","floor":22,"turns":3},{"damage":21,"enemies":"Colosseum Nobs","floor":22,"turns":5},{"damage":0,"enemies":"Gremlin Leader","floor":23,"turns":5},{"damage":0,"enemies":"Chosen and Byrds","floor":25,"turns":6},{"damage":0,"enemies":"Cultist and Chosen","floor":30,"turns":4},{"damage":6,"enemies":"3 Cultists","floor":31,"turns":5},{"damage":41,"enemies":"Automaton","floor":33,"turns":7},{"damage":0,"enemies":"3 Darklings","floor":35,"turns":4},{"damage":6,"enemies":"3 Shapes","floor":36,"turns":1},{"damage":4,"enemies":"Spire Growth","floor":37,"turns":3},{"damage":20,"enemies":"Jaw Worm Horde","floor":38,"turns":2},{"damage":20,"enemies":"4 Shapes","floor":39,"turns":3},{"damage":0,"enemies":"Reptomancer","floor":41,"turns":4},{"damage":6,"enemies":"Sphere and 2 Shapes","floor":44,"turns":2},{"damage":0,"enemies":"3 Darklings","floor":45,"turns":5},{"damage":3,"enemies":"Donu and Deca","floor":50,"turns":7}],"seed_played":"8314160788890262473","potions_obtained":[{"floor":1,"key":"EssenceOfSteel"},{"floor":5,"key":"Dexterity Potion"},{"floor":12,"key":"SpeedPotion"},{"floor":14,"key":"LiquidBronze"},{"floor":18,"key":"AttackPotion"},{"floor":23,"key":"Fire Potion"},{"floor":27,"key":"Energy Potion"},{"floor":35,"key":"Ancient Potion"}],"is_trial":false,"path_per_floor":["M","M","?","?","M","R","M","M","T","E","R","E","R","M","R","B",null,"M","$","M","?","?","E","R","M","T","?","R","$","M","M","R","B",null,"M","M","M","M","M","R","E","R","T","M","M","?","R","?","R","B",null],"character_chosen":"DEFECT","items_purchased":["Emotion Chip","Chemical X","Blizzard+1"],"campfire_rested":5,"item_purchase_floors":[19,29,29],"current_hp_per_floor":[68,67,60,27,29,49,51,52,52,53,53,27,47,49,68,31,68,56,56,58,58,57,68,68,68,68,68,68,68,68,62,62,23,68,68,62,68,48,30,50,52,52,52,48,50,50,68,68,68,65],"gold":0,"neow_bonus":"THREE_RARE_CARDS","is_prod":false,"is_daily":false,"chose_seed":false,"campfire_upgraded":6,"win_rate":0.0,"timestamp":1550009345,"path_taken":["M","M","?","?","M","R","M","M","T","E","R","E","R","M","R","BOSS","M","$","M","?","?","E","R","M","T","?","R","$","M","M","R","BOSS","M","M","M","M","M","R","E","R","T","M","?","?","R","?","R","BOSS"],"build_version":"2019-01-23","purchased_purges":0,"victory":true,"max_hp_per_floor":[68,68,68,68,68,68,68,68,68,68,68,68,68,68,68,68,68,68,68,68,68,68,68,68,68,68,68,68,68,68,68,68,68,68,68,68,68,68,68,68,68,68,68,68,68,68,68,68,68,68],"card_choices":[{"not_picked":["Machine Learning","Core Surge"],"picked":"All For One","floor":0},{"not_picked":["Reinforced Body","BootSequence"],"picked":"Streamline","floor":1},{"not_picked":["Beam Cell","Coolheaded"],"picked":"Leap","floor":2},{"not_picked":["Defragment","Gash"],"picked":"Steam","floor":5},{"not_picked":["Ball Lightning","Compile Driver"],"picked":"Glacier","floor":7},{"not_picked":["Leap","Conserve Battery","Gash"],"picked":"SKIP","floor":8},{"not_picked":["Ball Lightning","Steam"],"picked":"Rebound","floor":10},{"not_picked":["Gash","Fission"],"picked":"Streamline","floor":12},{"not_picked":["Compile Driver","Streamline"],"picked":"White Noise","floor":14},{"not_picked":["Reboot","Fission"],"picked":"Electrodynamics","floor":16},{"not_picked":["Rebound","Leap"],"picked":"Self Repair+1","floor":18},{"not_picked":["Coolheaded","Electrodynamics"],"picked":"Reinforced Body","floor":20},{"not_picked":["Barrage","Turbo"],"picked":"Sunder+1","floor":22},{"not_picked":["Defragment","Self Repair","Glacier"],"picked":"SKIP","floor":23},{"not_picked":["Self Repair","Glacier"],"picked":"Defragment","floor":23},{"not_picked":["Barrage+1","Conserve Battery"],"picked":"Streamline+1","floor":25},{"not_picked":["Compile Driver+1","Consume+1","Tempest"],"picked":"SKIP","floor":25},{"not_picked":["Conserve Battery","Beam Cell+1"],"picked":"Streamline+1","floor":30},{"not_picked":["Redo","Auto Shields+1","Undo"],"picked":"SKIP","floor":30},{"not_picked":["Redo","Undo"],"picked":"Auto Shields+1","floor":30},{"not_picked":["Compile Driver+1","Streamline+1"],"picked":"Machine Learning","floor":31},{"not_picked":["Storm","Turbo+1"],"picked":"Hologram","floor":31},{"not_picked":["Buffer","Reboot"],"picked":"Meteor Strike+1","floor":33},{"not_picked":["Ball Lightning+1","Streamline+1"],"picked":"Blizzard+1","floor":35},{"not_picked":["Undo","Genetic Algorithm+1","Ball Lightning+1"],"picked":"SKIP","floor":35},{"not_picked":["Aggregate+1","Beam Cell+1"],"picked":"White Noise+1","floor":36},{"not_picked":["Darkness","Rip and Tear+1","Beam Cell+1"],"picked":"SKIP","floor":36},{"not_picked":["BootSequence+1","Buffer","Beam Cell+1"],"picked":"SKIP","floor":37},{"not_picked":["Beam Cell+1","Sweeping Beam+1","Redo"],"picked":"SKIP","floor":37},{"not_picked":["Genetic Algorithm","Compile Driver+1"],"picked":"Sunder+1","floor":38},{"not_picked":["Lockon+1","Turbo","Stack+1"],"picked":"SKIP","floor":38},{"not_picked":["Lockon+1","Turbo"],"picked":"Stack+1","floor":38},{"not_picked":["Barrage+1","Storm+1"],"picked":"Capacitor","floor":39},{"not_picked":["Recycle+1","Hello World+1"],"picked":"Barrage+1","floor":39},{"not_picked":["Capacitor+1","Ball Lightning+1"],"picked":"Melter+1","floor":41},{"not_picked":["Heatsinks+1","Leap+1"],"picked":"Buffer","floor":44},{"not_picked":["Steam","Darkness+1"],"picked":"Reinforced Body+1","floor":44},{"not_picked":["Steam","Doom and Gloom+1"],"picked":"Scrape+1","floor":45},{"not_picked":["Steam","Leap+1"],"picked":"Stack+1","floor":45},{"not_picked":["PanicButton","Deep Breath"],"picked":"Master of Strategy","floor":48}],"player_experience":82997,"relics_obtained":[{"floor":9,"key":"Centennial Puzzle"},{"floor":10,"key":"Whetstone"},{"floor":12,"key":"Symbiotic Virus"},{"floor":22,"key":"Prayer Wheel"},{"floor":22,"key":"Molten Egg 2"},{"floor":23,"key":"War Paint"},{"floor":26,"key":"Mummified Hand"},{"floor":41,"key":"Unceasing Top"},{"floor":43,"key":"Letter Opener"}],"event_choices":[{"cards_removed":["Strike_B"],"damage_healed":0,"gold_gain":0,"player_choice":"Card Removal","damage_taken":7,"max_hp_gain":0,"max_hp_loss":0,"event_name":"Golden Wing","floor":3,"gold_loss":0},{"damage_healed":0,"gold_gain":0,"player_choice":"Success","damage_taken":33,"relics_obtained":["Blood Vial"],"max_hp_gain":0,"max_hp_loss":0,"event_name":"Scrap Ooze","floor":4,"gold_loss":0},{"damage_healed":0,"gold_gain":0,"player_choice":"Inject Mutagens","damage_taken":0,"relics_obtained":["MutagenicStrength"],"max_hp_gain":0,"max_hp_loss":0,"event_name":"Drug Dealer","floor":21,"gold_loss":0},{"damage_healed":0,"gold_gain":0,"player_choice":"Fight","damage_taken":0,"max_hp_gain":0,"max_hp_loss":0,"event_name":"Colosseum","floor":22,"gold_loss":0},{"damage_healed":0,"gold_gain":0,"player_choice":"Fought Nobs","damage_taken":0,"max_hp_gain":0,"max_hp_loss":0,"event_name":"Colosseum","floor":22,"gold_loss":0},{"damage_healed":0,"gold_gain":0,"player_choice":"Got Potions","damage_taken":0,"max_hp_gain":0,"max_hp_loss":0,"event_name":"Lab","floor":27,"gold_loss":0},{"damage_healed":0,"gold_gain":0,"player_choice":"Paid","damage_taken":0,"relics_obtained":["Red Mask"],"max_hp_gain":0,"max_hp_loss":0,"event_name":"Tomb of Lord Red Mask","floor":46,"gold_loss":287},{"damage_healed":0,"gold_gain":0,"player_choice":"Memory 1","damage_taken":0,"max_hp_gain":0,"max_hp_loss":0,"event_name":"SensoryStone","floor":48,"gold_loss":0}],"is_beta":false,"boss_relics":[{"not_picked":["Orrery","Runic Pyramid"],"picked":"Snecko Eye"},{"not_picked":["Philosopher\u0027s Stone","Eternal Feather"],"picked":"Lizard Tail"}],"items_purged_floors":[],"is_endless":false,"potions_floor_spawned":[1,5,12,14,18,23,30,33,35,39,44],"ascension_level":0}