{"path_per_floor":["M","$","M","M","$","R","E","M","T","?","$","M","?","E","R","B",null,"M","?","?","M","?","E","R"],"character_chosen":"DEFECT","items_purchased":["Static Discharge","Lockon","Heatsinks"],"gold_per_floor":[111,7,22,38,38,38,71,89,114,140,64,75,75,101,101,198,198,212,212,212,228,143,171,171,171],"floor_reached":25,"campfire_rested":0,"playtime":1380,"item_purchase_floors":[2,2,11],"current_hp_per_floor":[75,75,73,71,71,71,68,60,60,48,48,46,46,24,24,24,75,58,58,44,49,49,17,17,0],"items_purged":[],"gold":171,"score":279,"play_id":"77a4160a-0394-4b49-abfe-9eaf5d3c86af","local_time":"20180605121813","is_prod":false,"is_daily":false,"chose_seed":false,"is_ascension_mode":false,"campfire_upgraded":3,"win_rate":0.0,"timestamp":1528193893,"campfire_choices":[{"data":"Loop","floor":6,"key":"SMITH"},{"data":"Auto Shields","floor":15,"key":"SMITH"},{"data":"Force Field","floor":24,"key":"SMITH"}],"path_taken":["M","?","M","M","?","R","E","M","T","?","?","?","?","E","R","BOSS","M","?","?","M","?","E","R","E"],"build_version":"2018-05-31","seed_source_timestamp":299884331156372,"purchased_purges":0,"victory":false,"master_deck":["Strike_B","Strike_B","Strike_B","Strike_B","Defend_B","Defend_B","Defend_B","Defend_B","Zap","Dualcast","BootSequence","Static Discharge","Lockon","Auto Shields+1","Loop+1","Static Discharge","Glacier","White Noise","Heatsinks","Echo Form+1","Force Field+1","Fission","Self Repair","Loop+1","BootSequence"],"max_hp_per_floor":[75,75,75,75,75,75,75,75,75,75,75,75,75,75,75,75,75,75,75,80,80,80,80,80,80],"relics":["Cracked Core","Ancient Tea Set","Pen Nib","Odd Mushroom","Art of War","Inserter","Anchor","Regal Pillow"],"card_choices":[{"not_picked":["Sweeping Beam","Hologram"],"picked":"BootSequence","floor":1},{"not_picked":["Steam","Cold Snap"],"picked":"Auto Shields","floor":3},{"not_picked":["Ball Lightning","Compile Driver"],"picked":"Loop","floor":4},{"not_picked":["Scrape","Compile Driver"],"picked":"Static Discharge","floor":7},{"not_picked":["Streamline","Barrage"],"picked":"Glacier","floor":8},{"not_picked":["Conserve Battery","BootSequence"],"picked":"White Noise","floor":10},{"not_picked":["Sweeping Beam","Static Discharge"],"picked":"Echo Form","floor":12},{"not_picked":["Skim","Steam Power"],"picked":"Force Field","floor":14},{"not_picked":["All For One","Multi-Cast"],"picked":"Fission","floor":16},{"not_picked":["Cold Snap","Steam","Redo+1"],"picked":"SKIP","floor":18},{"not_picked":["Doom and Gloom+1","Self Repair"],"picked":"Loop+1","floor":21},{"not_picked":["Heatsinks","Barrage"],"picked":"BootSequence","floor":23}],"player_experience":310258,"potions_floor_usage":[14,23],"damage_taken":[{"damage":0,"enemies":"Cultist","floor":1,"turns":3},{"damage":2,"enemies":"Small Slimes","floor":3,"turns":3},{"damage":2,"enemies":"Jaw Worm","floor":4,"turns":4},{"damage":3,"enemies":"Lagavulin","floor":7,"turns":6},{"damage":8,"enemies":"Red Slaver","floor":8,"turns":4},{"damage":12,"enemies":"The Mushroom Lair","floor":10,"turns":6},{"damage":2,"enemies":"Blue Slaver","floor":12,"turns":5},{"damage":34,"enemies":"Gremlin Nob","floor":14,"turns":5},{"damage":0,"enemies":"Slime Boss","floor":16,"turns":7},{"damage":17,"enemies":"Chosen","floor":18,"turns":6},{"damage":2,"enemies":"Shell Parasite","floor":21,"turns":10},{"damage":39,"enemies":"Gremlin Leader","floor":23,"turns":9},{"damage":22,"enemies":"Book of Stabbing","floor":25,"turns":4}],"relics_obtained":[{"floor":7,"key":"Ancient Tea Set"},{"floor":9,"key":"Pen Nib"},{"floor":10,"key":"Odd Mushroom"},{"floor":14,"key":"Art of War"},{"floor":23,"key":"Regal Pillow"}],"event_choices":[{"event_name":"Mushrooms","player_choice":"Fought Mushrooms","floor":10,"damage_taken":0},{"event_name":"Living Wall","player_choice":"Grow","floor":13,"damage_taken":0},{"event_name":"The Library","player_choice":"Read","floor":19,"damage_taken":0},{"event_name":"Forgotten Altar","player_choice":"Shed Blood","floor":20,"damage_taken":0},{"event_name":"Addict","player_choice":"Obtained Relic","floor":22,"damage_taken":0}],"boss_relics":[{"not_picked":["Nuclear Battery","Astrolabe"],"picked":"Inserter"}],"items_purged_floors":[],"potions_floor_spawned":[1,7,16,23],"seed_played":"-4300490126566320431","killed_by":"Book of Stabbing","ascension_level":0,"potions_obtained":[{"floor":1,"key":"Fire Potion"},{"floor":7,"key":"Regen Potion"},{"floor":16,"key":"Energy Potion"},{"floor":23,"key":"Poison Potion"}],"is_trial":false}