{"gold_per_floor":[110,110,125,125,125,125,141,161,207,221,234,248,248,273,273,374,374,386,36,54,72,22,32,32,43,96,116,141,141],"floor_reached":29,"playtime":1505,"items_purged":["Strike_G"],"score":256,"play_id":"a85bd011-217b-4439-9a24-dcc22464f8e0","local_time":"20190215232750","is_ascension_mode":false,"campfire_choices":[{"data":"Unload","floor":6.0,"key":"SMITH"},{"data":"Terror","floor":13,"key":"SMITH"},{"floor":15,"key":"REST"},{"floor":24,"key":"REST"}],"neow_cost":"TEN_PERCENT_HP_LOSS","seed_source_timestamp":0,"circlet_count":0,"master_deck":["Defend_G","Defend_G","Defend_G","Defend_G","Defend_G","Strike_G","Survivor","Neutralize","Terror+1","Quick Slash","Cloak And Dagger","Infinite Blades","Unload+1","A Thousand Cuts","Infinite Blades","Distraction","Dagger Spray","Tactician","Accuracy","Malaise","Accuracy+1","Well Laid Plans","Infinite Blades","PiercingWail","Infinite Blades","Leg Sweep"],"special_seed":0,"relics":["Ring of the Snake","Vajra","Ancient Tea Set","Sozu","Kunai","Tiny Chest","Bag of Marbles"],"potions_floor_usage":[14,14,16],"damage_taken":[{"damage":0.0,"enemies":"2 Louse","floor":1.0,"turns":2.0},{"damage":0.0,"enemies":"Cultist","floor":3.0,"turns":2.0},{"damage":0.0,"enemies":"Jaw Worm","floor":7.0,"turns":4.0},{"damage":0.0,"enemies":"Looter","floor":8.0,"turns":4.0},{"damage":4.0,"enemies":"Large Slime","floor":10.0,"turns":6.0},{"damage":10.0,"enemies":"Lots of Slimes","floor":11.0,"turns":8.0},{"damage":0,"enemies":"3 Louse","floor":12,"turns":3},{"damage":6,"enemies":"Gremlin Nob","floor":14,"turns":4},{"damage":6,"enemies":"Hexaghost","floor":16,"turns":7},{"damage":12,"enemies":"Shell Parasite","floor":18,"turns":5},{"damage":13,"enemies":"Spheric Guardian","floor":20,"turns":4},{"damage":8,"enemies":"Snecko","floor":21,"turns":3},{"damage":5,"enemies":"Snake Plant","floor":23,"turns":6},{"damage":18,"enemies":"Sentry and Sphere","floor":25,"turns":5},{"damage":20,"enemies":"Shelled Parasite and Fungi","floor":27,"turns":6},{"damage":5,"enemies":"Snake Plant","floor":29,"turns":2}],"seed_played":"-1265613243827250794","potions_obtained":[{"floor":7.0,"key":"Block Potion"},{"floor":8.0,"key":"Block Potion"},{"floor":11,"key":"PowerPotion"}],"is_trial":false,"path_per_floor":["M","?","M","?","$","R","M","M","T","M","M","M","R","E","R","B",null,"M","$","M","M","$","M","R","M","T","M","T","M"],"character_chosen":"THE_SILENT","items_purchased":["Kunai","Well Laid Plans","PiercingWail"],"campfire_rested":2,"item_purchase_floors":[19,19,22],"current_hp_per_floor":[63,63,63,63,63,63,63,63,63,59,49,49,49,43,61,55,63,51,51,38,30,30,25,43,25,25,5,5,0],"gold":141,"neow_bonus":"TRANSFORM_TWO_CARDS","is_prod":false,"is_daily":false,"chose_seed":false,"campfire_upgraded":2,"win_rate":0,"timestamp":1550294870,"path_taken":["M","?","M","?","$","R","M","M","T","M","M","M","R","E","R","BOSS","M","$","M","M","$","M","R","M","T","M","?","M"],"build_version":"2019-01-23","purchased_purges":1,"victory":false,"max_hp_per_floor":[63,63,63,63,63,63,63,63,63,63,63,63,63,63,63,63,63,63,63,63,63,63,63,63,63,63,63,63,63],"card_choices":[{"not_picked":["Flying Knee","Sucker Punch"],"picked":"Cloak And Dagger","floor":1.0},{"not_picked":["Slice","Quick Slash"],"picked":"Infinite Blades","floor":3.0},{"not_picked":["Flying Knee","Dash"],"picked":"A Thousand Cuts","floor":7.0},{"not_picked":["All Out Attack","Tactician"],"picked":"Infinite Blades","floor":8.0},{"not_picked":["Flying Knee","Terror"],"picked":"Distraction","floor":10.0},{"not_picked":["Prepared","Dodge and Roll"],"picked":"Dagger Spray","floor":11},{"not_picked":["Calculated Gamble","Dash"],"picked":"Tactician","floor":12},{"not_picked":["Blade Dance","Cloak And Dagger"],"picked":"Accuracy","floor":14},{"not_picked":["Grand Finale","Night Terror"],"picked":"Malaise","floor":16},{"not_picked":["Prepared","Backflip"],"picked":"Accuracy+1","floor":18},{"not_picked":["Quick Slash","Outmaneuver","Flying Knee"],"picked":"SKIP","floor":20},{"not_picked":["Deadly Poison","Dodge and Roll"],"picked":"Infinite Blades","floor":21},{"not_picked":["Outmaneuver","Dagger Spray"],"picked":"Infinite Blades","floor":23},{"not_picked":["Flying Knee","Outmaneuver+1"],"picked":"Leg Sweep","floor":25},{"not_picked":["Tactician","Eviscerate","All Out Attack"],"picked":"SKIP","floor":27}],"player_experience":157325,"relics_obtained":[{"floor":9.0,"key":"Vajra"},{"floor":14,"key":"Ancient Tea Set"},{"floor":26,"key":"Tiny Chest"},{"floor":28,"key":"Bag of Marbles"}],"event_choices":[{"damage_healed":0.0,"max_hp_gain":0.0,"max_hp_loss":0.0,"gold_gain":0.0,"event_name":"Liars Game","player_choice":"Ignored","floor":2.0,"gold_loss":0.0,"damage_taken":0.0},{"damage_healed":0.0,"max_hp_gain":0.0,"max_hp_loss":0.0,"gold_gain":0.0,"cards_transformed":["Strike_G"],"event_name":"Transmorgrifier","player_choice":"Transformed","floor":4.0,"gold_loss":0.0,"damage_taken":0.0,"cards_obtained":["Unload"]}],"is_beta":false,"boss_relics":[{"not_picked":["Velvet Choker","Pandora\u0027s Box"],"picked":"Sozu"}],"items_purged_floors":[19],"is_endless":false,"potions_floor_spawned":[7,8,11,12,20,27],"killed_by":"Snake Plant","ascension_level":0}