{"gold_per_floor":[147,147,159,172,191,191,221,221,247,279,279,279,279,306,306,411,411,430,430,430,12,12,12,46,46,97,97,111,111,136,150,150,254,254,267,267,126,226,237,237,270,270,296,296,315,3,18,37,37,37],"floor_reached":51,"playtime":2369,"items_purged":["Strike_R"],"score":974,"play_id":"39a8427f-d341-4d3b-b486-de87d685f341","local_time":"20190304121101","is_ascension_mode":true,"campfire_choices":[{"data":"Bash","floor":6,"key":"SMITH"},{"data":"Rampage","floor":8,"key":"SMITH"},{"floor":13,"key":"REST"},{"floor":15,"key":"REST"},{"floor":23,"key":"REST"},{"floor":25,"key":"REST"},{"floor":29,"key":"REST"},{"data":"Shrug It Off","floor":32,"key":"SMITH"},{"floor":40,"key":"REST"},{"floor":49,"key":"REST"}],"neow_cost":"NONE","seed_source_timestamp":6950700801875,"circlet_count":0,"master_deck":["Strike_R+1","Strike_R+1","Strike_R+1","Defend_R+1","Defend_R+1","Defend_R+1","Defend_R+1","Bash+1","Iron Wave","Pommel Strike","Rampage+1","Shrug It Off+1","Anger","Sentinel","Blood for Blood","Feed","Clash+1","Feed","Shrug It Off","Entrench+1","Body Slam+1","Madness","Madness","Seeing Red","Body Slam+1","True Grit+1","Uppercut+1","Disarm","Headbutt+1"],"relics":["Burning Blood","Tiny Chest","Ginger","Strawberry","Blood Vial","Ornamental Fan","Bag of Preparation","Dream Catcher","Busted Crown","Regal Pillow","DollysMirror","Thread and Needle","Centennial Puzzle","Molten Egg 2","Black Star","Incense Burner","Bag of Marbles","Lantern","Potion Belt","Mango"],"potions_floor_usage":[7,14,16,30,31,33,38,39,45,48,48,48,50,50,50],"damage_taken":[{"damage":6,"enemies":"Cultist","floor":1,"turns":4},{"damage":1,"enemies":"2 Louse","floor":3,"turns":3},{"damage":0,"enemies":"Small Slimes","floor":4,"turns":2},{"damage":10,"enemies":"3 Louse","floor":5,"turns":3},{"damage":32,"enemies":"3 Sentries","floor":7,"turns":9},{"damage":35,"enemies":"Lagavulin","floor":10,"turns":4},{"damage":10,"enemies":"Gremlin Nob","floor":14,"turns":3},{"damage":54,"enemies":"The Guardian","floor":16,"turns":11},{"damage":24,"enemies":"3 Byrds","floor":18,"turns":6},{"damage":97,"enemies":"Slavers","floor":24,"turns":11},{"damage":4,"enemies":"Shell Parasite","floor":28,"turns":5},{"damage":26,"enemies":"Book of Stabbing","floor":30,"turns":5},{"damage":0,"enemies":"Centurion and Healer","floor":31,"turns":6},{"damage":94,"enemies":"Champ","floor":33,"turns":10},{"damage":15,"enemies":"3 Darklings","floor":35,"turns":10},{"damage":8,"enemies":"Mind Bloom Boss Battle","floor":38,"turns":7},{"damage":1,"enemies":"Orb Walker","floor":39,"turns":4},{"damage":98,"enemies":"Reptomancer","floor":41,"turns":8},{"damage":10,"enemies":"3 Darklings","floor":45,"turns":8},{"damage":0,"enemies":"Maw","floor":47,"turns":10},{"damage":2,"enemies":"4 Shapes","floor":48,"turns":6},{"damage":103,"enemies":"Donu and Deca","floor":50,"turns":11}],"seed_played":"-5425221489795457600","potions_obtained":[{"floor":5,"key":"Swift Potion"},{"floor":10,"key":"FearPotion"},{"floor":14,"key":"GamblersBrew"},{"floor":24,"key":"Energy Potion"},{"floor":28,"key":"BloodPotion"},{"floor":30,"key":"Explosive Potion"},{"floor":38,"key":"Swift Potion"},{"floor":41,"key":"PowerPotion"},{"floor":47,"key":"EntropicBrew"}],"is_trial":false,"path_per_floor":["M","T","M","M","M","R","E","R","T","E","?","?","R","E","R","B",null,"M","?","?","$","?","R","E","R","T","?","M","R","E","M","R","B",null,"M","?","$","?","M","R","E","?","T","?","M","$","M","M","R","B",null],"character_chosen":"IRONCLAD","items_purchased":["Regal Pillow","DollysMirror","Seeing Red","Body Slam+1","Block Potion","Mango"],"campfire_rested":7,"item_purchase_floors":[21,21,37,37,37,46],"current_hp_per_floor":[80,80,80,80,76,76,57,57,57,30,27,27,53,51,77,31,73,60,42,73,73,73,95,10,55,55,55,59,101,81,102,102,16,82,75,62,62,62,69,104,12,12,12,12,10,24,32,56,107,12],"gold":37,"neow_bonus":"RANDOM_COMMON_RELIC","is_prod":false,"is_daily":false,"chose_seed":false,"campfire_upgraded":3,"win_rate":0,"timestamp":1551723061,"path_taken":["M","?","?","?","M","R","E","R","T","E","?","?","R","E","R","BOSS","M","?","?","$","?","R","E","R","T","?","M","R","E","M","R","BOSS","M","?","$","?","?","R","E","?","T","?","M","$","?","M","R","BOSS"],"build_version":"2019-01-23","purchased_purges":1,"victory":true,"max_hp_per_floor":[80,80,80,80,80,80,87,87,87,87,87,87,87,87,87,87,87,90,95,95,95,95,95,101,101,101,101,101,101,101,104,104,104,104,104,104,104,104,104,104,104,104,104,104,104,118,118,121,121,121],"card_choices":[{"not_picked":["True Grit","Body Slam"],"picked":"Iron Wave","floor":1},{"not_picked":["Twin Strike","Iron Wave"],"picked":"Pommel Strike","floor":3},{"not_picked":["Iron Wave","Sentinel"],"picked":"Rampage","floor":4},{"not_picked":["Clash","Blood for Blood"],"picked":"Shrug It Off","floor":5},{"not_picked":["Burning Pact","Perfected Strike"],"picked":"Anger","floor":7},{"not_picked":["Brutality","Corruption"],"picked":"Sentinel","floor":10},{"not_picked":["Body Slam","Warcry","Flex"],"picked":"SKIP","floor":14},{"not_picked":["Bloodletting","Combust"],"picked":"Blood for Blood","floor":15},{"not_picked":["Reaper","Offering"],"picked":"Feed","floor":16},{"not_picked":[],"picked":"Clash+1","floor":18},{"not_picked":[],"picked":"Shrug It Off","floor":24},{"not_picked":[],"picked":"Entrench+1","floor":25},{"not_picked":["Clothesline"],"picked":"SKIP","floor":28},{"not_picked":[],"picked":"Body Slam","floor":30},{"not_picked":["Anger+1"],"picked":"SKIP","floor":31},{"not_picked":["Rage+1"],"picked":"SKIP","floor":35},{"not_picked":[],"picked":"True Grit+1","floor":38},{"not_picked":[],"picked":"Uppercut+1","floor":39},{"not_picked":[],"picked":"Disarm","floor":41},{"not_picked":[],"picked":"Headbutt+1","floor":45},{"not_picked":["Iron Wave+1"],"picked":"SKIP","floor":47},{"not_picked":["Cleave+1"],"picked":"SKIP","floor":48}],"player_experience":505706,"relics_obtained":[{"floor":2,"key":"Ginger"},{"floor":7,"key":"Strawberry"},{"floor":9,"key":"Blood Vial"},{"floor":10,"key":"Ornamental Fan"},{"floor":14,"key":"Dream Catcher"},{"floor":24,"key":"Thread and Needle"},{"floor":26,"key":"Centennial Puzzle"},{"floor":30,"key":"Molten Egg 2"},{"floor":38,"key":"Incense Burner"},{"floor":41,"key":"Bag of Marbles"},{"floor":41,"key":"Lantern"},{"floor":43,"key":"Potion Belt"}],"event_choices":[{"damage_healed":0,"gold_gain":0,"player_choice":"Success","damage_taken":3,"relics_obtained":["Bag of Preparation"],"max_hp_gain":0,"max_hp_loss":0,"event_name":"Scrap Ooze","floor":11,"gold_loss":0},{"damage_healed":0,"gold_gain":0,"player_choice":"Ignored","damage_taken":0,"max_hp_gain":0,"max_hp_loss":0,"event_name":"Liars Game","floor":12,"gold_loss":0},{"damage_healed":0,"gold_gain":0,"player_choice":"Shed Blood","damage_taken":23,"max_hp_gain":5,"max_hp_loss":0,"event_name":"Forgotten Altar","floor":19,"gold_loss":0},{"damage_healed":31,"gold_gain":0,"player_choice":"Heal","damage_taken":0,"max_hp_gain":0,"max_hp_loss":0,"event_name":"The Library","floor":20,"gold_loss":0},{"damage_healed":0,"gold_gain":0,"player_choice":"Ignored","damage_taken":0,"max_hp_gain":0,"max_hp_loss":0,"event_name":"Beggar","floor":22,"gold_loss":0},{"damage_healed":0,"gold_gain":0,"player_choice":"Simplicity","damage_taken":0,"max_hp_gain":0,"max_hp_loss":0,"event_name":"Back to Basics","floor":27,"gold_loss":0,"cards_upgraded":["Strike_R","Strike_R","Strike_R","Strike_R","Defend_R","Defend_R","Defend_R","Defend_R"]},{"damage_healed":0,"gold_gain":0,"player_choice":"Embrace Madness","damage_taken":13,"max_hp_gain":0,"max_hp_loss":0,"event_name":"Winding Halls","floor":36,"gold_loss":0,"cards_obtained":["Madness","Madness"]},{"damage_healed":0,"gold_gain":0,"player_choice":"Fight","damage_taken":0,"max_hp_gain":0,"max_hp_loss":0,"event_name":"MindBloom","floor":38,"gold_loss":0},{"damage_healed":0,"gold_gain":0,"player_choice":"Ignored","damage_taken":0,"max_hp_gain":0,"max_hp_loss":0,"event_name":"Mysterious Sphere","floor":42,"gold_loss":0},{"cards_removed":["Strike_R"],"damage_healed":0,"gold_gain":0,"player_choice":"Purged","damage_taken":0,"max_hp_gain":0,"max_hp_loss":0,"event_name":"Purifier","floor":44,"gold_loss":0}],"is_beta":false,"boss_relics":[{"not_picked":["Coffee Dripper","Runic Pyramid"],"picked":"Busted Crown"},{"not_picked":["Empty Cage","Calling Bell"],"picked":"Black Star"}],"items_purged_floors":[21],"is_endless":false,"potions_floor_spawned":[5,10,14,24,28,30,38,41,47],"ascension_level":5}