{"gold_per_floor":[112,187,197,197,212,242,242,269,269,298,298,317,317,329,329,329],"floor_reached":16,"playtime":852,"items_purged":[],"score":162,"play_id":"972ccd37-9f16-4dd1-8aea-497bd46e2ee3","local_time":"20180929201125","is_ascension_mode":true,"campfire_choices":[{"floor":7,"key":"REST"},{"floor":11,"key":"REST"},{"data":"Pommel Strike","floor":13,"key":"SMITH"},{"data":"Shrug It Off","floor":15,"key":"SMITH"}],"neow_cost":"","seed_source_timestamp":506614781855843,"circlet_count":0,"master_deck":["Strike_R","Strike_R","Strike_R+1","Strike_R","Strike_R","Defend_R","Defend_R","Defend_R+1","Defend_R","Bash","Metallicize","Headbutt","Shrug It Off+1","Pommel Strike+1"],"relics":["Burning Blood","Bronze Scales","Matryoshka","Ancient Tea Set","Lantern","Bottled Flame"],"potions_floor_usage":[6,16],"damage_taken":[{"damage":0,"enemies":"Cultist","floor":1,"turns":4},{"damage":0,"enemies":"2 Louse","floor":3,"turns":4},{"damage":12,"enemies":"Jaw Worm","floor":5,"turns":5},{"damage":22,"enemies":"Gremlin Nob","floor":6,"turns":5},{"damage":23,"enemies":"3 Sentries","floor":8,"turns":10},{"damage":34,"enemies":"Lagavulin","floor":10,"turns":8},{"damage":4,"enemies":"Looter","floor":12,"turns":4},{"damage":9,"enemies":"3 Louse","floor":14,"turns":2},{"damage":38,"enemies":"The Guardian","floor":16,"turns":15}],"seed_played":"3401416811608858055","potions_obtained":[{"floor":1,"key":"SpeedPotion"},{"floor":6,"key":"GamblersBrew"},{"floor":10,"key":"Swift Potion"},{"floor":12,"key":"Swift Potion"}],"is_trial":false,"path_per_floor":["M","?","M","?","M","E","R","E","T","E","R","M","R","M","R"],"character_chosen":"IRONCLAD","items_purchased":[],"campfire_rested":2,"item_purchase_floors":[],"current_hp_per_floor":[78,67,73,57,51,35,59,42,42,14,38,40,40,37,37,0],"gold":329,"neow_bonus":"","is_prod":false,"is_daily":false,"chose_seed":false,"campfire_upgraded":2,"win_rate":0,"timestamp":1538244685,"path_taken":["M","?","M","?","?","E","R","E","T","E","R","M","R","M","R","BOSS"],"build_version":"2018-09-27","purchased_purges":0,"victory":false,"max_hp_per_floor":[80,80,80,80,80,80,80,80,80,80,80,80,80,80,80,80],"card_choices":[{"not_picked":["Fire Breathing","Flex"],"picked":"Metallicize","floor":1},{"not_picked":["Iron Wave","Sentinel"],"picked":"Headbutt","floor":3},{"not_picked":["Headbutt","Rupture","Second Wind"],"picked":"SKIP","floor":5},{"not_picked":["Pummel","Clash","Thunderclap"],"picked":"SKIP","floor":6},{"not_picked":["Barricade","Flex"],"picked":"Shrug It Off","floor":8},{"not_picked":["Clothesline","Dropkick","Corruption"],"picked":"SKIP","floor":10},{"not_picked":["Headbutt","Offering"],"picked":"Pommel Strike","floor":12},{"not_picked":["Clash","Thunderclap","Metallicize"],"picked":"SKIP","floor":14}],"player_experience":524219,"relics_obtained":[{"floor":6,"key":"Bronze Scales"},{"floor":8,"key":"Matryoshka"},{"floor":9,"key":"Ancient Tea Set"},{"floor":9,"key":"Lantern"},{"floor":10,"key":"Bottled Flame"}],"event_choices":[{"event_name":"World of Goop","player_choice":"Gather Gold","floor":2,"damage_taken":0},{"event_name":"Shining Light","player_choice":"Entered Light","floor":4,"damage_taken":0}],"is_beta":false,"boss_relics":[],"items_purged_floors":[],"is_endless":false,"potions_floor_spawned":[1,6,10,12,14],"killed_by":"The Guardian","ascension_level":7}