{"path_per_floor":["M","$","?","M","M","R","M","R","T","?","M","E","M","M","R","B",null,"M","?","M","?","$","R","M","R","T","E","R","?","M","M","R","B",null,"M","M","$","M","$","?","?","R","T","M","R","M","M","M","R","B"],"character_chosen":"THE_SILENT","items_purchased":["Oddly Smooth Stone","Master of Strategy","Tough Bandages"],"gold_per_floor":[214,68,18,38,48,48,64,64,132,207,218,243,263,275,275,374,374,390,490,502,502,241,241,252,252,275,304,304,304,323,342,342,437,437,454,473,132,149,24,24,378,378,453,468,468,482,495,512,512,512],"floor_reached":51,"campfire_rested":3,"playtime":5562,"current_hp_per_floor":[70,70,70,70,64,64,57,57,57,46,46,45,34,27,27,15,70,61,61,36,36,36,36,36,57,57,55,55,55,41,41,41,41,70,70,70,70,70,70,70,55,55,55,32,53,40,40,40,61,61],"items_purged":["Strike_G","Strike_G","Strike_G"],"gold":512,"play_id":"465960db-cb2d-47f0-af40-8e14cd360e34","is_prod":false,"is_daily":false,"campfire_rituals":0,"campfire_upgraded":7,"is_hardmode":false,"path_taken":["M","$","?","?","M","R","M","R","T","?","M","E","?","M","R","BOSS","M","?","M","?","$","R","M","R","T","E","R","?","M","?","R","BOSS","M","M","$","M","$","?","?","R","T","M","R","M","M","M","R","BOSS"],"build_version":"2018-01-18-PROD3","purchased_purges":3,"victory":true,"master_deck":["Defend_G","Defend_G","Defend_G","Defend_G","Defend_G","Survivor","Neutralize","Dagger Spray","Bouncing Flask","Noxious Fumes","Prepared","Terror","Well Laid Plans","Distraction","Burst","Backflip","Deadly Poison","Master of Strategy","Footwork","Catalyst","Bane","Venomology","Backflip","Adrenaline","Acrobatics","Outmaneuver","Burst","Clumsy","Blur","Footwork"],"max_hp_per_floor":[70,70,70,70,70,70,70,70,70,70,70,70,70,70,70,70,70,70,70,70,70,70,70,70,70,70,70,70,70,70,70,70,70,70,70,70,70,70,70,70,70,70,70,70,70,70,70,70,70,70],"relics":["Ring of the Snake","Oddly Smooth Stone","Letter Opener","Prayer Wheel","Cursed Key","Pen Nib","Calipers","Philosopher\u0027s Stone","Tough Bandages","Old Coin","Dodecahedron"],"campfire_meditates":0,"card_choices":[{"not_picked":["Deflect","Deadly Poison"],"picked":"Dagger Spray"},{"not_picked":["Dash","Flying Knee"],"picked":"Bouncing Flask"},{"not_picked":["Blade Dance","Underhanded Strike"],"picked":"Noxious Fumes"},{"not_picked":["Dodge and Roll","All Out Attack"],"picked":"Prepared"},{"not_picked":["Underhanded Strike","Slice"],"picked":"Terror"},{"not_picked":["Skewer","Flechettes"],"picked":"Well Laid Plans"},{"not_picked":["Doppelganger","Eviscerate"],"picked":"Distraction"},{"not_picked":["Unload","Adrenaline"],"picked":"Burst"},{"not_picked":["Endless Agony","Acrobatics"],"picked":"Backflip"},{"not_picked":["Dagger Spray","Underhanded Strike"],"picked":"Deadly Poison"},{"not_picked":["Endless Agony","Poisoned Stab"],"picked":"Footwork"},{"not_picked":["Poisoned Stab","Caltrops"],"picked":"Catalyst"},{"not_picked":["Riddle With Holes","All Out Attack"],"picked":"Venomology"},{"not_picked":["Infinite Blades","Dagger Throw"],"picked":"Backflip"},{"not_picked":["Unload","Phantasmal Killer"],"picked":"Adrenaline"},{"not_picked":["Deflect","Flying Knee"],"picked":"Acrobatics"},{"not_picked":["Deadly Poison","Backflip"],"picked":"Outmaneuver"},{"not_picked":["Acrobatics","Crippling Poison"],"picked":"Burst"},{"not_picked":["Dagger Throw","Acrobatics"],"picked":"Blur"},{"not_picked":["Catalyst","Terror"],"picked":"Footwork"}],"player_experience":55849,"potions_floor_usage":[16,18,27,30,35,36,50,50,50,50,50],"damage_taken":[{"damage":0,"enemies":"Cultist","floor":1,"turns":5},{"damage":0,"enemies":"Jaw Worm","floor":4,"turns":6},{"damage":6,"enemies":"Blue Slaver","floor":5,"turns":4},{"damage":7,"enemies":"3 Louse","floor":7,"turns":3},{"damage":0,"enemies":"Large Slime","floor":11,"turns":5},{"damage":1,"enemies":"Gremlin Nob","floor":12,"turns":4},{"damage":11,"enemies":"Lots of Slimes","floor":13,"turns":4},{"damage":7,"enemies":"Red Slaver","floor":14,"turns":3},{"damage":27,"enemies":"The Guardian","floor":16,"turns":8},{"damage":9,"enemies":"Shell Parasite","floor":18,"turns":5},{"damage":25,"enemies":"Chosen","floor":20,"turns":7},{"damage":0,"enemies":"3 Cultists","floor":24,"turns":4},{"damage":2,"enemies":"Gremlin Leader","floor":27,"turns":6},{"damage":14,"enemies":"Centurion and Healer","floor":30,"turns":5},{"damage":0,"enemies":"Snake Plant","floor":31,"turns":4},{"damage":0,"enemies":"Automaton","floor":33,"turns":3},{"damage":0,"enemies":"3 Shapes","floor":35,"turns":3},{"damage":0,"enemies":"3 Darklings","floor":36,"turns":3},{"damage":0,"enemies":"Maw","floor":38,"turns":5},{"damage":15,"enemies":"Mysterious Sphere","floor":41,"turns":4},{"damage":23,"enemies":"Sphere and 2 Shapes","floor":44,"turns":3},{"damage":13,"enemies":"4 Shapes","floor":46,"turns":6},{"damage":0,"enemies":"Maw","floor":47,"turns":6},{"damage":0,"enemies":"3 Darklings","floor":48,"turns":5},{"damage":0,"enemies":"Time Eater","floor":50,"turns":16}],"event_choices":[{"event_name":"The Cleric","player_choice":"Card Removal","floor":3,"damage_taken":0},{"event_name":"World of Goop","player_choice":"Gather Gold","floor":10,"damage_taken":0},{"event_name":"Golden Shrine","player_choice":"Pray","floor":19,"damage_taken":0},{"event_name":"Back to Basics","player_choice":"Simplicity","floor":21,"damage_taken":0},{"event_name":"Transmorgrifier","player_choice":"Transform","floor":29,"damage_taken":0},{"event_name":"Fountain of Cleansing","player_choice":"Removed Curse","floor":40,"damage_taken":0},{"event_name":"Mysterious Sphere","player_choice":"Fight","floor":41,"damage_taken":0}],"boss_relics":[{"not_picked":["White Beast Statue","Tiny House"],"picked":"Cursed Key"},{"not_picked":["Sozu","Eternal Feather"],"picked":"Philosopher\u0027s Stone"}],"potions_floor_spawned":[5,12,13,16,24,27,35,36,41,47,48],"seed_played":"-8020783071245624368","is_trial":false}