{"gold_per_floor":[18,18,93,93,5,5,5,5,5,18,18,28,40,52,52,148,148,164,164,10,27,39,39,39,39,66,97,49,49,62,72,72,169,169,185,204,40,58,5,5,18,18],"floor_reached":42,"playtime":1308,"items_purged":[],"score":483,"play_id":"92fc9938-f16f-47c7-a4b5-2e149d3b54ad","local_time":"20190219123026","is_ascension_mode":false,"campfire_choices":[{"data":"1","floor":6,"key":"LIFT"},{"data":"2","floor":8,"key":"LIFT"},{"data":"3","floor":11,"key":"LIFT"},{"data":"Zap","floor":15,"key":"SMITH"},{"floor":23,"key":"REST"},{"data":"Defragment","floor":25,"key":"SMITH"},{"data":"Conserve Battery","floor":29,"key":"SMITH"},{"data":"Ball Lightning","floor":32,"key":"SMITH"},{"floor":40,"key":"REST"}],"neow_cost":"NO_GOLD","seed_source_timestamp":13508180390903,"circlet_count":0,"master_deck":["Strike_B","Strike_B","Strike_B","Strike_B","Defend_B+1","Defend_B","Defend_B","Defend_B","Zap+1","Dualcast","Ball Lightning+1","Defragment+1","Cold Snap+1","Zap+1","Tempest","Ball Lightning+1","Ball Lightning+1","Ball Lightning+1","Hyperbeam+1","Redo+1","Cold Snap+1","Turbo","Sunder+1","Conserve Battery+1","Conserve Battery+1","Gash+1","Thunder Strike+1","Melter+1","Stack","Glacier","Melter+1","Redo+1","Doom and Gloom+1","Swift Strike+1","Rip and Tear+1","Leap+1","Gash+1","Scrape+1"],"relics":["Cracked Core","Girya","Molten Egg 2","Matryoshka","Vajra","MutagenicStrength","Omamori","War Paint","Meat on the Bone","Orrery"],"potions_floor_usage":[13,14,22,27,30,30,33,42,42],"damage_taken":[{"damage":0,"enemies":"Small Slimes","floor":1,"turns":3},{"damage":1,"enemies":"Jaw Worm","floor":10,"turns":3},{"damage":0,"enemies":"Cultist","floor":12,"turns":2},{"damage":0,"enemies":"Looter","floor":13,"turns":1},{"damage":2,"enemies":"Blue Slaver","floor":14,"turns":2},{"damage":40,"enemies":"The Guardian","floor":16,"turns":7},{"damage":0,"enemies":"Spheric Guardian","floor":18,"turns":3},{"damage":10,"enemies":"2 Thieves","floor":21,"turns":2},{"damage":19,"enemies":"Shelled Parasite and Fungi","floor":22,"turns":4},{"damage":0,"enemies":"Gremlin Leader","floor":27,"turns":3},{"damage":0,"enemies":"3 Cultists","floor":30,"turns":2},{"damage":0,"enemies":"Cultist and Chosen","floor":31,"turns":3},{"damage":73,"enemies":"Automaton","floor":33,"turns":9},{"damage":3,"enemies":"3 Darklings","floor":35,"turns":3},{"damage":7,"enemies":"Orb Walker","floor":36,"turns":3},{"damage":2,"enemies":"Spire Growth","floor":38,"turns":5},{"damage":26,"enemies":"Transient","floor":41,"turns":5},{"damage":63,"enemies":"Reptomancer","floor":42,"turns":5}],"seed_played":"357138116446300691","potions_obtained":[{"floor":1,"key":"SkillPotion"},{"floor":13,"key":"Weak Potion"},{"floor":14,"key":"Ancient Potion"},{"floor":16,"key":"Regen Potion"},{"floor":21,"key":"Explosive Potion"},{"floor":22,"key":"Swift Potion"},{"floor":27,"key":"SteroidPotion"},{"floor":31,"key":"EssenceOfSteel"},{"floor":41,"key":"SpeedPotion"}],"is_trial":false,"path_per_floor":["M","?","?","T","$","R","?","R","T","M","R","M","M","M","R","B",null,"M","?","$","M","M","R","?","R","T","E","$","R","M","M","R","B",null,"M","M","$","M","$","R","M","E"],"character_chosen":"DEFECT","items_purchased":["Defragment","Cold Snap+1","Vajra","Conserve Battery","Swift Strike+1","Rip and Tear+1","Gash+1"],"campfire_rested":2,"item_purchase_floors":[5,5,20,28,37,37,39],"current_hp_per_floor":[75,80,69,69,69,69,69,69,69,68,68,68,68,66,66,26,80,80,80,80,70,63,80,80,80,80,80,80,80,80,80,80,19,80,77,70,70,68,68,80,54,0],"gold":18,"neow_bonus":"ONE_RARE_RELIC","is_prod":false,"is_daily":false,"chose_seed":false,"campfire_upgraded":4,"win_rate":0,"timestamp":1550601026,"path_taken":["M","?","?","?","$","R","?","R","T","M","R","M","M","?","R","BOSS","M","?","$","M","M","R","?","R","T","E","?","R","M","M","R","BOSS","M","M","$","?","$","R","M","E"],"build_version":"2019-01-23","purchased_purges":0,"victory":false,"max_hp_per_floor":[75,80,80,80,80,80,80,80,80,80,80,80,80,80,80,80,80,80,80,80,80,80,80,80,80,80,80,80,80,80,80,80,80,80,80,80,80,80,80,80,80,80],"card_choices":[{"not_picked":["Fusion","Go for the Eyes"],"picked":"Ball Lightning","floor":1},{"not_picked":["Lockon+1","Coolheaded"],"picked":"Tempest","floor":10},{"not_picked":["Rebound+1","Conserve Battery"],"picked":"Ball Lightning+1","floor":12},{"not_picked":["Go for the Eyes+1","Redo"],"picked":"Ball Lightning+1","floor":13},{"not_picked":["Chill","Lockon+1"],"picked":"Ball Lightning+1","floor":14},{"not_picked":["Seek","Buffer"],"picked":"Hyperbeam+1","floor":16},{"not_picked":["Coolheaded","Ball Lightning+1"],"picked":"Redo+1","floor":18},{"not_picked":["Barrage+1","Storm"],"picked":"Turbo","floor":21},{"not_picked":["Conserve Battery","Turbo"],"picked":"Sunder+1","floor":22},{"not_picked":["Hologram","Steam","Steam Power"],"picked":"SKIP","floor":27},{"not_picked":["Barrage+1","Rip and Tear+1"],"picked":"Conserve Battery+1","floor":30},{"not_picked":["Go for the Eyes+1","Steam"],"picked":"Gash+1","floor":31},{"not_picked":["Rainbow","Multi-Cast"],"picked":"Thunder Strike+1","floor":33},{"not_picked":["Rebound+1","Aggregate"],"picked":"Melter+1","floor":34},{"not_picked":["Barrage+1","Aggregate"],"picked":"Stack","floor":34},{"not_picked":["Force Field+1","Defragment"],"picked":"Glacier","floor":34},{"not_picked":["Redo","Heatsinks"],"picked":"Melter+1","floor":34},{"not_picked":["Steam","Hologram"],"picked":"Redo+1","floor":35},{"not_picked":["Buffer","Ball Lightning+1"],"picked":"Doom and Gloom+1","floor":36},{"not_picked":["Recycle+1","Redo"],"picked":"Leap+1","floor":38},{"not_picked":["Go for the Eyes+1","Streamline+1"],"picked":"Scrape+1","floor":41}],"player_experience":245643,"relics_obtained":[{"floor":4,"key":"Molten Egg 2"},{"floor":9,"key":"Matryoshka"},{"floor":26,"key":"Omamori"},{"floor":26,"key":"War Paint"},{"floor":27,"key":"Meat on the Bone"}],"event_choices":[{"damage_healed":0,"gold_gain":0,"player_choice":"Donut","damage_taken":0,"max_hp_gain":5,"max_hp_loss":0,"event_name":"Big Fish","floor":2,"gold_loss":0},{"damage_healed":0,"gold_gain":75,"player_choice":"Gather Gold","damage_taken":11,"max_hp_gain":0,"max_hp_loss":0,"event_name":"World of Goop","floor":3,"gold_loss":0},{"damage_healed":0,"gold_gain":0,"player_choice":"1 cards matched","damage_taken":0,"max_hp_gain":0,"max_hp_loss":0,"event_name":"Match and Keep!","floor":7,"gold_loss":0,"cards_obtained":["Zap"]},{"damage_healed":0,"gold_gain":0,"player_choice":"1 cards matched","damage_taken":0,"max_hp_gain":0,"max_hp_loss":0,"event_name":"Match and Keep!","floor":7,"gold_loss":0,"cards_obtained":["Zap"]},{"damage_healed":0,"gold_gain":0,"player_choice":"Read","damage_taken":0,"max_hp_gain":0,"max_hp_loss":0,"event_name":"The Library","floor":19,"gold_loss":0,"cards_obtained":["Cold Snap"]},{"damage_healed":0,"gold_gain":0,"player_choice":"Inject Mutagens","damage_taken":0,"relics_obtained":["MutagenicStrength"],"max_hp_gain":0,"max_hp_loss":0,"event_name":"Drug Dealer","floor":24,"gold_loss":0}],"is_beta":false,"boss_relics":[{"not_picked":["FrozenCore","Snecko Eye","Pandora\u0027s Box"]},{"not_picked":["Busted Crown","White Beast Statue"],"picked":"Orrery"}],"items_purged_floors":[],"is_endless":false,"potions_floor_spawned":[1,13,14,16,21,22,27,31,41],"killed_by":"Reptomancer","ascension_level":0}