{"gold_per_floor":[118,135,135,150,150,150,184,184,208,308,327,355,369,392,392,515,515,531,546,546,70,70,114,114,137,162,162,181,216,229,67,67,193,193,207,221,244,244],"floor_reached":38,"playtime":2302,"items_purged":[],"score":465,"play_id":"c264c92f-85e2-46ca-9393-776b0e0862a8","local_time":"20190214145737","is_ascension_mode":true,"campfire_choices":[{"data":"Perfected Strike","floor":6,"key":"SMITH"},{"floor":15,"key":"REST"},{"floor":24,"key":"REST"},{"floor":27,"key":"REST"},{"floor":32,"key":"REST"}],"neow_cost":"NONE","seed_source_timestamp":12258975006796,"circlet_count":0,"master_deck":["Strike_R+1","Strike_R+1","Strike_R+1","Strike_R+1","Defend_R+1","Defend_R+1","Defend_R+1","Heavy Blade+1","Double Tap+1","Infernal Blade+1","Perfected Strike+1","Iron Wave","Headbutt","Headbutt","Clothesline","Shrug It Off","Headbutt","Impervious","Intimidate","Sword Boomerang","Reaper","Entrench+1","Clash","Cleave","Inflame+1","Trip","Demon Form+1","Iron Wave+1","Armaments+1","Parasite","Entrench"],"relics":["Astrolabe","Golden Idol","Lantern","Pen Nib","Odd Mushroom","Lizard Tail","Red Skull","Frozen Egg 2","Bronze Scales","Regal Pillow","Ancient Tea Set","Velvet Choker"],"potions_floor_usage":[11,12,16,19,23,29,30,33,33,33,37,37],"damage_taken":[{"damage":6,"enemies":"Jaw Worm","floor":1,"turns":2},{"damage":2,"enemies":"Small Slimes","floor":2,"turns":2},{"damage":0,"enemies":"Cultist","floor":4,"turns":2},{"damage":12,"enemies":"3 Sentries","floor":7,"turns":7},{"damage":10,"enemies":"Looter","floor":11,"turns":2},{"damage":0,"enemies":"The Mushroom Lair","floor":12,"turns":2},{"damage":0,"enemies":"Exordium Wildlife","floor":13,"turns":3},{"damage":3,"enemies":"Lots of Slimes","floor":14,"turns":3},{"damage":53,"enemies":"Hexaghost","floor":16,"turns":7},{"damage":30,"enemies":"3 Byrds","floor":18,"turns":7},{"damage":16,"enemies":"Shell Parasite","floor":19,"turns":4},{"damage":0,"enemies":"Gremlin Leader","floor":23,"turns":3},{"damage":15,"enemies":"Snake Plant","floor":25,"turns":4},{"damage":12,"enemies":"3 Cultists","floor":28,"turns":5},{"damage":39,"enemies":"Slavers","floor":29,"turns":4},{"damage":12,"enemies":"Cultist and Chosen","floor":30,"turns":5},{"damage":117,"enemies":"Champ","floor":33,"turns":10},{"damage":2,"enemies":"Orb Walker","floor":35,"turns":3},{"damage":65,"enemies":"3 Shapes","floor":36,"turns":4},{"damage":3,"enemies":"Writhing Mass","floor":37,"turns":3},{"damage":10,"enemies":"3 Darklings","floor":38,"turns":1}],"seed_played":"-3157935361097425108","potions_obtained":[{"floor":1,"key":"Swift Potion"},{"floor":7,"key":"SkillPotion"},{"floor":11,"key":"SteroidPotion"},{"floor":14,"key":"SkillPotion"},{"floor":16,"key":"Strength Potion"},{"floor":19,"key":"GamblersBrew"},{"floor":23,"key":"Fire Potion"},{"floor":29,"key":"Block Potion"},{"floor":30,"key":"GamblersBrew"},{"floor":33,"key":"FearPotion"},{"floor":35,"key":"Poison Potion"}],"is_trial":false,"path_per_floor":["M","M","?","M","?","R","E","?","T","?","M","?","M","M","R","B",null,"M","M","?","$","?","E","R","M","T","R","M","E","M","$","R","B",null,"M","M","M","M"],"character_chosen":"IRONCLAD","items_purchased":["Red Skull","BloodPotion","Frozen Egg 2","Inflame+1","Trip"],"campfire_rested":4,"item_purchase_floors":[21,21,21,31,31],"current_hp_per_floor":[74,72,77,77,77,77,65,65,65,65,55,55,55,52,75,22,79,49,33,33,33,33,33,56,41,41,79,67,40,28,28,66,17,79,77,12,9,0],"gold":244,"neow_bonus":"BOSS_RELIC","is_prod":false,"is_daily":false,"chose_seed":false,"campfire_upgraded":1,"win_rate":0,"timestamp":1550177857,"path_taken":["M","M","?","M","?","R","E","?","T","?","?","?","M","M","R","BOSS","M","M","?","$","?","E","R","M","T","R","M","E","M","?","R","BOSS","M","?","M","M"],"build_version":"2019-01-23","purchased_purges":0,"victory":false,"max_hp_per_floor":[80,80,85,85,79,79,79,79,79,79,79,79,79,79,79,79,79,79,79,79,79,79,79,79,79,79,79,79,79,79,79,79,79,79,79,79,79,79],"card_choices":[{"not_picked":["Rupture","Armaments"],"picked":"Perfected Strike","floor":1},{"not_picked":["Rupture","Warcry"],"picked":"Iron Wave","floor":2},{"not_picked":["Shrug It Off","Flex"],"picked":"Headbutt","floor":4},{"not_picked":["Power Through","Rupture"],"picked":"Headbutt","floor":7},{"not_picked":["Entrench","Thunderclap"],"picked":"Clothesline","floor":11},{"not_picked":["Flame Barrier","Brutality"],"picked":"Shrug It Off","floor":12},{"not_picked":["True Grit","Blood for Blood"],"picked":"Headbutt","floor":13},{"not_picked":["Feel No Pain","Pummel","Battle Trance"],"picked":"SKIP","floor":14},{"not_picked":["Double Tap","Limit Break"],"picked":"Impervious","floor":16},{"not_picked":["Metallicize","Shockwave"],"picked":"Intimidate","floor":18},{"not_picked":["Cleave","Feel No Pain"],"picked":"Sword Boomerang","floor":19},{"not_picked":["Shockwave","Feel No Pain+1"],"picked":"Reaper","floor":23},{"not_picked":["Wild Strike","Armaments","Second Wind"],"picked":"SKIP","floor":25},{"not_picked":["Corruption+1","Warcry"],"picked":"Entrench+1","floor":28},{"not_picked":["Perfected Strike","Dropkick"],"picked":"Clash","floor":29},{"not_picked":["Flex","Body Slam"],"picked":"Cleave","floor":30},{"not_picked":["Impervious","Juggernaut+1"],"picked":"Demon Form+1","floor":33},{"not_picked":["Rupture+1","Cleave"],"picked":"Iron Wave+1","floor":35},{"not_picked":["Spot Weakness+1","Bloodletting+1"],"picked":"Armaments+1","floor":36},{"not_picked":["Headbutt+1","Cleave"],"picked":"Entrench","floor":37}],"player_experience":115272,"relics_obtained":[{"floor":7,"key":"Lantern"},{"floor":9,"key":"Pen Nib"},{"floor":12,"key":"Odd Mushroom"},{"floor":23,"key":"Bronze Scales"},{"floor":26,"key":"Regal Pillow"},{"floor":29,"key":"Ancient Tea Set"}],"event_choices":[{"damage_healed":0,"gold_gain":0,"player_choice":"Donut","damage_taken":0,"max_hp_gain":5,"max_hp_loss":0,"event_name":"Big Fish","floor":3,"gold_loss":0},{"damage_healed":0,"gold_gain":0,"player_choice":"Lose Max HP","damage_taken":0,"relics_obtained":["Golden Idol"],"max_hp_gain":0,"max_hp_loss":6,"event_name":"Golden Idol","floor":5,"gold_loss":0},{"damage_healed":0,"gold_gain":0,"player_choice":"Ignored","damage_taken":0,"max_hp_gain":0,"max_hp_loss":0,"event_name":"Liars Game","floor":8,"gold_loss":0},{"damage_healed":0,"gold_gain":100,"player_choice":"Pray","damage_taken":0,"max_hp_gain":0,"max_hp_loss":0,"event_name":"Golden Shrine","floor":10,"gold_loss":0},{"damage_healed":0,"gold_gain":0,"player_choice":"Fought Mushrooms","damage_taken":0,"max_hp_gain":0,"max_hp_loss":0,"event_name":"Mushrooms","floor":12,"gold_loss":0},{"damage_healed":0,"gold_gain":0,"player_choice":"Ignored","damage_taken":0,"max_hp_gain":0,"max_hp_loss":0,"event_name":"The Mausoleum","floor":20,"gold_loss":0},{"damage_healed":0,"gold_gain":0,"player_choice":"Simplicity","damage_taken":0,"max_hp_gain":0,"max_hp_loss":0,"event_name":"Back to Basics","floor":22,"gold_loss":0,"cards_upgraded":["Strike_R","Strike_R","Strike_R","Strike_R","Defend_R","Defend_R","Defend_R"]}],"is_beta":false,"boss_relics":[{"not_picked":["Mark of Pain","Fusion Hammer"],"picked":"Lizard Tail"},{"not_picked":["Sozu","Runic Pyramid"],"picked":"Velvet Choker"}],"items_purged_floors":[],"is_endless":false,"potions_floor_spawned":[1,7,11,14,16,19,23,29,30,33,35],"killed_by":"3 Darklings","ascension_level":1}