{"path_per_floor":["M","M","M","?","M","R","M","M","T","M","M","R","$","?","R","B",null,"M","T","?","?","T","R","?","M","T","$","M","M","$","M","R","B",null,"M","M","?","M","M","E","R","?","T","R","M","R","M","T","R"],"character_chosen":"IRONCLAD","items_purchased":["Bronze Scales","Flame Barrier"],"gold_per_floor":[114,132,147,147,161,161,179,199,199,213,226,226,4,4,4,128,128,141,141,141,141,141,141,41,65,65,65,80,100,65,90,90,209,209,234,255,588,602,614,645,645,645,692,692,703,703,720,774,774],"floor_reached":50,"campfire_rested":2,"playtime":3322,"current_hp_per_floor":[80,80,80,64,58,58,52,58,58,52,55,55,55,35,35,35,80,70,70,80,80,80,80,80,80,80,80,80,63,63,44,44,28,80,66,67,67,43,36,14,38,28,28,28,22,22,22,22,46],"items_purged":["Strike_R"],"gold":774,"score":443,"play_id":"105796a0-ee35-49d3-9aea-0019bd89b61f","is_prod":false,"is_daily":false,"is_ascension_mode":false,"campfire_upgraded":6,"path_taken":["M","M","M","?","?","R","M","M","T","M","M","R","?","?","R","BOSS","M","?","?","?","?","R","?","M","T","$","M","M","?","M","R","BOSS","M","M","?","M","M","E","R","?","T","R","M","R","M","?","R","BOSS"],"build_version":"2018-02-15-PROD1","purchased_purges":1,"victory":false,"master_deck":["Strike_R","Strike_R+1","Strike_R+1","Strike_R","Defend_R","Defend_R","Defend_R","Defend_R","Bash+1","Pummel+1","Rampage+1","Flex","Demon Form+1","Whirlwind","Bludgeon","Metallicize+1","Fire Breathing","J.A.X.","Spot Weakness+1","Iron Wave","Thunderclap+1","Flame Barrier+1","Infernal Blade","Impervious","Armaments+1","Dropkick+1","Shrug It Off+1","Madness","Madness","Heavy Blade"],"max_hp_per_floor":[80,80,80,80,80,80,80,80,80,80,80,80,80,80,80,80,80,80,80,80,80,80,80,80,80,80,80,80,80,80,80,80,80,80,80,80,80,80,80,80,80,80,80,80,80,80,80,80,80],"relics":["Burning Blood","Anchor","Red Skull","Bronze Scales","Velvet Choker","Juzu Bracelet","Girya","Champion Belt","Runic Cube","Magic Flower","Lantern","Whetstone"],"card_choices":[{"not_picked":["Pommel Strike","Bloodletting"],"picked":"Pummel"},{"not_picked":["Bloodletting","Anger"],"picked":"Feel No Pain"},{"not_picked":["Uppercut","Inflame"],"picked":"Rampage"},{"not_picked":["Clothesline","Body Slam"],"picked":"Flex"},{"not_picked":["Pummel","Clothesline"],"picked":"Demon Form"},{"not_picked":["Body Slam","Havoc"],"picked":"Whirlwind"},{"not_picked":["Immolate","Juggernaut"],"picked":"Bludgeon"},{"not_picked":["Body Slam","Thunderclap"],"picked":"Metallicize"},{"not_picked":["Flex","Power Through"],"picked":"Spot Weakness"},{"not_picked":["Warcry","Armaments"],"picked":"Iron Wave"},{"not_picked":["Seeing Red","Perfected Strike"],"picked":"Thunderclap"},{"not_picked":["Feel No Pain","Twin Strike"],"picked":"Infernal Blade"},{"not_picked":["Reaper","Fiend Fire"],"picked":"Impervious"},{"not_picked":["Spot Weakness","Twin Strike"],"picked":"Armaments"},{"not_picked":["Headbutt","Wild Strike"],"picked":"Dropkick"},{"not_picked":["Clash","Hemokinesis"],"picked":"Shrug It Off"},{"not_picked":["Combust","Iron Wave"],"picked":"Heavy Blade"}],"player_experience":77297,"potions_floor_usage":[16,16,40,40,45,47,50,50],"damage_taken":[{"damage":1,"enemies":"Jaw Worm","floor":1,"turns":2},{"damage":3,"enemies":"Cultist","floor":2,"turns":6},{"damage":1,"enemies":"2 Louse","floor":3,"turns":3},{"damage":12,"enemies":"Blue Slaver","floor":5,"turns":4},{"damage":12,"enemies":"Looter","floor":7,"turns":4},{"damage":0,"enemies":"Red Slaver","floor":8,"turns":3},{"damage":12,"enemies":"Exordium Wildlife","floor":10,"turns":4},{"damage":3,"enemies":"Gremlin Gang","floor":11,"turns":5},{"damage":6,"enemies":"Hexaghost","floor":16,"turns":6},{"damage":16,"enemies":"Spheric Guardian","floor":18,"turns":4},{"damage":0,"enemies":"Shell Parasite","floor":25,"turns":3},{"damage":0,"enemies":"Centurion and Healer","floor":28,"turns":5},{"damage":23,"enemies":"Slaver and Parasite","floor":29,"turns":6},{"damage":25,"enemies":"Cultist and Chosen","floor":31,"turns":7},{"damage":29,"enemies":"Champ","floor":33,"turns":9},{"damage":20,"enemies":"3 Shapes","floor":35,"turns":9},{"damage":5,"enemies":"Orb Walker","floor":36,"turns":4},{"damage":30,"enemies":"Sphere and 2 Shapes","floor":38,"turns":5},{"damage":13,"enemies":"3 Darklings","floor":39,"turns":4},{"damage":34,"enemies":"2 Orb Walkers","floor":40,"turns":5},{"damage":15,"enemies":"4 Shapes","floor":45,"turns":5},{"damage":9,"enemies":"Sphere and 2 Shapes","floor":47,"turns":5},{"damage":64,"enemies":"Donu and Deca","floor":50,"turns":5}],"event_choices":[{"event_name":"Shining Light","player_choice":"Entered Light","floor":4,"damage_taken":0},{"event_name":"Golden Idol","player_choice":"Take Damage","floor":14,"damage_taken":0},{"event_name":"Bonfire Elementals","player_choice":"UNCOMMON","floor":20,"damage_taken":0},{"event_name":"The Library","player_choice":"Read","floor":21,"damage_taken":0},{"event_name":"Drug Dealer","player_choice":"Got JAXXED","floor":24,"damage_taken":0},{"event_name":"The Moai Head","player_choice":"Gave Idol","floor":37,"damage_taken":0},{"event_name":"Winding Halls","player_choice":"Embrace Madness","floor":42,"damage_taken":0}],"boss_relics":[{"not_picked":["Ectoplasm","Mark of Pain"],"picked":"Velvet Choker"},{"not_picked":["Question Card","Eternal Feather"],"picked":"Runic Cube"}],"potions_floor_spawned":[3,5,10,16,29,31,39,40,45,47],"seed_played":"-626505655623498319","killed_by":"Donu and Deca","ascension_level":0,"is_trial":false}