{"gold_per_floor":[117,117,135,147,147,147,180,195,222,238,238,238,265,35,35,133,133,150,160,85,85,102,102,27,27,27,27,43,63,63,13,13,13],"floor_reached":33,"playtime":1312,"items_purged":["Strike_R"],"score":319,"play_id":"3125f0d1-1fe2-4d17-81d5-5561d8318448","local_time":"20190224184824","is_ascension_mode":true,"campfire_choices":[{"data":"Body Slam","floor":6,"key":"SMITH"},{"data":"Entrench","floor":11,"key":"SMITH"},{"floor":15,"key":"REST"},{"data":"Shrug It Off","floor":23,"key":"SMITH"},{"floor":25,"key":"REST"},{"floor":30,"key":"REST"},{"data":"Defend_R","floor":32,"key":"SMITH"}],"neow_cost":"NONE","seed_source_timestamp":37614871167789,"circlet_count":0,"master_deck":["Strike_R","Strike_R+1","Strike_R+1","Defend_R","Defend_R","Defend_R","Defend_R+1","Bash+1","Shrug It Off+1","Body Slam+1","Battle Trance","Entrench+1","Clothesline","Dropkick","Juggernaut","Whirlwind","Power Through+1","True Grit+1","Uppercut+1"],"relics":["Burning Blood","Vajra","Blood Vial","PreservedInsect","Whetstone","Mark of Pain","Letter Opener"],"potions_floor_usage":[7,7,13,16,22,27,33],"damage_taken":[{"damage":2,"enemies":"Small Slimes","floor":1,"turns":4},{"damage":1,"enemies":"Cultist","floor":3,"turns":4},{"damage":10,"enemies":"2 Louse","floor":4,"turns":3},{"damage":10,"enemies":"Lagavulin","floor":7,"turns":4},{"damage":4,"enemies":"Looter","floor":8,"turns":4},{"damage":1,"enemies":"2 Fungi Beasts","floor":10,"turns":4},{"damage":22,"enemies":"3 Sentries","floor":13,"turns":8},{"damage":26,"enemies":"The Guardian","floor":16,"turns":12},{"damage":7,"enemies":"2 Thieves","floor":18,"turns":4},{"damage":9,"enemies":"Chosen","floor":19,"turns":4},{"damage":11,"enemies":"Centurion and Healer","floor":22,"turns":6},{"damage":6,"enemies":"Colosseum Slavers","floor":27,"turns":5},{"damage":21,"enemies":"Shelled Parasite and Fungi","floor":28,"turns":4},{"damage":18,"enemies":"Cultist and Chosen","floor":29,"turns":6},{"damage":91,"enemies":"Automaton","floor":33,"turns":8}],"seed_played":"9137364577701871583","potions_obtained":[{"floor":3,"key":"Energy Potion"},{"floor":4,"key":"SpeedPotion"},{"floor":7,"key":"SteroidPotion"},{"floor":13,"key":"Dexterity Potion"},{"floor":16,"key":"SpeedPotion"},{"floor":18,"key":"Ancient Potion"},{"floor":22,"key":"AttackPotion"},{"floor":28,"key":"LiquidBronze"}],"is_trial":false,"path_per_floor":["M","?","M","M","?","R","E","M","T","M","R","?","E","$","R","B",null,"M","M","?","?","M","R","$","R","T","?","M","M","R","$","R","B"],"character_chosen":"IRONCLAD","items_purchased":["Whetstone","Dropkick","AttackPotion"],"campfire_rested":3,"item_purchase_floors":[14,14,31],"current_hp_per_floor":[80,80,80,76,80,80,76,78,78,80,80,85,69,69,85,65,80,81,80,80,64,61,61,61,88,88,90,75,65,90,90,90,0],"gold":13,"neow_bonus":"UPGRADE_CARD","is_prod":false,"is_daily":false,"chose_seed":false,"campfire_upgraded":4,"win_rate":0,"timestamp":1551055704,"path_taken":["M","?","?","M","?","R","E","M","T","?","R","?","E","$","R","BOSS","M","M","?","?","M","R","$","R","T","?","M","M","R","?","R","BOSS"],"build_version":"2019-01-23","purchased_purges":1,"victory":false,"max_hp_per_floor":[80,80,80,80,80,80,80,80,80,80,80,85,85,85,85,85,85,85,85,85,90,90,90,90,90,90,90,90,90,90,90,90,90],"card_choices":[{"not_picked":["Clash","Flex"],"picked":"Searing Blow","floor":1},{"not_picked":["Reckless Charge","True Grit"],"picked":"Shrug It Off","floor":3},{"not_picked":["Evolve","Warcry"],"picked":"Body Slam","floor":4},{"not_picked":["Immolate","Body Slam"],"picked":"Battle Trance","floor":7},{"not_picked":["Combust","Heavy Blade"],"picked":"Entrench","floor":8},{"not_picked":["Shrug It Off","Flame Barrier"],"picked":"Clothesline","floor":10},{"not_picked":["Perfected Strike","Shockwave","Brutality"],"picked":"SKIP","floor":13},{"not_picked":["Offering","Fiend Fire"],"picked":"Juggernaut","floor":16},{"not_picked":["Clothesline","True Grit+1"],"picked":"Whirlwind","floor":18},{"not_picked":["Headbutt","Pummel"],"picked":"Power Through+1","floor":19},{"not_picked":["Thunderclap","Heavy Blade"],"picked":"True Grit+1","floor":22},{"not_picked":["Searing Blow","Rage","Warcry+1"],"picked":"SKIP","floor":28},{"not_picked":["Sentinel","Heavy Blade"],"picked":"Uppercut+1","floor":29}],"player_experience":360834,"relics_obtained":[{"floor":7,"key":"Vajra"},{"floor":9,"key":"Blood Vial"},{"floor":13,"key":"PreservedInsect"},{"floor":26,"key":"Letter Opener"}],"event_choices":[{"cards_removed":["Searing Blow"],"damage_healed":0,"gold_gain":0,"player_choice":"Offered Uncommon","damage_taken":0,"max_hp_gain":0,"max_hp_loss":0,"event_name":"Bonfire Elementals","floor":2,"gold_loss":0},{"damage_healed":4,"gold_gain":0,"player_choice":"Full Heal","damage_taken":0,"max_hp_gain":0,"max_hp_loss":0,"event_name":"Wheel of Change","floor":5,"gold_loss":0},{"damage_healed":0,"gold_gain":0,"player_choice":"Donut","damage_taken":0,"max_hp_gain":5,"max_hp_loss":0,"event_name":"Big Fish","floor":12,"gold_loss":0},{"cards_removed":["Strike_R"],"damage_healed":0,"gold_gain":0,"player_choice":"Gave Gold","damage_taken":0,"max_hp_gain":0,"max_hp_loss":0,"event_name":"Beggar","floor":20,"gold_loss":75},{"damage_healed":0,"gold_gain":0,"player_choice":"Shed Blood","damage_taken":21,"max_hp_gain":5,"max_hp_loss":0,"event_name":"Forgotten Altar","floor":21,"gold_loss":0},{"damage_healed":0,"gold_gain":0,"player_choice":"Fight","damage_taken":0,"max_hp_gain":0,"max_hp_loss":0,"event_name":"Colosseum","floor":27,"gold_loss":0},{"damage_healed":0,"gold_gain":0,"player_choice":"Fled From Nobs","damage_taken":0,"max_hp_gain":0,"max_hp_loss":0,"event_name":"Colosseum","floor":27,"gold_loss":0}],"is_beta":false,"boss_relics":[{"not_picked":["Coffee Dripper","White Beast Statue"],"picked":"Mark of Pain"}],"items_purged_floors":[24],"is_endless":false,"potions_floor_spawned":[3,4,7,13,16,18,22,28],"killed_by":"Automaton","ascension_level":5}