{"path_per_floor":["M","M","?","?","$","E","R","E","T","R","M","E","M","M","R","B",null,"M","M","?","?","M","E","?"],"character_chosen":"DEFECT","items_purchased":["BootSequence","Capacitor"],"gold_per_floor":[115,130,205,205,21,47,47,80,80,80,99,125,139,153,153,252,252,264,277,277,277,291,324,324,324],"floor_reached":25,"campfire_rested":1,"playtime":1570,"item_purchase_floors":[5,5],"current_hp_per_floor":[73,67,56,49,49,41,41,17,17,17,17,10,5,5,29,29,82,71,54,54,38,7,8,8,0],"items_purged":["Strike_B"],"gold":324,"score":291,"play_id":"8eb082c1-7387-4c74-aba9-0700b43b90c6","local_time":"20180605154011","is_prod":false,"is_daily":false,"chose_seed":false,"is_ascension_mode":false,"campfire_upgraded":2,"win_rate":0.0,"timestamp":1528206011,"campfire_choices":[{"data":"Electrodynamics","floor":7,"key":"SMITH"},{"data":"Cold Snap","floor":10,"key":"SMITH"},{"floor":15,"key":"REST"}],"path_taken":["M","M","?","?","?","E","R","E","T","R","M","E","?","M","R","BOSS","M","M","?","?","M","E","?","M"],"build_version":"2018-05-31","seed_source_timestamp":311813792028330,"purchased_purges":1,"victory":false,"master_deck":["Strike_B+1","Strike_B","Strike_B","Defend_B","Defend_B","Defend_B","Defend_B","Zap","Dualcast","Blizzard+1","Cold Snap+1","BootSequence","Capacitor","Electrodynamics+1","Sunder+1","FTL+1","Tempest","Machine Learning+1","Chill","Consume","Doom and Gloom+1","BootSequence+1","Writhe"],"max_hp_per_floor":[75,75,75,75,75,75,75,75,75,75,75,82,82,82,82,82,82,82,82,82,82,82,82,82,82],"relics":["Cracked Core","Boot","Question Card","Molten Egg 2","Centennial Puzzle","Calipers","Strawberry","Lizard Tail","Nilry\u0027s Codex","Whetstone","Oddly Smooth Stone"],"card_choices":[{"not_picked":["Go for the Eyes","Streamline"],"picked":"Blizzard","floor":1},{"not_picked":["Ball Lightning","Hologram"],"picked":"Cold Snap","floor":2},{"not_picked":["Static Discharge","Heatsinks","Hello World"],"picked":"Electrodynamics","floor":6},{"not_picked":["Turbo","Streamline+1","Capacitor"],"picked":"Sunder+1","floor":8},{"not_picked":["Genetic Algorithm","Coolheaded","Tempest"],"picked":"FTL+1","floor":11},{"not_picked":["Genetic Algorithm","Coolheaded","Cold Snap+1","Aggregate"],"picked":"SKIP","floor":12},{"not_picked":["Compile Driver+1","Coolheaded","Go for the Eyes+1","Aggregate"],"picked":"SKIP","floor":13},{"not_picked":["Rebound+1","Go for the Eyes+1","Turbo"],"picked":"Tempest","floor":14},{"not_picked":["Rainbow","Reboot","Meteor Strike+1"],"picked":"Machine Learning","floor":16},{"not_picked":["Cold Snap+1","Gash+1","Turbo"],"picked":"Chill","floor":18},{"not_picked":["Reinforced Body","Blizzard+1","Go for the Eyes+1"],"picked":"Consume","floor":19},{"not_picked":["Steam Power","Stack","Beam Cell+1"],"picked":"Doom and Gloom+1","floor":22},{"not_picked":["Coolheaded","Hello World+1","Beam Cell+1"],"picked":"BootSequence+1","floor":23}],"player_experience":317379,"potions_floor_usage":[23,23],"damage_taken":[{"damage":2,"enemies":"Jaw Worm","floor":1,"turns":4},{"damage":6,"enemies":"2 Louse","floor":2,"turns":2},{"damage":8,"enemies":"3 Sentries","floor":6,"turns":9},{"damage":24,"enemies":"Gremlin Nob","floor":8,"turns":4},{"damage":0,"enemies":"Cultist","floor":11,"turns":3},{"damage":14,"enemies":"Lagavulin","floor":12,"turns":5},{"damage":5,"enemies":"Looter","floor":13,"turns":3},{"damage":0,"enemies":"Gremlin Gang","floor":14,"turns":2},{"damage":0,"enemies":"Slime Boss","floor":16,"turns":6},{"damage":11,"enemies":"Chosen","floor":18,"turns":4},{"damage":17,"enemies":"Spheric Guardian","floor":19,"turns":4},{"damage":31,"enemies":"Slaver and Parasite","floor":22,"turns":7},{"damage":41,"enemies":"Slavers","floor":23,"turns":4},{"damage":16,"enemies":"Cultist and Chosen","floor":25,"turns":4}],"relics_obtained":[{"floor":6,"key":"Molten Egg 2"},{"floor":8,"key":"Centennial Puzzle"},{"floor":9,"key":"Calipers"},{"floor":12,"key":"Strawberry"},{"floor":21,"key":"Nilry\u0027s Codex"},{"floor":23,"key":"Whetstone"}],"event_choices":[{"event_name":"World of Goop","player_choice":"Gather Gold","floor":3,"damage_taken":0},{"event_name":"Scrap Ooze","player_choice":"success","floor":4,"damage_taken":7},{"event_name":"Upgrade Shrine","player_choice":"Upgraded","floor":20,"damage_taken":0},{"event_name":"Cursed Tome","player_choice":"Obtained Book","floor":21,"damage_taken":0},{"event_name":"The Mausoleum","player_choice":"Yes","floor":24,"damage_taken":0}],"boss_relics":[{"not_picked":["Orrery","Eternal Feather"],"picked":"Lizard Tail"}],"items_purged_floors":[5],"potions_floor_spawned":[8,13,14,16,18,22,23],"seed_played":"-5315742926991654183","killed_by":"Cultist and Chosen","ascension_level":0,"potions_obtained":[{"floor":8,"key":"FearPotion"},{"floor":13,"key":"Weak Potion"},{"floor":14,"key":"Swift Potion"},{"floor":22,"key":"FocusPotion"},{"floor":23,"key":"SpeedPotion"}],"is_trial":false}