{"gold_per_floor":[118,134,149,149,99,129,129,143,143,143,168,55,71,84,84,210,210,231,250,269,288,338,374,374,388,412,468,505,517,529,555,567,682,694,723,735,217,229,82,107,107,122,122,175,192,192,209,221,221,221],"floor_reached":51,"playtime":4906,"items_purged":["Strike_G","Pain"],"score":800,"play_id":"06047e31-b16e-4f35-a551-2b3b146c9504","local_time":"20181003123418","is_ascension_mode":false,"campfire_choices":[{"data":"Accuracy","floor":10,"key":"SMITH"},{"floor":15,"key":"REST"},{"data":"Adrenaline","floor":24,"key":"SMITH"},{"floor":30,"key":"REST"},{"data":"Neutralize","floor":32,"key":"SMITH"},{"floor":41,"key":"REST"},{"data":"Storm of Steel","floor":46,"key":"SMITH"},{"data":"Panache","floor":49,"key":"SMITH"}],"neow_cost":"NONE","seed_source_timestamp":277874442664193,"circlet_count":0,"master_deck":["Survivor+1","Neutralize+1","Accuracy+1","Acrobatics+1","Blade Dance+1","Bouncing Flask+1","Backflip+1","Deflect+1","Dodge and Roll+1","Well Laid Plans+1","Cloak And Dagger+1","Escape Plan+1","Adrenaline+1","Noxious Fumes+1","Blade Dance+1","Footwork+1","Backflip+1","Infinite Blades+1","Backstab+1","Accuracy+1","Acrobatics+1","Tactician+1","All Out Attack+1","Dagger Spray+1","Endless Agony+1","Backflip+1","Noxious Fumes+1","Panache+1","Bane","Prepared+1","Quick Slash+1","Storm of Steel+1","Regret","Prepared+1","Tactician+1","Terror","Bouncing Flask+1"],"relics":["Ring of the Snake","Mango","Bloody Idol","Paper Crane","Cursed Key","Question Card","MawBank","Ginger","Pandora\u0027s Box","Mark of the Bloom","Orichalcum","Strawberry","Mummified Hand","PreservedInsect","Torii"],"potions_floor_usage":[11,14,16,23,23,25,27,40,48,50,50],"damage_taken":[{"damage":0,"enemies":"2 Louse","floor":1,"turns":3},{"damage":2,"enemies":"Small Slimes","floor":2,"turns":4},{"damage":0,"enemies":"Cultist","floor":3,"turns":5},{"damage":17,"enemies":"Lagavulin","floor":6,"turns":8},{"damage":3,"enemies":"Large Slime","floor":8,"turns":11},{"damage":4,"enemies":"Exordium Wildlife","floor":11,"turns":6},{"damage":8,"enemies":"Exordium Thugs","floor":13,"turns":6},{"damage":0,"enemies":"Large Slime","floor":14,"turns":8},{"damage":13,"enemies":"The Guardian","floor":16,"turns":16},{"damage":1,"enemies":"Shell Parasite","floor":18,"turns":7},{"damage":2,"enemies":"Chosen","floor":19,"turns":5},{"damage":0,"enemies":"3 Cultists","floor":20,"turns":6},{"damage":20,"enemies":"Snecko","floor":21,"turns":6},{"damage":0,"enemies":"Gremlin Leader","floor":23,"turns":9},{"damage":0,"enemies":"Cultist and Chosen","floor":25,"turns":7},{"damage":15,"enemies":"Book of Stabbing","floor":27,"turns":6},{"damage":15,"enemies":"Shelled Parasite and Fungi","floor":28,"turns":5},{"damage":10,"enemies":"Centurion and Healer","floor":31,"turns":6},{"damage":27,"enemies":"Collector","floor":33,"turns":8},{"damage":4,"enemies":"3 Darklings","floor":35,"turns":4},{"damage":0,"enemies":"Orb Walker","floor":38,"turns":2},{"damage":38,"enemies":"Nemesis","floor":40,"turns":5},{"damage":9,"enemies":"Maw","floor":42,"turns":4},{"damage":0,"enemies":"Mysterious Sphere","floor":44,"turns":3},{"damage":2,"enemies":"Reptomancer","floor":45,"turns":2},{"damage":0,"enemies":"Transient","floor":47,"turns":5},{"damage":4,"enemies":"Sphere and 2 Shapes","floor":48,"turns":3},{"damage":11,"enemies":"Donu and Deca","floor":50,"turns":4}],"seed_played":"2950688950126748315","potions_obtained":[{"floor":1,"key":"SteroidPotion"},{"floor":8,"key":"Regen Potion"},{"floor":13,"key":"SkillPotion"},{"floor":16,"key":"Block Potion"},{"floor":20,"key":"GamblersBrew"},{"floor":21,"key":"Weak Potion"},{"floor":23,"key":"Energy Potion"},{"floor":27,"key":"LiquidBronze"},{"floor":31,"key":"Strength Potion"},{"floor":40,"key":"AttackPotion"},{"floor":42,"key":"Poison Potion"},{"floor":44,"key":"Block Potion"}],"is_trial":false,"path_per_floor":["M","M","M","?","?","E","?","M","T","R","M","$","M","M","R","B",null,"M","M","M","M","?","E","R","M","T","E","M","?","R","M","R","B",null,"M","?","$","M","$","E","R","M","T","?","M","R","M","M","R","B"],"character_chosen":"THE_SILENT","items_purchased":["Well Laid Plans","Panache","Bane","Orichalcum","EssenceOfSteel","Strawberry"],"campfire_rested":3,"item_purchase_floors":[12,37,37,37,37,39],"current_hp_per_floor":[70,68,68,61,61,58,58,55,55,55,63,63,55,55,78,65,78,77,75,75,55,55,55,55,55,55,40,25,25,53,53,58,41,78,78,78,78,78,78,40,40,31,31,31,29,29,29,25,25,14],"gold":221,"neow_bonus":"TRANSFORM_CARD","is_prod":false,"is_daily":false,"chose_seed":false,"campfire_upgraded":5,"win_rate":0,"timestamp":1538562858,"path_taken":["M","M","M","?","?","E","?","M","T","R","M","?","M","M","R","BOSS","M","M","?","M","?","E","R","M","T","E","M","?","R","M","R","BOSS","M","?","$","M","?","E","R","M","T","?","M","R","M","M","R","BOSS"],"build_version":"2018-09-27","purchased_purges":2,"victory":true,"max_hp_per_floor":[70,70,70,70,70,84,78,78,78,78,78,78,78,78,78,78,78,78,78,78,78,78,78,78,78,78,78,78,78,78,78,78,78,78,78,78,78,78,85,85,85,85,85,85,85,85,85,85,85,85],"card_choices":[{"not_picked":["Calculated Gamble","Dagger Throw"],"picked":"Acrobatics","floor":1},{"not_picked":["Quick Slash","Dodge and Roll"],"picked":"Blade Dance","floor":2},{"not_picked":["Catalyst","Sucker Punch"],"picked":"Bouncing Flask","floor":3},{"not_picked":["Sucker Punch","Outmaneuver"],"picked":"Backflip","floor":6},{"not_picked":["Sucker Punch","Dodge and Roll"],"picked":"Deflect","floor":8},{"not_picked":["Poisoned Stab","Doppelganger"],"picked":"Dodge and Roll","floor":11},{"not_picked":["Deadly Poison","Escape Plan"],"picked":"Cloak And Dagger","floor":13},{"not_picked":["Dagger Spray","Deflect"],"picked":"Escape Plan","floor":14},{"not_picked":["Doppelganger","Unload"],"picked":"Adrenaline","floor":16},{"not_picked":["Reflex+1","Calculated Gamble"],"picked":"Noxious Fumes","floor":18},{"not_picked":["Dagger Spray+1","Dash"],"picked":"Blade Dance","floor":19},{"not_picked":["Deadly Poison","Choke+1"],"picked":"Footwork+1","floor":20},{"not_picked":["Crippling Poison","Flechettes","Dodge and Roll"],"picked":"SKIP","floor":21},{"not_picked":["Dagger Spray","Distraction"],"picked":"Backflip+1","floor":23},{"not_picked":["Prepared","Heel Hook","Glass Knife"],"picked":"Infinite Blades+1","floor":25},{"not_picked":["Expertise+1","Flying Knee","Flechettes"],"picked":"Backstab","floor":27},{"not_picked":["Sucker Punch+1","Deflect","Dodge and Roll+1","Slice"],"picked":"SKIP","floor":28},{"not_picked":["Backflip","Deadly Poison","Skewer"],"picked":"Accuracy+1","floor":31},{"not_picked":["Poisoned Stab","Skewer","Prepared"],"picked":"Noxious Fumes","floor":35},{"not_picked":["Quick Slash","Sucker Punch+1","Flechettes+1"],"picked":"Prepared+1","floor":38},{"not_picked":["Crippling Poison","Outmaneuver","Expertise"],"picked":"Quick Slash+1","floor":40},{"not_picked":["Outmaneuver","Slice+1","Dagger Spray+1"],"picked":"Storm of Steel","floor":42},{"not_picked":["Bane+1","Dodge and Roll+1","Distraction"],"picked":"Prepared+1","floor":44},{"not_picked":["Dodge and Roll+1","Poisoned Stab","Deadly Poison"],"picked":"Tactician+1","floor":45},{"not_picked":["Cloak And Dagger+1","Flying Knee","Quick Slash+1"],"picked":"Terror","floor":47},{"not_picked":["Die Die Die","Underhanded Strike+1","Endless Agony+1"],"picked":"Bouncing Flask+1","floor":48}],"player_experience":70113,"relics_obtained":[{"floor":6,"key":"Mango"},{"floor":9,"key":"Paper Crane"},{"floor":23,"key":"Question Card"},{"floor":26,"key":"MawBank"},{"floor":27,"key":"Ginger"},{"floor":40,"key":"Mummified Hand"},{"floor":43,"key":"PreservedInsect"},{"floor":44,"key":"Torii"}],"event_choices":[{"event_name":"Golden Wing","player_choice":"Card Removal","floor":4,"damage_taken":0},{"event_name":"The Cleric","player_choice":"Card Removal","floor":5,"damage_taken":0},{"event_name":"Golden Idol","player_choice":"Lose Max HP","floor":7,"damage_taken":0},{"event_name":"The Joust","player_choice":"Bet on Murderer","floor":22,"damage_taken":0},{"event_name":"Forgotten Altar","player_choice":"Gave Idol","floor":29,"damage_taken":0},{"event_name":"MindBloom","player_choice":"Upgrade","floor":36,"damage_taken":0},{"event_name":"Mysterious Sphere","player_choice":"Fight","floor":44,"damage_taken":0}],"is_beta":false,"boss_relics":[{"not_picked":["Sozu","Ring of the Serpent"],"picked":"Cursed Key"},{"not_picked":["Velvet Choker","Busted Crown"],"picked":"Pandora\u0027s Box"}],"items_purged_floors":[12,37],"is_endless":false,"potions_floor_spawned":[1,8,13,16,20,21,23,27,31,40,42,44],"ascension_level":0}