{"path_per_floor":["M","?","M","?","?","E","R","E","T","R","M","M","$","M","R","B",null,"M","?","?","M","M","R","E","R","T","$","R","M","E","?","R","B",null,"M","?","M","M","?","R"],"character_chosen":"IRONCLAD","items_purchased":["Metallicize","Red Skull"],"gold_per_floor":[119,119,129,129,129,156,156,190,190,190,204,223,79,93,93,192,192,207,207,407,418,428,428,458,458,458,68,68,81,108,108,108,210,210,230,0,16,28,28,28],"floor_reached":41,"campfire_rested":0,"playtime":2825,"current_hp_per_floor":[80,80,80,80,80,60,60,68,68,68,76,80,80,80,80,55,80,80,80,80,80,80,80,61,61,75,75,75,47,45,45,45,41,94,94,94,73,40,40,40],"items_purged":["Strike_R","Writhe"],"gold":28,"score":439,"play_id":"fe5d9eb8-79e6-47b2-8e2f-f9be3e166d2f","is_prod":false,"is_daily":false,"is_ascension_mode":false,"campfire_upgraded":5,"path_taken":["M","?","M","?","?","E","R","E","T","R","M","M","?","?","R","BOSS","M","?","?","?","M","R","E","R","T","$","R","M","E","?","R","BOSS","M","?","M","M","?","R","?"],"build_version":"2018-02-15-PROD1","purchased_purges":2,"victory":false,"master_deck":["Strike_R","Strike_R","Strike_R","Defend_R","Defend_R","Bash","Uppercut+1","Bludgeon+1","Dropkick+1","Rage+1","Flame Barrier+1","Whirlwind","Metallicize+1","Demon Form","Blood for Blood","Armaments+1","Clothesline","Demon Form","Uppercut+1","Battle Trance+1","Sever Soul+1","Limit Break+1","Flex+1"],"max_hp_per_floor":[80,80,80,80,80,80,80,80,80,80,80,80,80,80,80,80,80,80,80,80,80,80,80,80,80,94,94,94,94,94,94,94,94,94,94,94,94,94,94,94],"relics":["Black Blood","Bag of Marbles","Blood Vial","Meat on the Bone","Dodecahedron","Shovel","Self Forming Clay","Ginger","Toolbox","Mango","Red Skull","Toxic Egg 2","Pen Nib","Astrolabe","Red Mask"],"card_choices":[{"not_picked":["Cleave","Clothesline"],"picked":"Uppercut"},{"not_picked":["True Grit","Shrug It Off"],"picked":"Bludgeon"},{"not_picked":["Perfected Strike","Sever Soul"],"picked":"Dropkick"},{"not_picked":["Armaments","Bloodletting"],"picked":"Rage"},{"not_picked":["Seeing Red","Searing Blow"],"picked":"Flame Barrier"},{"not_picked":["Wild Strike","Flex"],"picked":"Whirlwind"},{"not_picked":["Juggernaut","Offering"],"picked":"Demon Form"},{"not_picked":["Hemokinesis","Rage"],"picked":"Blood for Blood"},{"not_picked":["Evolve","Havoc"],"picked":"Armaments"},{"not_picked":["Wild Strike","Warcry"],"picked":"Clothesline"},{"not_picked":["Searing Blow","Perfected Strike"],"picked":"Demon Form"},{"not_picked":["Whirlwind","Thunderclap"],"picked":"Uppercut"},{"not_picked":["Twin Strike","Havoc"],"picked":"Flex"}],"player_experience":106598,"potions_floor_usage":[16,21,24,29,38,38,41],"damage_taken":[{"damage":0,"enemies":"Small Slimes","floor":1,"turns":5},{"damage":0,"enemies":"Cultist","floor":3,"turns":3},{"damage":26,"enemies":"3 Sentries","floor":6,"turns":9},{"damage":0,"enemies":"Gremlin Nob","floor":8,"turns":2},{"damage":0,"enemies":"2 Louse","floor":11,"turns":1},{"damage":3,"enemies":"2 Fungi Beasts","floor":12,"turns":4},{"damage":0,"enemies":"Large Slime","floor":14,"turns":3},{"damage":31,"enemies":"Hexaghost","floor":16,"turns":9},{"damage":4,"enemies":"Shell Parasite","floor":18,"turns":4},{"damage":7,"enemies":"Chosen","floor":21,"turns":5},{"damage":0,"enemies":"Snecko","floor":22,"turns":4},{"damage":53,"enemies":"Slavers","floor":24,"turns":7},{"damage":52,"enemies":"Cultist and Chosen","floor":29,"turns":9},{"damage":26,"enemies":"Book of Stabbing","floor":30,"turns":8},{"damage":28,"enemies":"Champ","floor":33,"turns":9},{"damage":0,"enemies":"Orb Walker","floor":35,"turns":2},{"damage":31,"enemies":"3 Darklings","floor":37,"turns":6},{"damage":57,"enemies":"Sphere and 2 Shapes","floor":38,"turns":6},{"damage":44,"enemies":"Maw","floor":41,"turns":8}],"event_choices":[{"event_name":"Upgrade Shrine","player_choice":"Upgraded","floor":2,"damage_taken":0},{"event_name":"Accursed Blacksmith","player_choice":"Rummage","floor":4,"damage_taken":0},{"event_name":"Living Wall","player_choice":"Forget","floor":5,"damage_taken":0},{"event_name":"The Mausoleum","player_choice":"Yes","floor":19,"damage_taken":0},{"event_name":"The Joust","player_choice":"Bet on Owner","floor":20,"damage_taken":0},{"event_name":"The Library","player_choice":"Read","floor":31,"damage_taken":0},{"event_name":"Tomb of Lord Red Mask","player_choice":"Paid","floor":36,"damage_taken":0}],"boss_relics":[{"not_picked":["White Beast Statue","Calling Bell"],"picked":"Black Blood"},{"not_picked":["Eternal Feather","Tiny House"],"picked":"Astrolabe"}],"potions_floor_spawned":[11,12,16,18,24,37,38],"seed_played":"-896423383662523322","killed_by":"Maw","ascension_level":0,"is_trial":false}