{"path_per_floor":["M","?","?","?","M","E","R","$","T","M","M","$","R","M","R","B",null,"M","M","M","M","?"],"character_chosen":"IRONCLAD","items_purchased":["Body Slam"],"gold_per_floor":[113,113,113,113,133,164,164,40,40,54,73,73,73,92,92,188,188,188,143,143,143,143],"floor_reached":23,"campfire_rested":0,"playtime":1865,"current_hp_per_floor":[80,80,80,73,78,60,60,60,60,66,69,69,69,48,48,26,80,80,80,80,80,80],"items_purged":["Strike_R"],"gold":143,"score":193,"play_id":"8ad5b7a7-49ec-4075-b3c3-c50dfb464b78","is_prod":false,"is_daily":false,"is_ascension_mode":false,"campfire_upgraded":3,"path_taken":["M","?","?","?","M","E","R","?","T","?","M","$","R","M","R","BOSS","M","M","M","?","?","E"],"build_version":"2018-02-15-PROD1","purchased_purges":1,"victory":false,"master_deck":["Strike_R+1","Strike_R","Strike_R","Defend_R","Defend_R","Defend_R","Defend_R","Bash+1","Infernal Blade+1","Iron Wave+1","Body Slam+1","Barricade","Body Slam+1"],"max_hp_per_floor":[80,80,80,80,80,80,80,80,80,80,80,80,80,80,80,80,80,80,80,80,80,80],"relics":["Burning Blood","Thread and Needle","Whetstone","Frozen Eye","Ectoplasm"],"card_choices":[{"not_picked":["Twin Strike","Corruption"],"picked":"Infernal Blade"},{"not_picked":["Flex","True Grit"],"picked":"Iron Wave"},{"not_picked":["Reaper","Demon Form"],"picked":"Barricade"},{"not_picked":["Cleave","Heavy Blade"],"picked":"Body Slam"}],"player_experience":91160,"potions_floor_usage":[16,19,23],"damage_taken":[{"damage":2,"enemies":"Jaw Worm","floor":1,"turns":6},{"damage":1,"enemies":"2 Louse","floor":5,"turns":3},{"damage":24,"enemies":"Gremlin Nob","floor":6,"turns":5},{"damage":0,"enemies":"Small Slimes","floor":10,"turns":2},{"damage":3,"enemies":"3 Louse","floor":11,"turns":3},{"damage":27,"enemies":"Gremlin Gang","floor":14,"turns":7},{"damage":28,"enemies":"Slime Boss","floor":16,"turns":13},{"damage":6,"enemies":"3 Byrds","floor":18,"turns":6},{"damage":2,"enemies":"2 Thieves","floor":19,"turns":4},{"damage":6,"enemies":"Centurion and Healer","floor":20,"turns":7},{"damage":0,"enemies":"Snecko","floor":21,"turns":5},{"damage":80,"enemies":"Slavers","floor":23,"turns":7}],"event_choices":[{"event_name":"Living Wall","player_choice":"Forget","floor":2,"damage_taken":0},{"event_name":"Wheel of Change","player_choice":"Curse","floor":3,"damage_taken":0},{"event_name":"Golden Wing","player_choice":"Card Removal","floor":4,"damage_taken":0},{"event_name":"Bonfire Elementals","player_choice":"BASIC","floor":22,"damage_taken":0}],"boss_relics":[{"not_picked":["Astrolabe","Eternal Feather"],"picked":"Ectoplasm"}],"potions_floor_spawned":[6,14,19],"seed_played":"1456195761883422794","killed_by":"Slavers","ascension_level":0,"is_trial":false}