{"gold_per_floor":[115,70,87,102,102,102,102,131,131,131,151,151,151,163,163,266,266,286,298,81,95,95,95,110,110,110,129,140,65,65,76,76,177,177,191,201,201,214,234,234,252,252,252,252,252,262,274,30,30,30],"floor_reached":50,"playtime":2550,"items_purged":[],"score":448,"play_id":"7f78da3b-4265-4995-8b5d-670095d08efd","local_time":"20190215192523","is_ascension_mode":false,"campfire_choices":[{"data":"Mayhem","floor":6,"key":"SMITH"},{"floor":10,"key":"REST"},{"data":"Zap","floor":13,"key":"SMITH"},{"floor":15,"key":"REST"},{"floor":23,"key":"REST"},{"data":"Leap","floor":25,"key":"SMITH"},{"data":"Ball Lightning","floor":30,"key":"SMITH"},{"data":"Double Energy","floor":32,"key":"SMITH"},{"floor":40,"key":"REST"},{"floor":42,"key":"REST"},{"data":"Buffer","floor":45,"key":"SMITH"},{"floor":49,"key":"REST"}],"neow_cost":"TEN_PERCENT_HP_LOSS","seed_source_timestamp":24437545515514,"circlet_count":0,"master_deck":["Strike_B+1","Strike_B+1","Defend_B+1","Defend_B+1","Defend_B+1","Defend_B+1","Zap+1","Dualcast","Mayhem+1","Impatience","Rebound","Ball Lightning+1","Scrape","Rebound","Ball Lightning","Streamline","Capacitor","Seek","Coolheaded","Go for the Eyes","Leap+1","Self Repair+1","Chill","Stack","Double Energy+1","Buffer+1","Sweeping Beam+1","Conserve Battery+1","Dark Shackles","Steam","Beam Cell+1","Hologram+1","Reinforced Body"],"relics":["Cracked Core","Meat on the Bone","Kunai","Sundial","Inserter","Medical Kit","Oddly Smooth Stone","Velvet Choker","Mango","Runic Capacitor"],"potions_floor_usage":[8,8,16,31,33,33,38,38,39,47,50],"damage_taken":[{"damage":0,"enemies":"Cultist","floor":1,"turns":4},{"damage":7,"enemies":"2 Louse","floor":3,"turns":2},{"damage":6,"enemies":"Jaw Worm","floor":4,"turns":2},{"damage":10,"enemies":"3 Sentries","floor":8,"turns":6},{"damage":5,"enemies":"Looter","floor":11,"turns":3},{"damage":2,"enemies":"Blue Slaver","floor":14,"turns":3},{"damage":44,"enemies":"Hexaghost","floor":16,"turns":6},{"damage":5,"enemies":"Chosen","floor":18,"turns":4},{"damage":31,"enemies":"3 Byrds","floor":19,"turns":5},{"damage":9,"enemies":"Cultist and Chosen","floor":21,"turns":5},{"damage":2,"enemies":"Snecko","floor":24,"turns":5},{"damage":5,"enemies":"Chosen and Byrds","floor":27,"turns":7},{"damage":7,"enemies":"Cultist and Chosen","floor":28,"turns":7},{"damage":1,"enemies":"3 Cultists","floor":31,"turns":6},{"damage":71,"enemies":"Champ","floor":33,"turns":11},{"damage":23,"enemies":"Orb Walker","floor":35,"turns":5},{"damage":19,"enemies":"3 Shapes","floor":36,"turns":4},{"damage":6,"enemies":"Jaw Worm Horde","floor":38,"turns":7},{"damage":26,"enemies":"Sphere and 2 Shapes","floor":39,"turns":9},{"damage":19,"enemies":"Transient","floor":41,"turns":5},{"damage":0,"enemies":"Jaw Worm Horde","floor":46,"turns":5},{"damage":20,"enemies":"Sphere and 2 Shapes","floor":47,"turns":7},{"damage":97,"enemies":"Time Eater","floor":50,"turns":7}],"seed_played":"9039926807849798030","potions_obtained":[{"floor":1,"key":"SkillPotion"},{"floor":4,"key":"Weak Potion"},{"floor":11,"key":"FearPotion"},{"floor":24,"key":"FearPotion"},{"floor":27,"key":"Fire Potion"},{"floor":31,"key":"Regen Potion"},{"floor":33,"key":"Dexterity Potion"},{"floor":35,"key":"SpeedPotion"},{"floor":36,"key":"Dexterity Potion"},{"floor":46,"key":"Block Potion"}],"is_trial":false,"path_per_floor":["M","$","M","M","?","R","?","E","T","R","M","?","R","M","R","B",null,"M","M","$","M","?","R","M","R","T","M","M","?","R","M","R","B",null,"M","M","?","M","M","R","M","R","T","?","R","M","M","$","R","B"],"character_chosen":"DEFECT","items_purchased":["Ball Lightning","Medical Kit","Leap","Runic Capacitor","Dexterity Potion"],"campfire_rested":6,"item_purchase_floors":[2,20,20,48,48],"current_hp_per_floor":[68,68,61,55,48,48,30,32,32,52,47,47,47,45,65,33,68,63,44,44,35,35,55,63,63,63,68,68,68,68,68,68,34,68,55,46,46,50,46,66,47,67,81,81,81,82,72,72,82,0],"gold":30,"neow_bonus":"RANDOM_COLORLESS_2","is_prod":false,"is_daily":false,"chose_seed":false,"campfire_upgraded":6,"win_rate":0,"timestamp":1550280323,"path_taken":["M","$","M","?","?","R","?","E","T","R","M","?","R","M","R","BOSS","M","M","$","M","?","R","M","R","T","M","M","?","R","M","R","BOSS","M","M","?","M","M","R","M","R","T","?","R","M","M","?","R","BOSS"],"build_version":"2019-01-23","purchased_purges":0,"victory":false,"max_hp_per_floor":[68,68,68,68,68,68,68,68,68,68,68,68,68,68,68,68,68,68,68,68,68,68,68,68,68,68,68,68,68,68,68,68,68,68,68,68,68,68,68,68,68,68,82,82,82,82,82,82,82,82],"card_choices":[{"not_picked":["Barrage","Melter"],"picked":"Rebound","floor":1},{"not_picked":["Reprogram","Turbo"],"picked":"Scrape","floor":3},{"not_picked":["Sweeping Beam","Turbo"],"picked":"Rebound","floor":4},{"not_picked":["Rip and Tear","Darkness"],"picked":"Ball Lightning","floor":8},{"not_picked":["Hologram","Rebound"],"picked":"Streamline","floor":11},{"not_picked":["Turbo","Sweeping Beam"],"picked":"Capacitor","floor":14},{"not_picked":["Hyperbeam","Rainbow"],"picked":"Seek","floor":16},{"not_picked":["Recycle","Turbo"],"picked":"Coolheaded","floor":18},{"not_picked":["Barrage","Sweeping Beam"],"picked":"Go for the Eyes","floor":19},{"not_picked":["Sweeping Beam","Go for the Eyes"],"picked":"Self Repair+1","floor":21},{"not_picked":["Recycle+1","Coolheaded+1"],"picked":"Chill","floor":24},{"not_picked":["Recycle","Sweeping Beam","Streamline"],"picked":"SKIP","floor":27},{"not_picked":["Capacitor","Turbo"],"picked":"Stack","floor":28},{"not_picked":["Loop","Capacitor"],"picked":"Double Energy","floor":31},{"not_picked":["Hyperbeam","Biased Cognition"],"picked":"Buffer","floor":33},{"not_picked":["Double Energy+1","Gash"],"picked":"Sweeping Beam+1","floor":35},{"not_picked":["Rebound","Streamline"],"picked":"Conserve Battery+1","floor":36},{"not_picked":["Deep Breath","Panache"],"picked":"Dark Shackles","floor":37},{"not_picked":["Turbo","Capacitor"],"picked":"Steam","floor":38},{"not_picked":["Tempest+1","Sweeping Beam"],"picked":"Beam Cell+1","floor":39},{"not_picked":["Consume","Turbo+1"],"picked":"Hologram+1","floor":41},{"not_picked":["Rebound+1","Coolheaded+1","Hyperbeam"],"picked":"SKIP","floor":46},{"not_picked":["Beam Cell+1","Conserve Battery"],"picked":"Reinforced Body","floor":47}],"player_experience":150824,"relics_obtained":[{"floor":8,"key":"Kunai"},{"floor":9,"key":"Sundial"},{"floor":26,"key":"Oddly Smooth Stone"},{"floor":43,"key":"Mango"}],"event_choices":[{"cards_removed":["Strike_B"],"damage_healed":0,"gold_gain":0,"player_choice":"Card Removal","damage_taken":7,"max_hp_gain":0,"max_hp_loss":0,"event_name":"Golden Wing","floor":5,"gold_loss":0},{"damage_healed":0,"gold_gain":0,"player_choice":"Success","damage_taken":18,"relics_obtained":["Meat on the Bone"],"max_hp_gain":0,"max_hp_loss":0,"event_name":"Scrap Ooze","floor":7,"gold_loss":0},{"damage_healed":0,"gold_gain":0,"player_choice":"Ignored","damage_taken":0,"max_hp_gain":0,"max_hp_loss":0,"event_name":"Liars Game","floor":12,"gold_loss":0},{"damage_healed":0,"gold_gain":0,"player_choice":"Simplicity","damage_taken":0,"max_hp_gain":0,"max_hp_loss":0,"event_name":"Back to Basics","floor":22,"gold_loss":0,"cards_upgraded":["Strike_B","Strike_B","Strike_B","Defend_B","Defend_B","Defend_B","Defend_B"]},{"cards_removed":["Strike_B"],"damage_healed":0,"gold_gain":0,"player_choice":"Gave Gold","damage_taken":0,"max_hp_gain":0,"max_hp_loss":0,"event_name":"Beggar","floor":29,"gold_loss":75},{"damage_healed":0,"gold_gain":0,"player_choice":"Memory 1","damage_taken":0,"max_hp_gain":0,"max_hp_loss":0,"event_name":"SensoryStone","floor":37,"gold_loss":0},{"damage_healed":0,"gold_gain":0,"player_choice":"Ignored","damage_taken":0,"max_hp_gain":0,"max_hp_loss":0,"event_name":"Tomb of Lord Red Mask","floor":44,"gold_loss":0}],"is_beta":false,"boss_relics":[{"not_picked":["FrozenCore","Eternal Feather"],"picked":"Inserter"},{"not_picked":["Snecko Eye","Calling Bell"],"picked":"Velvet Choker"}],"items_purged_floors":[],"is_endless":false,"potions_floor_spawned":[1,4,11,24,27,31,33,35,36,46],"killed_by":"Time Eater","ascension_level":0}