{"gold_per_floor":[118,131,131,149,165,194,209,224,224,256,330,330,350,376,376,476,476,487,506,506,221,232,232,232,232,232,248,248,268,48,67,67,166,166,186,204,221,221],"floor_reached":38,"playtime":1999,"items_purged":[],"score":427,"play_id":"71f24638-455c-4ca7-bda8-b0cf59e97ca0","local_time":"20190224210815","is_ascension_mode":false,"campfire_choices":[{"floor":12,"key":"REST"},{"floor":15,"key":"REST"},{"floor":23,"key":"REST"},{"data":"Dodge and Roll","floor":25,"key":"SMITH"},{"data":"Footwork","floor":28,"key":"SMITH"},{"floor":32,"key":"REST"}],"neow_cost":"NONE","seed_source_timestamp":45318562766283,"circlet_count":0,"master_deck":["Defend_G","Defend_G","Defend_G","Defend_G","Defend_G","Strike_G","Strike_G","Strike_G","Strike_G","Strike_G","Survivor","Neutralize","Caltrops","Backstab","All Out Attack","Masterful Stab","PiercingWail","Cloak And Dagger","Cloak And Dagger","Footwork+1","Caltrops","Leg Sweep","Die Die Die","Deflect","Poisoned Stab","Accuracy","Dodge and Roll+1","Cloak And Dagger+1","Distraction+1","Adrenaline","Terror","Slice","Night Terror","Dodge and Roll","Blade Dance","Dodge and Roll+1"],"relics":["Ring of the Snake","Sundial","Omamori","Happy Flower","Strawberry","WristBlade","Bronze Scales","Regal Pillow","Cursed Key"],"potions_floor_usage":[6,6,8,8,14,19,19,27,33,37],"damage_taken":[{"damage":0,"enemies":"2 Louse","floor":1,"turns":4},{"damage":4,"enemies":"Cultist","floor":2,"turns":5},{"damage":0,"enemies":"Jaw Worm","floor":4,"turns":4},{"damage":0,"enemies":"3 Louse","floor":5,"turns":2},{"damage":13,"enemies":"Lagavulin","floor":6,"turns":4},{"damage":0,"enemies":"Exordium Wildlife","floor":7,"turns":3},{"damage":7,"enemies":"Gremlin Gang","floor":8,"turns":2},{"damage":24,"enemies":"Gremlin Nob","floor":10,"turns":4},{"damage":0,"enemies":"Exordium Thugs","floor":13,"turns":3},{"damage":7,"enemies":"3 Sentries","floor":14,"turns":6},{"damage":53,"enemies":"Slime Boss","floor":16,"turns":13},{"damage":6,"enemies":"3 Byrds","floor":18,"turns":6},{"damage":0,"enemies":"Shell Parasite","floor":19,"turns":5},{"damage":11,"enemies":"Colosseum Slavers","floor":20,"turns":5},{"damage":15,"enemies":"Snake Plant","floor":22,"turns":4},{"damage":0,"enemies":"3 Cultists","floor":27,"turns":3},{"damage":13,"enemies":"Snecko","floor":29,"turns":5},{"damage":0,"enemies":"Centurion and Healer","floor":31,"turns":3},{"damage":52,"enemies":"Collector","floor":33,"turns":14},{"damage":16,"enemies":"Orb Walker","floor":35,"turns":3},{"damage":32,"enemies":"3 Darklings","floor":36,"turns":6},{"damage":1,"enemies":"Writhing Mass","floor":37,"turns":8},{"damage":40,"enemies":"Spire Growth","floor":38,"turns":4}],"seed_played":"-5103184941628730432","potions_obtained":[{"floor":2,"key":"SpeedPotion"},{"floor":3,"key":"Regen Potion"},{"floor":3,"key":"SkillPotion"},{"floor":7,"key":"Explosive Potion"},{"floor":13,"key":"Strength Potion"},{"floor":16,"key":"Poison Potion"},{"floor":18,"key":"PowerPotion"},{"floor":22,"key":"Explosive Potion"},{"floor":31,"key":"Swift Potion"},{"floor":36,"key":"Weak Potion"}],"is_trial":false,"path_per_floor":["M","M","?","M","M","E","M","M","T","E","?","R","M","E","R","B",null,"M","M","?","$","M","R","?","R","T","M","R","M","$","M","R","B",null,"M","M","M","M"],"character_chosen":"THE_SILENT","items_purchased":["Accuracy","Dodge and Roll","Bronze Scales","Adrenaline","Terror"],"campfire_rested":4,"item_purchase_floors":[21,21,21,30,30],"current_hp_per_floor":[77,73,73,73,73,60,60,62,62,38,38,61,61,61,84,31,84,78,78,67,67,52,77,77,77,77,77,77,64,64,64,84,32,84,68,36,35,0],"gold":221,"neow_bonus":"TEN_PERCENT_HP_BONUS","is_prod":false,"is_daily":false,"chose_seed":false,"campfire_upgraded":2,"win_rate":0,"timestamp":1551064095,"path_taken":["M","M","?","M","M","E","?","M","T","E","?","R","M","E","R","BOSS","M","M","?","$","M","R","?","R","T","M","R","M","$","?","R","BOSS","M","M","M","?"],"build_version":"2019-01-23","purchased_purges":0,"victory":false,"max_hp_per_floor":[77,77,77,77,77,77,77,77,77,77,77,77,77,84,84,84,84,84,84,84,84,84,84,84,84,84,84,84,84,84,84,84,84,84,84,84,84,84],"card_choices":[{"not_picked":["Sucker Punch","Backflip"],"picked":"Caltrops","floor":1},{"not_picked":["Eviscerate","Calculated Gamble"],"picked":"Backstab","floor":2},{"not_picked":["Outmaneuver","Slice"],"picked":"All Out Attack","floor":4},{"not_picked":["Reflex","Endless Agony"],"picked":"Masterful Stab","floor":5},{"not_picked":["Dodge and Roll","Predator"],"picked":"PiercingWail","floor":6},{"not_picked":["Finisher","Underhanded Strike"],"picked":"Cloak And Dagger","floor":7},{"not_picked":["Choke","Prepared"],"picked":"Cloak And Dagger","floor":8},{"not_picked":["Blade Dance","Prepared"],"picked":"Footwork","floor":10},{"not_picked":["Cloak And Dagger","Blade Dance"],"picked":"Caltrops","floor":13},{"not_picked":["Burst","Terror"],"picked":"Leg Sweep","floor":14},{"not_picked":["Grand Finale","Bullet Time"],"picked":"Die Die Die","floor":16},{"not_picked":["Escape Plan+1","Masterful Stab"],"picked":"Deflect","floor":18},{"not_picked":["Underhanded Strike","Quick Slash"],"picked":"Poisoned Stab","floor":19},{"not_picked":["PiercingWail+1","Dagger Throw"],"picked":"Cloak And Dagger+1","floor":22},{"not_picked":["Slice","Dash"],"picked":"Distraction+1","floor":27},{"not_picked":["Acrobatics","Dagger Spray","Prepared+1"],"picked":"SKIP","floor":29},{"not_picked":["Underhanded Strike+1","Poisoned Stab"],"picked":"Slice","floor":31},{"not_picked":["A Thousand Cuts","Die Die Die"],"picked":"Night Terror","floor":33},{"not_picked":["Crippling Poison","Deadly Poison+1"],"picked":"Dodge and Roll","floor":35},{"not_picked":["Deadly Poison","Blur"],"picked":"Blade Dance","floor":36},{"not_picked":["Dagger Spray","Underhanded Strike+1"],"picked":"Dodge and Roll+1","floor":37}],"player_experience":368414,"relics_obtained":[{"floor":6,"key":"Sundial"},{"floor":9,"key":"Omamori"},{"floor":10,"key":"Happy Flower"},{"floor":14,"key":"Strawberry"},{"floor":26,"key":"Regal Pillow"}],"event_choices":[{"damage_healed":0,"gold_gain":0,"player_choice":"Got Potions","damage_taken":0,"max_hp_gain":0,"max_hp_loss":0,"event_name":"Lab","floor":3,"gold_loss":0},{"damage_healed":0,"gold_gain":74,"player_choice":"Gained Gold","damage_taken":0,"max_hp_gain":0,"max_hp_loss":0,"event_name":"Golden Wing","floor":11,"gold_loss":0},{"damage_healed":0,"gold_gain":0,"player_choice":"Fight","damage_taken":0,"max_hp_gain":0,"max_hp_loss":0,"event_name":"Colosseum","floor":20,"gold_loss":0},{"damage_healed":0,"gold_gain":0,"player_choice":"Fled From Nobs","damage_taken":0,"max_hp_gain":0,"max_hp_loss":0,"event_name":"Colosseum","floor":20,"gold_loss":0},{"damage_healed":0,"gold_gain":0,"player_choice":"Ignored","damage_taken":0,"max_hp_gain":0,"max_hp_loss":0,"event_name":"Vampires","floor":24,"gold_loss":0}],"is_beta":false,"boss_relics":[{"not_picked":["Astrolabe","Runic Pyramid"],"picked":"WristBlade"},{"not_picked":["Pandora\u0027s Box","Snecko Eye"],"picked":"Cursed Key"}],"items_purged_floors":[],"is_endless":false,"potions_floor_spawned":[2,4,7,13,16,18,22,31,36],"killed_by":"Spire Growth","ascension_level":0}