{"gold_per_floor":[12,30,41,52,17,17,36,36,104,114,134,134,145,158,158,158],"floor_reached":16,"playtime":686,"items_purged":[],"score":98,"play_id":"1dd7a37f-bf82-4b1f-9458-7c27eeecd13a","local_time":"20190220173733","is_ascension_mode":false,"campfire_choices":[{"data":"Barricade","floor":6,"key":"SMITH"},{"floor":12,"key":"REST"},{"floor":15,"key":"REST"}],"neow_cost":"NO_GOLD","seed_source_timestamp":18028249126866,"circlet_count":0,"master_deck":["Strike_R","Strike_R","Strike_R","Strike_R","Strike_R","Defend_R","Defend_R","Defend_R","Defend_R","Bash","Barricade+1","Pommel Strike","Whirlwind","True Grit","Feel No Pain","Burning Pact","Evolve","Iron Wave","Fiend Fire","Shrug It Off"],"relics":["Burning Blood","Kunai"],"potions_floor_usage":[7,14],"damage_taken":[{"damage":2,"enemies":"Cultist","floor":1,"turns":5},{"damage":5,"enemies":"Jaw Worm","floor":2,"turns":5},{"damage":2,"enemies":"2 Louse","floor":3,"turns":3},{"damage":14,"enemies":"Blue Slaver","floor":4,"turns":4},{"damage":55,"enemies":"Gremlin Gang","floor":7,"turns":5},{"damage":12,"enemies":"Exordium Thugs","floor":10,"turns":4},{"damage":6,"enemies":"Exordium Wildlife","floor":11,"turns":2},{"damage":7,"enemies":"Looter","floor":13,"turns":5},{"damage":0,"enemies":"2 Fungi Beasts","floor":14,"turns":3},{"damage":73,"enemies":"Hexaghost","floor":16,"turns":16}],"seed_played":"-1853546264659962970","potions_obtained":[{"floor":4,"key":"FearPotion"},{"floor":7,"key":"SneckoOil"},{"floor":13,"key":"Fire Potion"}],"is_trial":false,"path_per_floor":["M","M","M","M","$","R","M","$","T","M","M","R","M","M","R","B"],"character_chosen":"IRONCLAD","items_purchased":["Feel No Pain"],"campfire_rested":2,"item_purchase_floors":[5],"current_hp_per_floor":[80,80,80,72,72,72,23,23,23,17,17,41,40,46,70,0],"gold":158,"neow_bonus":"THREE_RARE_CARDS","is_prod":false,"is_daily":false,"chose_seed":false,"campfire_upgraded":1,"win_rate":0,"timestamp":1550705853,"path_taken":["M","M","M","M","$","R","M","?","T","M","M","R","?","M","R","BOSS"],"build_version":"2019-01-23","purchased_purges":0,"victory":false,"max_hp_per_floor":[80,80,80,80,80,80,80,80,80,80,80,80,80,80,80,80],"card_choices":[{"not_picked":["Exhume","Feed"],"picked":"Barricade","floor":0},{"not_picked":["Clash","Rage"],"picked":"Pommel Strike","floor":1},{"not_picked":["Clash","Sever Soul","Headbutt"],"picked":"SKIP","floor":2},{"not_picked":["Carnage","Twin Strike"],"picked":"Whirlwind","floor":3},{"not_picked":["Dual Wield","Heavy Blade"],"picked":"True Grit","floor":4},{"not_picked":["Carnage","Wild Strike"],"picked":"Burning Pact","floor":7},{"not_picked":["Fire Breathing","Headbutt"],"picked":"Evolve","floor":10},{"not_picked":["Intimidate","Havoc"],"picked":"Iron Wave","floor":11},{"not_picked":["Carnage","Headbutt"],"picked":"Fiend Fire","floor":13},{"not_picked":["Warcry","Headbutt"],"picked":"Shrug It Off","floor":14}],"player_experience":280596,"relics_obtained":[{"floor":9,"key":"Kunai"}],"event_choices":[],"is_beta":false,"boss_relics":[],"items_purged_floors":[],"is_endless":false,"potions_floor_spawned":[4,7,13],"killed_by":"Hexaghost","ascension_level":0}