{"gold_per_floor":[113,125,139,151,169,169,502,558,558,578,596,596,596,611,611,715,715,725,739,757,676,676],"floor_reached":22,"playtime":1143,"items_purged":[],"score":202,"play_id":"f99f826a-eabf-4a39-9b8d-9a8414bee4c4","local_time":"20190214211047","is_ascension_mode":true,"campfire_choices":[{"data":"Bash","floor":6,"key":"SMITH"},{"floor":12,"key":"REST"},{"floor":15,"key":"REST"}],"neow_cost":"NONE","seed_source_timestamp":35807693146560,"circlet_count":0,"master_deck":["Strike_R","Strike_R","Strike_R","Strike_R","Strike_R","Defend_R","Bash+1","Ghostly Armor","Pummel","Perfected Strike","Headbutt","Sword Boomerang","Twin Strike","Perfected Strike","Reaper","Seeing Red+1","Offering+1","Brutality+1","Rampage","Anger","Ghostly Armor"],"relics":["Mark of Pain","Old Coin","Bottled Lightning","Astrolabe"],"potions_floor_usage":[10,14,16,16,22],"damage_taken":[{"damage":0,"enemies":"Jaw Worm","floor":1,"turns":3},{"damage":0,"enemies":"Small Slimes","floor":2,"turns":3},{"damage":1,"enemies":"Cultist","floor":3,"turns":3},{"damage":4,"enemies":"Exordium Wildlife","floor":4,"turns":3},{"damage":0,"enemies":"Looter","floor":5,"turns":3},{"damage":30,"enemies":"Lagavulin","floor":7,"turns":6},{"damage":1,"enemies":"Large Slime","floor":10,"turns":4},{"damage":7,"enemies":"3 Louse","floor":11,"turns":3},{"damage":7,"enemies":"Gremlin Gang","floor":14,"turns":5},{"damage":51,"enemies":"Hexaghost","floor":16,"turns":6},{"damage":18,"enemies":"3 Byrds","floor":18,"turns":6},{"damage":21,"enemies":"2 Thieves","floor":19,"turns":4},{"damage":33,"enemies":"Snake Plant","floor":20,"turns":4},{"damage":20,"enemies":"Sentry and Sphere","floor":22,"turns":3}],"seed_played":"6550249789214620411","potions_obtained":[{"floor":1,"key":"Strength Potion"},{"floor":2,"key":"Weak Potion"},{"floor":3,"key":"Swift Potion"},{"floor":10,"key":"Fire Potion"},{"floor":20,"key":"Explosive Potion"}],"is_trial":false,"path_per_floor":["M","M","M","M","M","R","E","?","T","M","M","R","?","M","R","B",null,"M","M","M","$","M"],"character_chosen":"IRONCLAD","items_purchased":["Anger","Ghostly Armor"],"campfire_rested":2,"item_purchase_floors":[21,21],"current_hp_per_floor":[80,80,79,75,75,75,45,45,45,44,37,61,61,54,78,27,80,67,50,17,17,0],"gold":676,"neow_bonus":"BOSS_RELIC","is_prod":false,"is_daily":false,"chose_seed":false,"campfire_upgraded":1,"win_rate":0,"timestamp":1550200247,"path_taken":["M","M","M","M","M","R","E","?","T","M","M","R","?","M","R","BOSS","M","M","M","$","M"],"build_version":"2019-01-23","purchased_purges":0,"victory":false,"max_hp_per_floor":[80,80,80,80,80,80,80,80,80,80,80,80,80,80,80,80,80,80,80,80,80,80],"card_choices":[{"not_picked":["Hemokinesis","Clash"],"picked":"Ghostly Armor","floor":1},{"not_picked":["Disarm","Clash"],"picked":"Pummel","floor":2},{"not_picked":["Feel No Pain","True Grit"],"picked":"Perfected Strike","floor":3},{"not_picked":["Flex","Thunderclap"],"picked":"Headbutt","floor":4},{"not_picked":["Power Through","Uppercut"],"picked":"Sword Boomerang","floor":5},{"not_picked":["Clothesline","Rupture"],"picked":"Heavy Blade","floor":7},{"not_picked":["Combust","Second Wind"],"picked":"Twin Strike","floor":10},{"not_picked":["Wild Strike","Rupture","Body Slam"],"picked":"SKIP","floor":11},{"not_picked":["Power Through","Disarm"],"picked":"Perfected Strike","floor":14},{"not_picked":["Bludgeon","Feed"],"picked":"Reaper","floor":16},{"not_picked":["Warcry","Reckless Charge","Clothesline"],"picked":"SKIP","floor":18},{"not_picked":["Pommel Strike","Combust"],"picked":"Rampage","floor":19},{"not_picked":["Evolve","Clothesline","Wild Strike"],"picked":"SKIP","floor":20}],"player_experience":121435,"relics_obtained":[{"floor":7,"key":"Old Coin"},{"floor":9,"key":"Bottled Lightning"}],"event_choices":[{"damage_healed":0,"gold_gain":56,"player_choice":"Gained Gold","damage_taken":0,"max_hp_gain":0,"max_hp_loss":0,"event_name":"Golden Wing","floor":8,"gold_loss":0},{"cards_removed":["Defend_R"],"damage_healed":0,"gold_gain":0,"player_choice":"Purged","damage_taken":0,"max_hp_gain":0,"max_hp_loss":0,"event_name":"Purifier","floor":13,"gold_loss":0}],"is_beta":false,"boss_relics":[{"not_picked":["Runic Cube","Runic Pyramid"],"picked":"Astrolabe"}],"items_purged_floors":[],"is_endless":false,"potions_floor_spawned":[1,2,3,7,10,20],"killed_by":"Sentry and Sphere","ascension_level":1}