{"gold_per_floor":[114,25,43,43,56,56,82,94,94,94,113,113,129,144,144,241,241,261,14,27,27,44,44,44],"floor_reached":24,"playtime":1000,"items_purged":[],"score":320,"play_id":"4bd360b8-f3c4-41db-8ac2-ca1372e11d9c","local_time":"20190201122733","is_ascension_mode":true,"campfire_choices":[{"data":"Neutralize","floor":6,"key":"SMITH"},{"data":"Noxious Fumes","floor":10,"key":"SMITH"},{"floor":12,"key":"REST"},{"data":"Well Laid Plans","floor":15,"key":"SMITH"},{"floor":23,"key":"REST"}],"neow_cost":"NONE","seed_source_timestamp":679009631060400,"circlet_count":0,"master_deck":["AscendersBane","Defend_G","Defend_G","Defend_G","Defend_G","Defend_G","Strike_G","Strike_G","Strike_G","Strike_G","Survivor","Neutralize+1","Dodge and Roll","Well Laid Plans+1","Quick Slash","Quick Slash","Cloak And Dagger","Deflect","Noxious Fumes+1","Poisoned Stab","Cloak And Dagger","Deadly Poison","Burst","PiercingWail","Blade Dance","Writhe","Bouncing Flask"],"relics":["Ring of the Snake","NeowsBlessing","Shuriken","Question Card","Black Star","Bottled Tornado","Meat on the Bone"],"potions_floor_usage":[11,22],"damage_taken":[{"damage":0,"enemies":"Small Slimes","floor":1,"turns":1},{"damage":0,"enemies":"Cultist","floor":3,"turns":1},{"damage":0,"enemies":"Jaw Worm","floor":5,"turns":1},{"damage":14,"enemies":"3 Sentries","floor":7,"turns":15},{"damage":0,"enemies":"Blue Slaver","floor":8,"turns":4},{"damage":14,"enemies":"Exordium Thugs","floor":11,"turns":5},{"damage":0,"enemies":"Large Slime","floor":13,"turns":5},{"damage":3,"enemies":"Looter","floor":14,"turns":3},{"damage":32,"enemies":"Hexaghost","floor":16,"turns":12},{"damage":27,"enemies":"Spheric Guardian","floor":18,"turns":7},{"damage":0,"enemies":"Shell Parasite","floor":20,"turns":6},{"damage":21,"enemies":"Snecko","floor":22,"turns":8},{"damage":48,"enemies":"Slavers","floor":24,"turns":2}],"seed_played":"-6002797057508536161","potions_obtained":[{"floor":1,"key":"SpeedPotion"},{"floor":5,"key":"Ancient Potion"},{"floor":7,"key":"Dexterity Potion"},{"floor":18,"key":"Weak Potion"}],"is_trial":false,"path_per_floor":["M","$","M","?","M","R","E","M","T","R","M","R","M","M","R","B",null,"M","$","M","?","M","R","E"],"character_chosen":"THE_SILENT","items_purchased":["Well Laid Plans","Quick Slash","Bottled Tornado"],"campfire_rested":2,"item_purchase_floors":[2,2,19],"current_hp_per_floor":[63,63,63,63,63,63,49,49,49,49,35,56,56,53,53,21,58,31,31,31,31,22,43,0],"gold":44,"neow_bonus":"THREE_ENEMY_KILL","is_prod":false,"is_daily":false,"chose_seed":false,"campfire_upgraded":3,"win_rate":0,"timestamp":1549020453,"path_taken":["M","$","M","?","?","R","E","M","T","R","M","R","M","M","R","BOSS","M","$","M","?","M","R","E"],"build_version":"2019-01-23","purchased_purges":0,"victory":false,"max_hp_per_floor":[70,70,70,70,70,70,70,70,70,70,70,70,70,70,70,70,70,70,70,70,70,70,70,70],"card_choices":[{"not_picked":["Infinite Blades","Underhanded Strike"],"picked":"Dodge and Roll","floor":1},{"not_picked":["Infinite Blades","Flechettes"],"picked":"Quick Slash","floor":3},{"not_picked":["Flying Knee","Choke"],"picked":"Cloak And Dagger","floor":5},{"not_picked":["Masterful Stab","Dagger Throw"],"picked":"Deflect","floor":7},{"not_picked":["Flying Knee","Blade Dance"],"picked":"Noxious Fumes","floor":8},{"not_picked":["Well Laid Plans","Dagger Throw","Blade Dance"],"picked":"Poisoned Stab","floor":11},{"not_picked":["Acrobatics","Slice","Phantasmal Killer"],"picked":"Cloak And Dagger","floor":13},{"not_picked":["Cloak And Dagger","Concentrate","Dagger Throw"],"picked":"Deadly Poison","floor":14},{"not_picked":["A Thousand Cuts","Doppelganger","Night Terror"],"picked":"Burst","floor":16},{"not_picked":["Prepared","Quick Slash","Underhanded Strike"],"picked":"PiercingWail","floor":18},{"not_picked":["Dagger Throw+1","Dagger Spray","Underhanded Strike"],"picked":"Blade Dance","floor":20},{"not_picked":["Quick Slash","Flying Knee","Accuracy"],"picked":"Bouncing Flask","floor":22}],"player_experience":432338,"relics_obtained":[{"floor":7,"key":"Shuriken"},{"floor":9,"key":"Question Card"}],"event_choices":[{"cards_removed":["Strike_G"],"damage_healed":0,"gold_gain":0,"player_choice":"Purged","damage_taken":0,"max_hp_gain":0,"max_hp_loss":0,"event_name":"Purifier","floor":4,"gold_loss":0},{"damage_healed":0,"gold_gain":0,"player_choice":"Opened","damage_taken":0,"relics_obtained":["Meat on the Bone"],"max_hp_gain":0,"max_hp_loss":0,"event_name":"The Mausoleum","floor":21,"gold_loss":0,"cards_obtained":["Writhe"]}],"is_beta":false,"boss_relics":[{"not_picked":["Orrery","Runic Dome"],"picked":"Black Star"}],"items_purged_floors":[],"is_endless":false,"potions_floor_spawned":[1,5,7,8,18,20],"killed_by":"Slavers","ascension_level":12}