{"gold_per_floor":[119,119,134,147,166,191,173,173,173,173,185,200,234,248,248,351,351,364,464,484,338,357,357],"floor_reached":23,"playtime":823,"items_purged":["Strike_B"],"score":248,"play_id":"6e8a9af0-2ebd-4d4d-b2d2-67b8205a8a55","local_time":"20181218212303","is_ascension_mode":true,"campfire_choices":[{"data":"Streamline","floor":10,"key":"SMITH"},{"data":"Self Repair","floor":15,"key":"SMITH"}],"neow_cost":"NONE","seed_source_timestamp":466780204777190,"circlet_count":0,"master_deck":["Strike_B","Strike_B","Strike_B","Defend_B","Defend_B","Defend_B","Defend_B","Zap+1","Dualcast","Self Repair+1","Streamline+1","Tempest","Reboot","Defragment+1","Static Discharge+1","Defragment"],"relics":["Cracked Core","Ancient Tea Set","Kunai","Singing Bowl","Inserter"],"potions_floor_usage":[6,23],"damage_taken":[{"damage":0,"enemies":"Small Slimes","floor":1,"turns":3},{"damage":0,"enemies":"Cultist","floor":3,"turns":3},{"damage":7,"enemies":"Jaw Worm","floor":4,"turns":3},{"damage":5,"enemies":"Exordium Wildlife","floor":5,"turns":3},{"damage":43,"enemies":"3 Sentries","floor":6,"turns":9},{"damage":18,"enemies":"Exordium Thugs","floor":7,"turns":4},{"damage":1,"enemies":"3 Louse","floor":11,"turns":3},{"damage":11,"enemies":"2 Fungi Beasts","floor":12,"turns":4},{"damage":10,"enemies":"Lagavulin","floor":13,"turns":7},{"damage":7,"enemies":"Looter","floor":14,"turns":3},{"damage":34,"enemies":"Slime Boss","floor":16,"turns":11},{"damage":9,"enemies":"Chosen","floor":18,"turns":4},{"damage":46,"enemies":"Shell Parasite","floor":20,"turns":6},{"damage":38,"enemies":"Cultist and Chosen","floor":22,"turns":5},{"damage":30,"enemies":"Gremlin Leader","floor":23,"turns":3}],"seed_played":"392301249674550633","potions_obtained":[{"floor":3,"key":"Block Potion"},{"floor":4,"key":"GamblersBrew"},{"floor":5,"key":"Dexterity Potion"},{"floor":11,"key":"Swift Potion"},{"floor":18,"key":"EssenceOfSteel"}],"is_trial":false,"path_per_floor":["M","?","M","M","M","E","M","?","T","R","M","M","E","M","R","B",null,"M","?","M","$","M","E"],"character_chosen":"DEFECT","items_purchased":["Defragment"],"campfire_rested":0,"item_purchase_floors":[21],"current_hp_per_floor":[82,82,82,75,70,34,23,50,50,50,56,52,51,53,53,29,86,86,86,50,50,24,0],"gold":357,"neow_bonus":"TEN_PERCENT_HP_BONUS","is_prod":false,"is_daily":false,"chose_seed":false,"campfire_upgraded":2,"win_rate":0,"timestamp":1545164583,"path_taken":["M","?","M","?","M","E","M","?","T","R","M","M","E","M","R","BOSS","M","?","M","?","M","E"],"build_version":"2018-12-13","purchased_purges":1,"victory":false,"max_hp_per_floor":[82,82,82,82,82,82,82,82,82,82,82,82,84,86,86,86,86,86,86,86,86,88,88],"card_choices":[{"not_picked":["Conserve Battery","Turbo","Go for the Eyes"],"picked":"SKIP","floor":1},{"not_picked":["Ball Lightning","Gash","Hologram"],"picked":"SKIP","floor":3},{"not_picked":["Chaos","Redo","Undo"],"picked":"SKIP","floor":4},{"not_picked":["Steam","Coolheaded"],"picked":"Self Repair","floor":5},{"not_picked":["Melter","Gash","Hologram"],"picked":"SKIP","floor":6},{"not_picked":["Go for the Eyes","Ball Lightning"],"picked":"Streamline","floor":7},{"not_picked":["Cold Snap","Coolheaded"],"picked":"Tempest","floor":11},{"not_picked":["FTL","Streamline","Redo"],"picked":"SKIP","floor":12},{"not_picked":["Coolheaded","Genetic Algorithm","Doom and Gloom"],"picked":"Singing Bowl","floor":13},{"not_picked":["Genetic Algorithm","Go for the Eyes","Barrage"],"picked":"Singing Bowl","floor":14},{"not_picked":["Hyperbeam","Seek"],"picked":"Reboot","floor":16},{"not_picked":["Hello World","Redo"],"picked":"Defragment+1","floor":18},{"not_picked":["Recycle","Tempest"],"picked":"Static Discharge+1","floor":20},{"not_picked":["Sweeping Beam+1","Consume","Redo"],"picked":"Singing Bowl","floor":22}],"player_experience":571528,"relics_obtained":[{"floor":6,"key":"Ancient Tea Set"},{"floor":9,"key":"Kunai"},{"floor":13,"key":"Singing Bowl"}],"event_choices":[{"damage_healed":0,"gold_gain":0,"player_choice":"Upgraded","damage_taken":0,"max_hp_gain":0,"max_hp_loss":0,"event_name":"Upgrade Shrine","floor":2,"gold_loss":0,"cards_upgraded":["Zap"]},{"damage_healed":27,"gold_gain":0,"player_choice":"Banana","damage_taken":0,"max_hp_gain":0,"max_hp_loss":0,"event_name":"Big Fish","floor":8,"gold_loss":0},{"damage_healed":0,"gold_gain":100,"player_choice":"Pray","damage_taken":0,"max_hp_gain":0,"max_hp_loss":0,"event_name":"Golden Shrine","floor":19,"gold_loss":0}],"is_beta":false,"boss_relics":[{"not_picked":["Runic Dome","Calling Bell"],"picked":"Inserter"}],"items_purged_floors":[21],"is_endless":false,"potions_floor_spawned":[3,4,5,11,18],"killed_by":"Gremlin Leader","ascension_level":4}