{"gold_per_floor":[20,20,36,53,53,84,84,109,187,221,232,80,97,23,23,121,121,135,135,151,114,114,140,154,187,187,222,242,259,274,274,274,379,379,391,391,407,14,32,64,64,81,81,113,13,69,84,108,108,108],"floor_reached":51,"playtime":2800,"items_purged":["Regret","Injury"],"score":830,"play_id":"66df610c-f8c2-49a1-88c1-14f202e07484","local_time":"20180628034700","is_ascension_mode":true,"campfire_choices":[{"data":"Flame Barrier","floor":7.0,"key":"SMITH"},{"data":"Metallicize","floor":15.0,"key":"SMITH"},{"data":"Bash","floor":32.0,"key":"SMITH"},{"data":"Uppercut","floor":41,"key":"SMITH"},{"data":"Barricade","floor":49,"key":"SMITH"}],"neow_cost":"","seed_source_timestamp":0,"circlet_count":0,"master_deck":["Strike_R","Strike_R+1","Strike_R","Defend_R+1","Defend_R","Defend_R+1","Defend_R","Bash+1","Flame Barrier+1","Seeing Red","Feel No Pain","Offering","Blood for Blood","Metallicize+1","Limit Break","Uppercut+1","Inflame","Necronomicurse","Blood for Blood+1","Entrench+1","Iron Wave","Fire Breathing","Metallicize","Barricade+1","Enlightenment","Intimidate+1","Metallicize+1","Whirlwind","Thunderclap+1","Injury"],"special_seed":0,"relics":["Burning Blood","Bird Faced Urn","Mango","Bronze Scales","Bottled Flame","Letter Opener","Ornamental Fan","Cursed Key","Necronomicon","Potion Belt","War Paint","Matryoshka","Whetstone","Empty Cage","Kunai","Pen Nib","Meat on the Bone","Toxic Egg 2","Champion Belt","Bottled Tornado","Tiny Chest","Darkstone Periapt","Bag of Preparation"],"potions_floor_usage":[39,44,47,50,50],"damage_taken":[{"damage":1.0,"enemies":"2 Louse","floor":1.0,"turns":2.0},{"damage":0.0,"enemies":"Cultist","floor":3.0,"turns":4.0},{"damage":1.0,"enemies":"Jaw Worm","floor":4.0,"turns":5.0},{"damage":20.0,"enemies":"Lagavulin","floor":6.0,"turns":7.0},{"damage":26.0,"enemies":"3 Sentries","floor":8.0,"turns":10.0},{"damage":25.0,"enemies":"Gremlin Nob","floor":10.0,"turns":5.0},{"damage":5.0,"enemies":"Large Slime","floor":11.0,"turns":6.0},{"damage":10.0,"enemies":"Exordium Thugs","floor":13.0,"turns":6.0},{"damage":45.0,"enemies":"Slime Boss","floor":16.0,"turns":15.0},{"damage":28.0,"enemies":"2 Thieves","floor":18.0,"turns":4.0},{"damage":4.0,"enemies":"Chosen","floor":20.0,"turns":8.0},{"damage":5.0,"enemies":"Book of Stabbing","floor":23.0,"turns":3.0},{"damage":4.0,"enemies":"Centurion and Healer","floor":24.0,"turns":5.0},{"damage":14.0,"enemies":"Slavers","floor":25.0,"turns":4.0},{"damage":5.0,"enemies":"Book of Stabbing","floor":27.0,"turns":4.0},{"damage":9.0,"enemies":"3 Cultists","floor":28.0,"turns":5.0},{"damage":4.0,"enemies":"Snake Plant","floor":29.0,"turns":2.0},{"damage":15.0,"enemies":"Snecko","floor":30.0,"turns":5.0},{"damage":64.0,"enemies":"Champ","floor":33.0,"turns":10.0},{"damage":12.0,"enemies":"3 Darklings","floor":35.0,"turns":6.0},{"damage":15,"enemies":"Orb Walker","floor":37,"turns":3},{"damage":25,"enemies":"4 Shapes","floor":39,"turns":7},{"damage":28,"enemies":"2 Orb Walkers","floor":40,"turns":5},{"damage":18,"enemies":"Maw","floor":42,"turns":7},{"damage":22,"enemies":"Nemesis","floor":44,"turns":7},{"damage":5,"enemies":"Giant Head","floor":46,"turns":8},{"damage":5,"enemies":"3 Darklings","floor":47,"turns":6},{"damage":38,"enemies":"Donu and Deca","floor":50,"turns":11}],"seed_played":"2166403924163612064","potions_obtained":[{"floor":1.0,"key":"Weak Potion"},{"floor":2.0,"key":"PowerPotion"},{"floor":2.0,"key":"Energy Potion"},{"floor":2.0,"key":"Block Potion"},{"floor":8.0,"key":"Ancient Potion"},{"floor":13.0,"key":"SpeedPotion"},{"floor":23.0,"key":"Swift Potion"},{"floor":25.0,"key":"Poison Potion"},{"floor":27.0,"key":"SkillPotion"},{"floor":33.0,"key":"Regen Potion"},{"floor":37,"key":"PowerPotion"},{"floor":44,"key":"SkillPotion"},{"floor":46,"key":"LiquidBronze"}],"is_trial":false,"path_per_floor":["M","?","M","M","?","E","R","E","T","E","M","$","M","$","R","B",null,"M","?","M","$","?","E","M","E","T","E","M","M","M","?","R","B",null,"M","?","M","$","M","E","R","M","T","E","$","E","M","T","R","B"],"character_chosen":"IRONCLAD","items_purchased":["Blood for Blood","Metallicize","Inflame","Kunai","Pen Nib"],"campfire_rested":0,"item_purchase_floors":[],"current_hp_per_floor":[80,80,80,80,94,82,82,64,64,47,50,50,48,48,48,11,94,74,74,80,80,64,69,77,73,73,78,81,83,78,78,78,30,91,89,89,84,84,79,63,63,63,63,72,72,85,91,91,91,71],"gold":108,"neow_bonus":"","is_prod":false,"is_daily":false,"chose_seed":false,"campfire_upgraded":5,"win_rate":0,"timestamp":1530150420,"path_taken":["M","?","?","M","?","E","R","E","T","E","M","$","M","$","R","BOSS","M","?","M","$","?","E","M","E","T","E","M","M","M","?","R","BOSS","M","?","?","$","M","E","R","M","T","E","$","E","M","?","R","BOSS"],"build_version":"2018-06-21v2","purchased_purges":2,"victory":true,"max_hp_per_floor":[80,80,80,80,94,94,94,94,94,94,94,94,94,94,94,94,94,94,94,94,94,94,94,94,94,94,94,94,94,94,94,94,94,91,91,91,91,91,91,91,91,91,91,91,91,91,91,91,91,91],"card_choices":[{"not_picked":["Cleave","Second Wind"],"picked":"Flame Barrier","floor":1.0},{"not_picked":["Second Wind","Anger"],"picked":"Seeing Red","floor":3.0},{"not_picked":["Perfected Strike","Wild Strike"],"picked":"Feel No Pain","floor":4.0},{"not_picked":["Shrug It Off","Dual Wield"],"picked":"Offering","floor":6.0},{"not_picked":["Feel No Pain","Shrug It Off","Armaments"],"picked":"SKIP","floor":8.0},{"not_picked":["Pommel Strike","Sever Soul","True Grit"],"picked":"SKIP","floor":10.0},{"not_picked":["Perfected Strike","Pommel Strike","Wild Strike"],"picked":"SKIP","floor":11.0},{"not_picked":["Warcry","Corruption","Body Slam"],"picked":"SKIP","floor":13.0},{"not_picked":["Brutality","Offering"],"picked":"Limit Break","floor":16.0},{"not_picked":["Wild Strike","Flex","Heavy Blade"],"picked":"SKIP","floor":18.0},{"not_picked":["Headbutt+1","Infernal Blade"],"picked":"Uppercut","floor":20.0},{"not_picked":["Corruption","Havoc","Offering"],"picked":"SKIP","floor":23.0},{"not_picked":["Second Wind","Seeing Red+1"],"picked":"Blood for Blood+1","floor":24.0},{"not_picked":["Pommel Strike","Heavy Blade"],"picked":"Entrench+1","floor":25.0},{"not_picked":["Sentinel","Shrug It Off+1"],"picked":"Iron Wave","floor":27.0},{"not_picked":["Headbutt+1","Entrench","Cleave"],"picked":"SKIP","floor":28.0},{"not_picked":["Cleave","Heavy Blade","Iron Wave"],"picked":"SKIP","floor":29.0},{"not_picked":["Power Through","Iron Wave+1"],"picked":"Fire Breathing","floor":30.0},{"not_picked":["Immolate","Demon Form"],"picked":"Barricade","floor":33.0},{"not_picked":["Flex+1","Cleave+1","Pommel Strike+1"],"picked":"SKIP","floor":35},{"not_picked":["Transmutation","Secret Technique"],"picked":"Enlightenment","floor":36},{"not_picked":["True Grit+1","Feel No Pain+1","Clash"],"picked":"SKIP","floor":37},{"not_picked":["Feel No Pain+1","Heavy Blade"],"picked":"Intimidate+1","floor":39},{"not_picked":["Warcry+1","Power Through","Pommel Strike+1"],"picked":"SKIP","floor":40},{"not_picked":["Havoc","Perfected Strike"],"picked":"Metallicize+1","floor":42},{"not_picked":["Feed","Cleave"],"picked":"Whirlwind","floor":44},{"not_picked":["Cleave","Clothesline","Carnage"],"picked":"SKIP","floor":46},{"not_picked":["Bloodletting+1","Iron Wave"],"picked":"Thunderclap+1","floor":47}],"player_experience":441186,"relics_obtained":[{"floor":6.0,"key":"Bronze Scales"},{"floor":8.0,"key":"Bottled Flame"},{"floor":9.0,"key":"Letter Opener"},{"floor":10.0,"key":"Ornamental Fan"},{"floor":22.0,"key":"Necronomicon"},{"floor":23.0,"key":"Potion Belt"},{"floor":25.0,"key":"War Paint"},{"floor":26.0,"key":"Matryoshka"},{"floor":27.0,"key":"Whetstone"},{"floor":40,"key":"Meat on the Bone"},{"floor":43,"key":"Toxic Egg 2"},{"floor":43,"key":"Champion Belt"},{"floor":44,"key":"Bottled Tornado"},{"floor":46,"key":"Tiny Chest"},{"floor":48,"key":"Darkstone Periapt"},{"floor":48,"key":"Bag of Preparation"}],"event_choices":[{"event_name":"The Lab","player_choice":"Got Potions","floor":2.0,"damage_taken":0.0},{"event_name":"Big Fish","player_choice":"Box","floor":5.0,"damage_taken":0.0},{"event_name":"Wheel of Change","player_choice":"Card Removal","floor":19.0,"damage_taken":0.0},{"event_name":"Cursed Tome","player_choice":"Obtained Book","floor":22.0,"damage_taken":0.0},{"event_name":"The Library","player_choice":"Read","floor":31.0,"damage_taken":0.0},{"event_name":"SensoryStone","player_choice":"Memory 1","floor":36,"damage_taken":0}],"boss_relics":[{"not_picked":["Busted Crown","Coffee Dripper"],"picked":"Cursed Key"},{"not_picked":["Calling Bell","Runic Dome"],"picked":"Empty Cage"}],"items_purged_floors":[],"is_endless":false,"potions_floor_spawned":[1,3,4,8,13,23,25,27,33,37,44,46],"ascension_level":1}