{"gold_per_floor":[116,116,139,149,167,196,196,216,216,216,141,160,11,24,24,119,119,130,130,30,40,40,40,57,57],"floor_reached":25,"playtime":730,"items_purged":["Strike_R","Defend_R"],"score":315,"play_id":"223ec39c-f929-4c53-9f64-1e970baec790","local_time":"20190127001714","is_ascension_mode":true,"campfire_choices":[{"data":"Searing Blow","floor":7.0,"key":"SMITH"},{"data":"Searing Blow+1","floor":10.0,"key":"SMITH"},{"floor":15.0,"key":"REST"},{"floor":23,"key":"REST"}],"neow_cost":"NONE","seed_source_timestamp":94623186367400,"circlet_count":0,"master_deck":["AscendersBane","Strike_R","Strike_R+1","Strike_R","Defend_R","Defend_R+1","Defend_R","Bash","Hemokinesis","Perfected Strike","Searing Blow+2","Dual Wield","Armaments","Demon Form","Feed","True Grit"],"special_seed":0,"relics":["Burning Blood","NeowsBlessing","Centennial Puzzle","Bronze Scales","Ginger","Bag of Marbles","Runic Pyramid"],"potions_floor_usage":[16,16,21],"damage_taken":[{"damage":0.0,"enemies":"2 Louse","floor":1.0,"turns":1.0},{"damage":0.0,"enemies":"Jaw Worm","floor":4.0,"turns":1.0},{"damage":0.0,"enemies":"Cultist","floor":5.0,"turns":1.0},{"damage":38.0,"enemies":"Lagavulin","floor":6.0,"turns":5.0},{"damage":14.0,"enemies":"Exordium Thugs","floor":8.0,"turns":3.0},{"damage":5.0,"enemies":"Blue Slaver","floor":12.0,"turns":2.0},{"damage":3.0,"enemies":"Looter","floor":14.0,"turns":2.0},{"damage":48,"enemies":"The Guardian","floor":16,"turns":11},{"damage":28,"enemies":"Shell Parasite","floor":18,"turns":6},{"damage":34,"enemies":"2 Thieves","floor":21,"turns":5},{"damage":25,"enemies":"Snake Plant","floor":24,"turns":4},{"damage":33,"enemies":"Book of Stabbing","floor":25,"turns":4}],"seed_played":"-847969861258307992","potions_obtained":[{"floor":4.0,"key":"Explosive Potion"},{"floor":5.0,"key":"SteroidPotion"},{"floor":18,"key":"BloodPotion"}],"is_trial":false,"path_per_floor":["M","?","T","M","M","E","R","M","T","R","$","M","$","M","R","B",null,"M","?","$","M","?","R","M","E"],"character_chosen":"IRONCLAD","items_purchased":["Bag of Marbles"],"campfire_rested":2,"item_purchase_floors":[13],"current_hp_per_floor":[78,62,62,68,74,42,42,34,34,34,34,35,35,38,62,20,65,43,43,43,26,26,50,31,0],"gold":57,"neow_bonus":"THREE_ENEMY_KILL","is_prod":false,"is_daily":false,"chose_seed":false,"campfire_upgraded":2,"win_rate":0,"timestamp":1548566234,"path_taken":["M","?","?","?","M","E","R","M","T","R","$","M","?","M","R","BOSS","M","?","?","M","?","R","M","E"],"build_version":"2019-01-23","purchased_purges":2,"victory":false,"max_hp_per_floor":[80,80,80,80,80,80,80,80,80,80,80,80,80,80,80,80,80,80,80,80,83,83,83,83,83],"card_choices":[{"not_picked":["Cleave","Entrench"],"picked":"Hemokinesis","floor":1.0},{"not_picked":["Body Slam","Armaments"],"picked":"Perfected Strike","floor":4.0},{"not_picked":["Shrug It Off","Thunderclap"],"picked":"Searing Blow","floor":5.0},{"not_picked":["Flex","Limit Break"],"picked":"Dual Wield","floor":6.0},{"not_picked":["Anger","Sever Soul","Body Slam"],"picked":"SKIP","floor":8.0},{"not_picked":["Rampage","Thunderclap"],"picked":"Armaments","floor":12.0},{"not_picked":["Body Slam","Flex","Warcry"],"picked":"SKIP","floor":14.0},{"not_picked":["Dark Embrace","Juggernaut"],"picked":"Demon Form","floor":16},{"not_picked":["Thunderclap+1","Wild Strike","Inflame+1"],"picked":"SKIP","floor":18},{"not_picked":["Warcry","Uppercut"],"picked":"True Grit","floor":21},{"not_picked":["Clash","Anger","Flex"],"picked":"SKIP","floor":24}],"player_experience":544646,"relics_obtained":[{"floor":3.0,"key":"Centennial Puzzle"},{"floor":6.0,"key":"Bronze Scales"},{"floor":9.0,"key":"Ginger"}],"event_choices":[{"damage_healed":0.0,"max_hp_gain":0.0,"max_hp_loss":0.0,"gold_gain":0.0,"event_name":"Shining Light","player_choice":"Entered Light","floor":2.0,"gold_loss":0.0,"damage_taken":16.0,"cards_upgraded":["Defend_R","Strike_R"]},{"damage_healed":0,"gold_gain":0,"cards_transformed":["Strike_R"],"player_choice":"Transformed","damage_taken":0,"max_hp_gain":0,"max_hp_loss":0,"event_name":"Transmorgrifier","floor":19,"gold_loss":0,"cards_obtained":["Feed"]},{"damage_healed":0,"gold_gain":0,"player_choice":"Ignored","damage_taken":0,"max_hp_gain":0,"max_hp_loss":0,"event_name":"Vampires","floor":22,"gold_loss":0}],"is_beta":true,"boss_relics":[{"not_picked":["White Beast Statue","Ectoplasm"],"picked":"Runic Pyramid"}],"items_purged_floors":[11,20],"is_endless":false,"potions_floor_spawned":[4,5,14,18],"killed_by":"Book of Stabbing","ascension_level":11}