{"path_per_floor":["M","M","?","M","M","E","M"],"character_chosen":"DEFECT","items_purchased":[],"gold_per_floor":[113,131,131,146,163,188,171,171],"floor_reached":8,"campfire_rested":0,"playtime":431,"item_purchase_floors":[],"current_hp_per_floor":[74,74,67,59,49,27,12,0],"items_purged":[],"gold":171,"score":66,"play_id":"279417b7-718a-44d7-a3c3-8a0285593e69","local_time":"20180622150104","is_prod":false,"is_daily":false,"chose_seed":false,"is_ascension_mode":true,"campfire_upgraded":0,"win_rate":0,"timestamp":1529672464,"campfire_choices":[],"path_taken":["M","M","?","M","M","E","M","M"],"build_version":"2018-06-21","seed_source_timestamp":41278185106315,"purchased_purges":0,"circlet_count":0,"victory":false,"master_deck":["Strike_B","Strike_B","Strike_B","Strike_B","Defend_B","Defend_B","Defend_B","Defend_B","Zap","Dualcast","Doubt","Amplify","Genetic Algorithm","Auto Shields","Machine Learning","Force Field","Glacier"],"max_hp_per_floor":[75,75,75,75,75,75,75,75],"relics":["Cracked Core","Peace Pipe","Happy Flower"],"card_choices":[{"not_picked":["Fission","Multi-Cast"],"picked":"Amplify","floor":0},{"not_picked":["Reprogram","Conserve Battery"],"picked":"Genetic Algorithm","floor":1},{"not_picked":["Leap","Conserve Battery"],"picked":"Auto Shields","floor":2},{"not_picked":["Gash","Darkness"],"picked":"Machine Learning","floor":4},{"not_picked":["Rebound","Auto Shields","Cold Snap"],"picked":"SKIP","floor":5},{"not_picked":["Glacier","Chill"],"picked":"Force Field","floor":6},{"not_picked":["Aggregate","Coolheaded"],"picked":"Glacier","floor":7}],"player_experience":394667,"potions_floor_usage":[7],"damage_taken":[{"damage":1,"enemies":"Cultist","floor":1,"turns":4},{"damage":0,"enemies":"Small Slimes","floor":2,"turns":3},{"damage":8,"enemies":"Jaw Worm","floor":4,"turns":4},{"damage":10,"enemies":"3 Louse","floor":5,"turns":5},{"damage":22,"enemies":"3 Sentries","floor":6,"turns":9},{"damage":15,"enemies":"Exordium Thugs","floor":7,"turns":4},{"damage":13,"enemies":"Lots of Slimes","floor":8,"turns":3}],"relics_obtained":[{"floor":6,"key":"Happy Flower"}],"event_choices":[{"event_name":"Scrap Ooze","player_choice":"success","floor":3,"damage_taken":7}],"boss_relics":[],"items_purged_floors":[],"is_endless":false,"potions_floor_spawned":[2,6,7],"seed_played":"-2164448793555622202","killed_by":"Lots of Slimes","ascension_level":2,"potions_obtained":[{"floor":2,"key":"Weak Potion"},{"floor":6,"key":"Ancient Potion"},{"floor":7,"key":"GamblersBrew"}],"is_trial":false}