{"gold_per_floor":[113,127,140,151,161,161,176,176,202,202,220,220,235,269,269,269],"floor_reached":16,"playtime":977,"items_purged":[],"score":106,"play_id":"dc18b713-1174-4e85-a5bf-ce1a5f2584a8","local_time":"20190211004429","is_ascension_mode":false,"campfire_choices":[{"data":"Dagger Spray","floor":6,"key":"SMITH"},{"floor":8,"key":"REST"},{"data":"Dash","floor":12,"key":"SMITH"},{"data":"Backstab","floor":15,"key":"SMITH"}],"neow_cost":"NONE","seed_source_timestamp":53250563487032,"circlet_count":0,"master_deck":["Defend_G","Defend_G","Defend_G","Defend_G","Defend_G","Strike_G","Strike_G","Strike_G","Strike_G","Survivor","Neutralize","Prepared","PiercingWail","Dagger Spray+1","Poisoned Stab","Dagger Spray","Finisher","Dash+1","PiercingWail","Backstab+1"],"relics":["Ring of the Snake","NeowsBlessing","Bag of Marbles","Paper Crane"],"potions_floor_usage":[16,16,16],"damage_taken":[{"damage":0,"enemies":"Jaw Worm","floor":1,"turns":1},{"damage":0,"enemies":"Cultist","floor":2,"turns":1},{"damage":0,"enemies":"Small Slimes","floor":3,"turns":1},{"damage":9,"enemies":"3 Louse","floor":4,"turns":4},{"damage":2,"enemies":"Looter","floor":5,"turns":5},{"damage":14,"enemies":"Large Slime","floor":7,"turns":8},{"damage":0,"enemies":"Lots of Slimes","floor":11,"turns":4},{"damage":0,"enemies":"2 Fungi Beasts","floor":13,"turns":1},{"damage":7,"enemies":"Gremlin Nob","floor":14,"turns":4},{"damage":61,"enemies":"Hexaghost","floor":16,"turns":16}],"seed_played":"-5954228844419653809","potions_obtained":[{"floor":4,"key":"GhostInAJar"},{"floor":5,"key":"SneckoOil"},{"floor":11,"key":"SpeedPotion"}],"is_trial":false,"path_per_floor":["M","M","M","M","M","R","M","R","T","?","M","R","M","E","R","B"],"character_chosen":"THE_SILENT","items_purchased":[],"campfire_rested":1,"item_purchase_floors":[],"current_hp_per_floor":[70,70,70,61,59,59,45,66,66,66,66,66,66,59,59,0],"gold":269,"neow_bonus":"THREE_ENEMY_KILL","is_prod":false,"is_daily":false,"chose_seed":false,"campfire_upgraded":3,"win_rate":0.0,"timestamp":1549867469,"path_taken":["M","M","M","M","M","R","M","R","T","?","M","R","M","E","R","BOSS"],"build_version":"2019-01-23","purchased_purges":0,"victory":false,"max_hp_per_floor":[70,70,70,70,70,70,70,70,70,70,70,70,70,70,70,70],"card_choices":[{"not_picked":["Backflip","Dagger Spray"],"picked":"Prepared","floor":1},{"not_picked":["Heel Hook","Backflip"],"picked":"PiercingWail","floor":2},{"not_picked":["Deadly Poison","Reflex"],"picked":"Dagger Spray","floor":3},{"not_picked":["Sucker Punch","Backflip"],"picked":"Poisoned Stab","floor":4},{"not_picked":["PiercingWail","Expertise"],"picked":"Dagger Spray","floor":5},{"not_picked":["Dash","Blur"],"picked":"Finisher","floor":7},{"not_picked":["Outmaneuver","Expertise"],"picked":"Dash","floor":11},{"not_picked":["Outmaneuver","Expertise"],"picked":"PiercingWail","floor":13},{"not_picked":["Calculated Gamble","Distraction"],"picked":"Backstab","floor":14}],"player_experience":40445,"relics_obtained":[{"floor":9,"key":"Bag of Marbles"},{"floor":14,"key":"Paper Crane"}],"event_choices":[{"cards_removed":["Strike_G"],"damage_healed":0,"gold_gain":0,"player_choice":"Purged","damage_taken":0,"max_hp_gain":0,"max_hp_loss":0,"event_name":"Purifier","floor":10,"gold_loss":0}],"is_beta":false,"boss_relics":[],"items_purged_floors":[],"is_endless":false,"potions_floor_spawned":[4,5,11,14],"killed_by":"Hexaghost","ascension_level":0}