{"gold_per_floor":[139,158,158,174,189,229,229,245,320,320,291,43,68,112,112,242,242,256,256,10,10,10,10,25,25,100,120,120,40,40,55,55,55],"floor_reached":33,"playtime":2306,"items_purged":[],"score":255,"play_id":"47492cd8-b462-44e7-ac73-f45df8ba8d6a","local_time":"20190212004745","is_ascension_mode":false,"campfire_choices":[{"floor":7,"key":"REST"},{"data":"Leg Sweep","floor":10,"key":"SMITH"},{"floor":15,"key":"REST"},{"floor":23,"key":"REST"},{"floor":25,"key":"REST"},{"data":"Bouncing Flask","floor":30,"key":"SMITH"},{"data":"Dodge and Roll","floor":32,"key":"SMITH"}],"neow_cost":"NONE","seed_source_timestamp":53382230855330,"circlet_count":0,"master_deck":["Defend_G+1","Defend_G+1","Defend_G+1","Defend_G+1","Defend_G+1","Strike_G+1","Strike_G+1","Strike_G+1","Strike_G+1","Strike_G+1","Survivor","Neutralize","Leg Sweep+1","Quick Slash","Backflip","Bouncing Flask+1","All Out Attack","Flying Knee","Quick Slash+1","Corpse Explosion","Dodge and Roll+1","Dagger Throw+1","PiercingWail","Bouncing Flask","Dodge and Roll","Mind Blast+1","Flechettes+1","Footwork","Finisher+1"],"relics":["Ring of the Snake","Tiny Chest","Golden Idol","Incense Burner","Molten Egg 2","Bottled Lightning","FossilizedHelix","Orrery","Pen Nib","Sundial"],"potions_floor_usage":[6,16,21,21,33,33,33],"damage_taken":[{"damage":0,"enemies":"Small Slimes","floor":1,"turns":6},{"damage":2,"enemies":"Jaw Worm","floor":2,"turns":7},{"damage":0,"enemies":"2 Louse","floor":4,"turns":4},{"damage":0,"enemies":"2 Fungi Beasts","floor":5,"turns":4},{"damage":5,"enemies":"Lagavulin","floor":6,"turns":7},{"damage":2,"enemies":"Looter","floor":8,"turns":3},{"damage":0,"enemies":"Red Slaver","floor":13,"turns":5},{"damage":23,"enemies":"3 Sentries","floor":14,"turns":10},{"damage":54,"enemies":"Slime Boss","floor":16,"turns":19},{"damage":3,"enemies":"Chosen","floor":18,"turns":4},{"damage":9,"enemies":"Colosseum Slavers","floor":21,"turns":7},{"damage":29,"enemies":"3 Byrds","floor":24,"turns":6},{"damage":9,"enemies":"Cultist and Chosen","floor":27,"turns":7},{"damage":0,"enemies":"Snake Plant","floor":31,"turns":3},{"damage":80,"enemies":"Automaton","floor":33,"turns":12}],"seed_played":"-298871490053906827","potions_obtained":[{"floor":1,"key":"Energy Potion"},{"floor":4,"key":"GhostInAJar"},{"floor":5,"key":"Swift Potion"},{"floor":14,"key":"Ancient Potion"},{"floor":16,"key":"Swift Potion"},{"floor":18,"key":"AttackPotion"},{"floor":24,"key":"Dexterity Potion"},{"floor":27,"key":"Explosive Potion"}],"is_trial":false,"path_per_floor":["M","M","?","M","M","E","R","M","T","R","?","$","M","E","R","B",null,"M","?","$","?","?","R","M","R","T","M","?","$","R","M","R","B"],"character_chosen":"THE_SILENT","items_purchased":["Bottled Lightning","Pen Nib","Mind Blast+1","Footwork"],"campfire_rested":4,"item_purchase_floors":[12,20,20,29],"current_hp_per_floor":[70,68,51,51,51,46,67,65,65,65,65,65,65,42,63,9,70,67,67,67,58,58,70,41,62,62,53,70,70,70,70,70,0],"gold":55,"neow_bonus":"RANDOM_COMMON_RELIC","is_prod":false,"is_daily":false,"chose_seed":false,"campfire_upgraded":3,"win_rate":0.0,"timestamp":1549954065,"path_taken":["M","M","?","M","M","E","R","M","T","R","?","$","M","E","R","BOSS","M","?","$","?","?","R","M","R","T","M","?","?","R","?","R","BOSS"],"build_version":"2019-01-23","purchased_purges":0,"victory":false,"max_hp_per_floor":[70,70,70,70,70,70,70,70,70,70,70,70,70,70,70,70,70,70,70,70,70,70,70,70,70,70,70,70,70,70,70,70,70],"card_choices":[{"not_picked":["Deflect","Infinite Blades"],"picked":"Leg Sweep","floor":1},{"not_picked":["Dagger Throw","Slice"],"picked":"Quick Slash","floor":2},{"not_picked":["Deadly Poison","Eviscerate"],"picked":"Backflip","floor":4},{"not_picked":["Escape Plan","Caltrops"],"picked":"Bouncing Flask","floor":5},{"not_picked":["Caltrops","Bullet Time"],"picked":"All Out Attack","floor":6},{"not_picked":["Bane","Quick Slash"],"picked":"Flying Knee","floor":8},{"not_picked":["Underhanded Strike+1","Blade Dance","Storm of Steel"],"picked":"SKIP","floor":13},{"not_picked":["Deflect","Accuracy"],"picked":"Quick Slash+1","floor":14},{"not_picked":["Glass Knife+1","Burst"],"picked":"Corpse Explosion","floor":16},{"not_picked":["Endless Agony+1","Blade Dance"],"picked":"Dodge and Roll","floor":17},{"not_picked":["Bane+1","Cloak And Dagger"],"picked":"Dagger Throw+1","floor":17},{"not_picked":["Slice+1","Blade Dance"],"picked":"PiercingWail","floor":17},{"not_picked":["Prepared","Sucker Punch+1"],"picked":"Bouncing Flask","floor":17},{"not_picked":["Sucker Punch+1","After Image"],"picked":"Dodge and Roll","floor":18},{"not_picked":["Deflect","Blur"],"picked":"Flechettes+1","floor":24},{"not_picked":["Escape Plan","Choke+1","Distraction"],"picked":"SKIP","floor":27},{"not_picked":["Choke+1","Caltrops"],"picked":"Finisher+1","floor":31}],"player_experience":73446,"relics_obtained":[{"floor":6,"key":"Incense Burner"},{"floor":9,"key":"Molten Egg 2"},{"floor":14,"key":"FossilizedHelix"},{"floor":26,"key":"Sundial"}],"event_choices":[{"damage_healed":0,"gold_gain":0,"player_choice":"Take Damage","damage_taken":17,"relics_obtained":["Golden Idol"],"max_hp_gain":0,"max_hp_loss":0,"event_name":"Golden Idol","floor":3,"gold_loss":0},{"damage_healed":0,"gold_gain":0,"player_choice":"Left Gold","damage_taken":0,"max_hp_gain":0,"max_hp_loss":0,"event_name":"World of Goop","floor":11,"gold_loss":29},{"damage_healed":0,"gold_gain":0,"player_choice":"Simplicity","damage_taken":0,"max_hp_gain":0,"max_hp_loss":0,"event_name":"Back to Basics","floor":19,"gold_loss":0,"cards_upgraded":["Defend_G","Defend_G","Defend_G","Defend_G","Defend_G","Strike_G","Strike_G","Strike_G","Strike_G","Strike_G"]},{"damage_healed":0,"gold_gain":0,"player_choice":"Fight","damage_taken":0,"max_hp_gain":0,"max_hp_loss":0,"event_name":"Colosseum","floor":21,"gold_loss":0},{"damage_healed":0,"gold_gain":0,"player_choice":"Fled From Nobs","damage_taken":0,"max_hp_gain":0,"max_hp_loss":0,"event_name":"Colosseum","floor":21,"gold_loss":0},{"damage_healed":0,"gold_gain":0,"player_choice":"Ignored","damage_taken":0,"max_hp_gain":0,"max_hp_loss":0,"event_name":"Ghosts","floor":22,"gold_loss":0},{"damage_healed":23,"gold_gain":0,"player_choice":"Heal","damage_taken":0,"max_hp_gain":0,"max_hp_loss":0,"event_name":"The Library","floor":28,"gold_loss":0}],"is_beta":false,"boss_relics":[{"not_picked":["Fusion Hammer","WristBlade"],"picked":"Orrery"}],"items_purged_floors":[],"is_endless":false,"potions_floor_spawned":[1,4,5,14,16,18,24,27,31],"killed_by":"Automaton","ascension_level":0}