{"gold_per_floor":[114,114,114,133,147,147,161,161,161,161,241,261,211,63,63,162,162,177,177],"floor_reached":19,"playtime":1249,"items_purged":["Strike_B"],"score":157,"play_id":"40e3b0ae-d5f1-430d-a560-57140882b820","local_time":"20181225002050","is_ascension_mode":false,"campfire_choices":[{"data":"Coolheaded","floor":6,"key":"SMITH"},{"data":"Zap","floor":8,"key":"SMITH"},{"data":"Cold Snap","floor":10,"key":"SMITH"},{"data":"Echo Form","floor":15,"key":"SMITH"}],"neow_cost":"NONE","seed_source_timestamp":277554495103612,"circlet_count":0,"master_deck":["Strike_B","Defend_B","Defend_B","Defend_B","Defend_B","Zap+1","Dualcast+1","Cold Snap+1","Coolheaded+1","Echo Form+1","White Noise+1","Creative AI","Heatsinks"],"relics":["Cracked Core","Toxic Egg 2","Ornamental Fan","Coffee Dripper"],"potions_floor_usage":[16,16,19],"damage_taken":[{"damage":0,"enemies":"2 Louse","floor":1,"turns":1},{"damage":1,"enemies":"Jaw Worm","floor":4,"turns":3},{"damage":0,"enemies":"Small Slimes","floor":5,"turns":2},{"damage":0,"enemies":"Blue Slaver","floor":7,"turns":3},{"damage":9,"enemies":"3 Louse","floor":12,"turns":2},{"damage":43,"enemies":"Hexaghost","floor":16,"turns":12},{"damage":0,"enemies":"Spheric Guardian","floor":18,"turns":4},{"damage":44,"enemies":"Colosseum Slavers","floor":19,"turns":6},{"damage":65,"enemies":"Colosseum Nobs","floor":19,"turns":3}],"seed_played":"-1788940996356822413","potions_obtained":[{"floor":5,"key":"AttackPotion"},{"floor":7,"key":"EssenceOfSteel"},{"floor":16,"key":"FocusPotion"}],"is_trial":false,"path_per_floor":["M","?","?","M","M","R","M","R","T","R","T","M","?","$","R","B",null,"M","?"],"character_chosen":"DEFECT","items_purchased":["White Noise+1"],"campfire_rested":0,"item_purchase_floors":[14],"current_hp_per_floor":[75,75,68,67,67,67,67,67,67,67,67,58,58,58,58,15,75,75,0],"gold":177,"neow_bonus":"UPGRADE_CARD","is_prod":false,"is_daily":false,"chose_seed":false,"campfire_upgraded":4,"win_rate":0.0,"timestamp":1545726050,"path_taken":["M","?","?","M","M","R","M","R","T","R","?","?","?","$","R","BOSS","M","?"],"build_version":"2018-12-20","purchased_purges":1,"victory":false,"max_hp_per_floor":[75,75,75,75,75,75,75,75,75,75,75,75,75,75,75,75,75,75,75],"card_choices":[{"not_picked":["Leap","FTL"],"picked":"Cold Snap","floor":1},{"not_picked":["Streamline","Stack"],"picked":"Coolheaded","floor":4},{"not_picked":["Blizzard","Aggregate","Tempest"],"picked":"SKIP","floor":5},{"not_picked":["Rebound","Storm","Turbo"],"picked":"SKIP","floor":7},{"not_picked":["Turbo+1","Gash"],"picked":"Echo Form","floor":12},{"not_picked":["Amplify+1","Thunder Strike"],"picked":"Creative AI","floor":16},{"not_picked":["Hologram+1","Turbo+1"],"picked":"Heatsinks","floor":18}],"player_experience":242071,"relics_obtained":[{"floor":9,"key":"Toxic Egg 2"},{"floor":11,"key":"Ornamental Fan"}],"event_choices":[{"damage_healed":0,"gold_gain":0,"player_choice":"Ignored","damage_taken":0,"max_hp_gain":0,"max_hp_loss":0,"event_name":"Liars Game","floor":2,"gold_loss":0},{"cards_removed":["Strike_B"],"damage_healed":0,"gold_gain":0,"player_choice":"Card Removal","damage_taken":7,"max_hp_gain":0,"max_hp_loss":0,"event_name":"Golden Wing","floor":3,"gold_loss":0},{"cards_removed":["Strike_B"],"damage_healed":0,"gold_gain":0,"player_choice":"Card Removal","damage_taken":0,"max_hp_gain":0,"max_hp_loss":0,"event_name":"The Cleric","floor":13,"gold_loss":50},{"damage_healed":0,"gold_gain":0,"player_choice":"Fight","damage_taken":0,"max_hp_gain":0,"max_hp_loss":0,"event_name":"Colosseum","floor":19,"gold_loss":0},{"damage_healed":0,"gold_gain":0,"player_choice":"Fought Nobs","damage_taken":0,"max_hp_gain":0,"max_hp_loss":0,"event_name":"Colosseum","floor":19,"gold_loss":0}],"is_beta":false,"boss_relics":[{"not_picked":["Runic Dome","Pandora\u0027s Box"],"picked":"Coffee Dripper"}],"items_purged_floors":[14],"is_endless":false,"potions_floor_spawned":[5,7,16],"killed_by":"Colosseum Nobs","ascension_level":0}