{"path_per_floor":["M","?","?","?","M","R","M","R","T","M","M","M","R","M","R","B",null,"M","?","M","M","?","?","R","M","T","R","M","M","M","$","R","B",null,"M","M","?","M","?","R","?","M","T","R","M","R","M","T","R"],"character_chosen":"IRONCLAD","items_purchased":["Bottled Flame"],"gold_per_floor":[12,12,12,12,28,28,41,41,41,53,73,92,92,111,111,215,215,227,227,237,247,247,247,247,265,292,292,310,328,341,18,18,114,114,130,143,0,17,17,17,17,29,52,52,70,70,81,381,381],"floor_reached":50,"campfire_rested":1,"playtime":7021,"current_hp_per_floor":[80,80,64,80,80,80,79,79,79,80,74,80,80,80,80,17,80,74,58,46,42,18,18,18,24,24,24,16,22,28,28,28,12,80,72,78,78,68,68,68,58,49,49,49,46,46,16,16,40],"items_purged":["Strike_R"],"gold":381,"score":390,"play_id":"a335290b-9de7-49ca-8e0f-8cd0db1026cb","is_prod":false,"is_daily":false,"is_ascension_mode":false,"campfire_upgraded":10,"path_taken":["M","?","?","?","M","R","?","R","T","M","M","M","R","M","R","BOSS","M","?","M","M","?","?","R","?","T","R","M","M","M","$","R","BOSS","M","M","?","M","?","R","?","M","T","R","M","R","M","?","R","BOSS"],"build_version":"2018-02-15-PROD1","purchased_purges":1,"victory":false,"master_deck":["Strike_R+1","Strike_R","Defend_R+1","Defend_R","Defend_R+1","Defend_R","Bash+1","Flex+1","Limit Break+1","Dropkick","Shrug It Off+1","Whirlwind+1","Sword Boomerang+1","Impervious","Uppercut+1","Spot Weakness+1","Berserk","Necronomicurse","Thunderclap+1","Good Instincts+1","Dark Shackles","Clothesline+1","Bludgeon+1","Heavy Blade+1","Disarm","Madness","Madness","Iron Wave+1","Blood for Blood"],"max_hp_per_floor":[80,80,80,80,80,80,80,80,80,80,80,80,80,80,80,80,80,80,80,80,80,80,80,80,80,80,80,80,80,80,80,80,80,80,80,80,80,80,80,80,80,80,80,80,80,80,80,80,80],"relics":["Burning Blood","Champion Belt","Philosopher\u0027s Stone","Necronomicon","War Paint","Vajra","Bottled Flame","Lizard Tail","Red Mask","Orichalcum","Old Coin"],"card_choices":[{"not_picked":["Seeing Red","Disarm"],"picked":"Dropkick"},{"not_picked":["Flex","Clothesline"],"picked":"Shrug It Off"},{"not_picked":["Armaments","Power Through"],"picked":"Whirlwind"},{"not_picked":["Body Slam","Clash"],"picked":"Sword Boomerang"},{"not_picked":["Shrug It Off","Twin Strike"],"picked":"Impervious"},{"not_picked":["Clash","Body Slam"],"picked":"Uppercut"},{"not_picked":["Cleave","Flex"],"picked":"Spot Weakness"},{"not_picked":["Fiend Fire","Juggernaut"],"picked":"Berserk"},{"not_picked":["Immolate","Clothesline"],"picked":"Thunderclap"},{"not_picked":["Warcry","Wild Strike"],"picked":"Clothesline"},{"not_picked":["True Grit","Evolve"],"picked":"Inflame"},{"not_picked":["Berserk","Juggernaut"],"picked":"Bludgeon"},{"not_picked":["Rampage","Reckless Charge"],"picked":"Heavy Blade"},{"not_picked":["Body Slam","Wild Strike"],"picked":"Disarm"},{"not_picked":["Clash","Uppercut"],"picked":"Iron Wave"},{"not_picked":["Armaments","Seeing Red"],"picked":"Blood for Blood"}],"player_experience":67029,"potions_floor_usage":[16,16,21,21,28,33,47,50],"damage_taken":[{"damage":4,"enemies":"Jaw Worm","floor":1,"turns":6},{"damage":2,"enemies":"2 Louse","floor":5,"turns":4},{"damage":7,"enemies":"Small Slimes","floor":7,"turns":3},{"damage":4,"enemies":"3 Louse","floor":10,"turns":4},{"damage":12,"enemies":"2 Fungi Beasts","floor":11,"turns":3},{"damage":0,"enemies":"Looter","floor":12,"turns":3},{"damage":5,"enemies":"Lots of Slimes","floor":14,"turns":2},{"damage":96,"enemies":"Hexaghost","floor":16,"turns":13},{"damage":12,"enemies":"Chosen","floor":18,"turns":3},{"damage":18,"enemies":"2 Thieves","floor":20,"turns":3},{"damage":16,"enemies":"3 Cultists","floor":21,"turns":4},{"damage":0,"enemies":"Snake Plant","floor":25,"turns":3},{"damage":20,"enemies":"Centurion and Healer","floor":28,"turns":3},{"damage":0,"enemies":"Snecko","floor":29,"turns":2},{"damage":0,"enemies":"3 Cultists","floor":30,"turns":2},{"damage":22,"enemies":"Automaton","floor":33,"turns":8},{"damage":14,"enemies":"3 Shapes","floor":35,"turns":1},{"damage":0,"enemies":"3 Darklings","floor":36,"turns":1},{"damage":16,"enemies":"Sphere and 2 Shapes","floor":38,"turns":1},{"damage":15,"enemies":"4 Shapes","floor":42,"turns":1},{"damage":9,"enemies":"Maw","floor":45,"turns":5},{"damage":36,"enemies":"Sphere and 2 Shapes","floor":47,"turns":7},{"damage":90,"enemies":"Time Eater","floor":50,"turns":8}],"event_choices":[{"event_name":"The Cleric","player_choice":"Leave","floor":2,"damage_taken":0},{"event_name":"Shining Light","player_choice":"Entered Light","floor":3,"damage_taken":0},{"event_name":"Wheel of Change","player_choice":"Full Heal","floor":4,"damage_taken":0},{"event_name":"Cursed Tome","player_choice":"Obtained Book","floor":19,"damage_taken":0},{"event_name":"Knowing Skull","player_choice":"CARD CARD ","floor":22,"damage_taken":0},{"event_name":"The Mausoleum","player_choice":"Yes","floor":23,"damage_taken":0},{"event_name":"Tomb of Lord Red Mask","player_choice":"Paid","floor":37,"damage_taken":0},{"event_name":"Winding Halls","player_choice":"Embrace Madness","floor":41,"damage_taken":0}],"boss_relics":[{"not_picked":["Eternal Feather","Runic Dome"],"picked":"Philosopher\u0027s Stone"},{"not_picked":["Black Blood","Cursed Key"],"picked":"Lizard Tail"}],"potions_floor_spawned":[1,5,7,16,18,28,33,38],"seed_played":"6946946424814609405","killed_by":"Time Eater","ascension_level":0,"is_trial":false}