{"gold_per_floor":[15,26,42,7,107,133,146,177,177,195,207,207,240,259,259,259],"floor_reached":16,"playtime":577,"items_purged":[],"score":180,"play_id":"5421d41d-0c08-4c37-a051-687c00136d3c","local_time":"20190116191145","is_ascension_mode":true,"campfire_choices":[{"floor":12,"key":"REST"},{"data":"Cold Snap","floor":15,"key":"SMITH"}],"neow_cost":"NO_GOLD","seed_source_timestamp":30777599981650,"circlet_count":0,"master_deck":["Strike_B","Strike_B","Strike_B","Strike_B","Defend_B","Defend_B","Defend_B","Defend_B","Zap","Dualcast","Barrage","Cold Snap+1","Ball Lightning","Streamline","Cold Snap","Sunder","Coolheaded"],"relics":["Cracked Core","Du-Vu Doll","Lantern","Nunchaku","Matryoshka","Bottled Lightning"],"potions_floor_usage":[8,10,13,16],"damage_taken":[{"damage":7,"enemies":"Small Slimes","floor":1,"turns":4},{"damage":6,"enemies":"Cultist","floor":2,"turns":3},{"damage":0,"enemies":"Jaw Worm","floor":3,"turns":3},{"damage":22,"enemies":"3 Sentries","floor":6,"turns":7},{"damage":4,"enemies":"3 Louse","floor":7,"turns":3},{"damage":36,"enemies":"Lagavulin","floor":8,"turns":6},{"damage":8,"enemies":"Blue Slaver","floor":10,"turns":3},{"damage":0,"enemies":"2 Fungi Beasts","floor":11,"turns":1},{"damage":11,"enemies":"Gremlin Nob","floor":13,"turns":4},{"damage":7,"enemies":"Gremlin Gang","floor":14,"turns":3},{"damage":11,"enemies":"Hexaghost","floor":16,"turns":9}],"seed_played":"-7336130901487882932","potions_obtained":[{"floor":3,"key":"Block Potion"},{"floor":6,"key":"EssenceOfSteel"},{"floor":7,"key":"FocusPotion"},{"floor":14,"key":"SpeedPotion"}],"is_trial":false,"path_per_floor":["M","M","M","?","?","E","M","E","T","M","M","R","E","M","R","B"],"character_chosen":"DEFECT","items_purchased":[],"campfire_rested":1,"item_purchase_floors":[],"current_hp_per_floor":[61,55,55,73,73,51,47,11,11,3,3,25,14,7,7,0],"gold":259,"neow_bonus":"ONE_RARE_RELIC","is_prod":false,"is_daily":false,"chose_seed":false,"campfire_upgraded":1,"win_rate":0,"timestamp":1547662305,"path_taken":["M","M","M","?","?","E","M","E","T","M","M","R","E","M","R","BOSS"],"build_version":"2019-01-10","purchased_purges":0,"victory":false,"max_hp_per_floor":[75,75,75,75,75,75,75,75,75,75,75,75,75,75,75,75],"card_choices":[{"not_picked":["Undo","Beam Cell"],"picked":"Barrage","floor":1},{"not_picked":["FTL","Beam Cell"],"picked":"Cold Snap","floor":2},{"not_picked":["Stack","Go for the Eyes"],"picked":"Ball Lightning","floor":3},{"not_picked":["Recycle","Sweeping Beam"],"picked":"Streamline","floor":6},{"not_picked":["Reinforced Body","Chaos","Steam Power"],"picked":"SKIP","floor":7},{"not_picked":["Undo","Rebound"],"picked":"Cold Snap","floor":8},{"not_picked":["Streamline","Storm"],"picked":"Sunder","floor":10},{"not_picked":["Recycle","Hologram","Force Field"],"picked":"SKIP","floor":11},{"not_picked":["Stack","Lockon","Ball Lightning"],"picked":"SKIP","floor":13},{"not_picked":["Gash","Scrape"],"picked":"Coolheaded","floor":14}],"player_experience":686208,"relics_obtained":[{"floor":6,"key":"Lantern"},{"floor":8,"key":"Nunchaku"},{"floor":9,"key":"Matryoshka"},{"floor":13,"key":"Bottled Lightning"}],"event_choices":[{"damage_healed":18,"gold_gain":0,"player_choice":"Healed","damage_taken":0,"max_hp_gain":0,"max_hp_loss":0,"event_name":"The Cleric","floor":4,"gold_loss":35},{"damage_healed":0,"gold_gain":100,"player_choice":"Pray","damage_taken":0,"max_hp_gain":0,"max_hp_loss":0,"event_name":"Golden Shrine","floor":5,"gold_loss":0}],"is_beta":false,"boss_relics":[],"items_purged_floors":[],"is_endless":false,"potions_floor_spawned":[3,6,7,14],"killed_by":"Hexaghost","ascension_level":9}