{"gold_per_floor":[112,112,128,139,159,159,183,136,163,163,183,203,214,247,259,367,379,402,427,53,63,80,80,0,33,33,33,33,43,55,69,69,174,174,189,189,199,299,318,318,343,343],"floor_reached":42,"playtime":1844,"items_purged":[],"score":655,"play_id":"cb7c9eda-878c-45f9-98bc-89b549db5bcb","local_time":"20190226125150","is_ascension_mode":true,"campfire_choices":[{"data":"Electrodynamics","floor":6,"key":"SMITH"},{"data":"Zap","floor":10,"key":"SMITH"},{"floor":15,"key":"REST"},{"floor":23,"key":"REST"},{"floor":27,"key":"REST"},{"floor":32,"key":"REST"},{"floor":40,"key":"REST"}],"neow_cost":"NONE","seed_source_timestamp":7982701506463,"circlet_count":0,"master_deck":["Strike_B","Strike_B","Strike_B","Strike_B","Defend_B","Defend_B","Defend_B","Defend_B","Zap+1","Dualcast","Tempest","Electrodynamics+1","Conserve Battery","Rebound","Redo","Leap","Self Repair","Lockon","Glacier","Buffer","Thunder Strike","Darkness","Conserve Battery+1","Defragment","Sunder","Auto Shields","Hologram+1","Scrape+1","Coolheaded","Stack","White Noise","Reboot","Fission","Melter+1","Redo+1","Storm","Self Repair","Go for the Eyes+1","Turbo+1"],"relics":["Cracked Core","Omamori","Potion Belt","MawBank","Velvet Choker","Lantern","Du-Vu Doll","Juzu Bracelet","Runic Pyramid","Ancient Tea Set","Prayer Wheel","Blood Vial"],"potions_floor_usage":[14,16,21,25,31,31,33,33,35,39,41],"damage_taken":[{"damage":2,"enemies":"Jaw Worm","floor":1,"turns":3},{"damage":1,"enemies":"Cultist","floor":3,"turns":3},{"damage":0,"enemies":"Small Slimes","floor":4,"turns":2},{"damage":19,"enemies":"3 Louse","floor":5,"turns":3},{"damage":0,"enemies":"Exordium Wildlife","floor":11,"turns":3},{"damage":0,"enemies":"Red Slaver","floor":12,"turns":3},{"damage":11,"enemies":"Large Slime","floor":13,"turns":2},{"damage":22,"enemies":"Gremlin Nob","floor":14,"turns":3},{"damage":0,"enemies":"Slime Boss","floor":16,"turns":5},{"damage":0,"enemies":"Spheric Guardian","floor":18,"turns":3},{"damage":6,"enemies":"Chosen","floor":19,"turns":3},{"damage":8,"enemies":"Centurion and Healer","floor":21,"turns":3},{"damage":30,"enemies":"Snake Plant","floor":22,"turns":4},{"damage":39,"enemies":"Slavers","floor":25,"turns":3},{"damage":22,"enemies":"Shelled Parasite and Fungi","floor":29,"turns":5},{"damage":6,"enemies":"Sentry and Sphere","floor":30,"turns":8},{"damage":0,"enemies":"Snake Plant","floor":31,"turns":4},{"damage":66,"enemies":"Champ","floor":33,"turns":9},{"damage":34,"enemies":"3 Darklings","floor":35,"turns":6},{"damage":0,"enemies":"3 Shapes","floor":37,"turns":4},{"damage":0,"enemies":"Mind Bloom Boss Battle","floor":38,"turns":5},{"damage":27,"enemies":"Maw","floor":39,"turns":9},{"damage":16,"enemies":"Reptomancer","floor":41,"turns":4},{"damage":37,"enemies":"3 Darklings","floor":42,"turns":2}],"seed_played":"6032836286127483287","potions_obtained":[{"floor":0,"key":"FearPotion"},{"floor":0,"key":"FocusPotion"},{"floor":0,"key":"EssenceOfSteel"},{"floor":4,"key":"Fire Potion"},{"floor":11,"key":"GamblersBrew"},{"floor":18,"key":"Block Potion"},{"floor":22,"key":"FocusPotion"},{"floor":25,"key":"Poison Potion"},{"floor":30,"key":"Explosive Potion"},{"floor":33,"key":"Dexterity Potion"},{"floor":35,"key":"SkillPotion"},{"floor":38,"key":"SkillPotion"},{"floor":41,"key":"Explosive Potion"}],"is_trial":false,"path_per_floor":["M","?","M","M","M","R","T","$","T","R","M","M","M","E","R","B",null,"M","M","$","M","M","R","?","E","T","R","?","M","M","M","R","B",null,"M","?","M","?","M","R","E","M"],"character_chosen":"DEFECT","items_purchased":["Leap","Defragment","Lantern","Sunder","Auto Shields","Energy Potion"],"campfire_rested":5,"item_purchase_floors":[8,20,20,20,20,20],"current_hp_per_floor":[73,73,72,72,53,53,53,53,53,53,53,53,42,27,49,56,70,75,69,69,68,45,67,67,35,35,57,57,42,43,50,72,13,60,33,33,33,40,20,42,33,0],"gold":343,"neow_bonus":"THREE_SMALL_POTIONS","is_prod":false,"is_daily":false,"chose_seed":false,"campfire_upgraded":2,"win_rate":0,"timestamp":1551207110,"path_taken":["M","?","M","M","?","R","?","?","T","R","M","M","M","E","R","BOSS","M","M","$","M","M","R","?","E","T","R","?","M","M","M","R","BOSS","M","?","M","?","M","R","E","M"],"build_version":"2019-01-23","purchased_purges":0,"victory":false,"max_hp_per_floor":[75,75,75,75,75,75,75,75,75,75,75,75,75,75,75,75,75,75,75,75,75,75,75,75,75,75,75,75,75,75,75,75,75,75,75,75,75,75,75,75,75,75],"card_choices":[{"not_picked":["Rip and Tear","Steam"],"picked":"Tempest","floor":1},{"not_picked":["Hello World","Rebound"],"picked":"Conserve Battery","floor":3},{"not_picked":["Gash","Darkness"],"picked":"Rebound","floor":4},{"not_picked":["Rebound","Go for the Eyes"],"picked":"Redo","floor":5},{"not_picked":["Leap","Go for the Eyes"],"picked":"Self Repair","floor":11},{"not_picked":["BootSequence","Scrape"],"picked":"Lockon","floor":12},{"not_picked":["Heatsinks","Gash"],"picked":"Glacier","floor":13},{"not_picked":["Rainbow","Steam"],"picked":"Buffer","floor":14},{"not_picked":["Reboot","Core Surge"],"picked":"Thunder Strike","floor":16},{"not_picked":["Hologram","Steam"],"picked":"Darkness","floor":18},{"not_picked":["Gash","Leap"],"picked":"Conserve Battery+1","floor":19},{"not_picked":["Rebound","Beam Cell+1"],"picked":"Hologram+1","floor":21},{"not_picked":["Glacier","Fusion"],"picked":"Scrape+1","floor":22},{"not_picked":["Skim","Compile Driver"],"picked":"Coolheaded","floor":25},{"not_picked":["Glacier+1","Melter"],"picked":"Stack","floor":29},{"not_picked":["Rebound+1","Stack"],"picked":"White Noise","floor":30},{"not_picked":["Steam Power","Loop"],"picked":"Reboot","floor":31},{"not_picked":["Amplify","All For One"],"picked":"Fission","floor":33},{"not_picked":["Rebound","Loop"],"picked":"Melter+1","floor":35},{"not_picked":["Hello World+1","Cold Snap+1"],"picked":"Redo+1","floor":37},{"not_picked":["Streamline+1","Tempest"],"picked":"Storm","floor":38},{"not_picked":["Steam","Gash"],"picked":"Self Repair","floor":39},{"not_picked":["Compile Driver+1","Reprogram+1","Go for the Eyes+1"],"picked":"SKIP","floor":39},{"not_picked":["Compile Driver+1","Reprogram+1"],"picked":"Go for the Eyes+1","floor":39},{"not_picked":["Redo+1","Ball Lightning"],"picked":"Turbo+1","floor":41}],"player_experience":426261,"relics_obtained":[{"floor":7,"key":"Omamori"},{"floor":9,"key":"Potion Belt"},{"floor":14,"key":"MawBank"},{"floor":25,"key":"Du-Vu Doll"},{"floor":26,"key":"Juzu Bracelet"},{"floor":38,"key":"Prayer Wheel"},{"floor":41,"key":"Blood Vial"}],"event_choices":[{"damage_healed":0,"gold_gain":0,"player_choice":"1 cards matched","damage_taken":0,"max_hp_gain":0,"max_hp_loss":0,"event_name":"Match and Keep!","floor":2,"gold_loss":0,"cards_obtained":["Electrodynamics"]},{"damage_healed":0,"gold_gain":0,"player_choice":"Paid Fearfully","damage_taken":0,"max_hp_gain":0,"max_hp_loss":0,"event_name":"Masked Bandits","floor":24,"gold_loss":80},{"damage_healed":0,"gold_gain":0,"player_choice":"Ignored","damage_taken":0,"max_hp_gain":0,"max_hp_loss":0,"event_name":"Beggar","floor":28,"gold_loss":0},{"damage_healed":0,"gold_gain":0,"player_choice":"Gave Potion","damage_taken":0,"relics_obtained":["Ancient Tea Set"],"max_hp_gain":0,"max_hp_loss":0,"event_name":"WeMeetAgain","floor":36,"gold_loss":0},{"damage_healed":0,"gold_gain":0,"player_choice":"Fight","damage_taken":0,"max_hp_gain":0,"max_hp_loss":0,"event_name":"MindBloom","floor":38,"gold_loss":0}],"is_beta":false,"boss_relics":[{"not_picked":["Orrery","Empty Cage"],"picked":"Velvet Choker"},{"not_picked":["Runic Dome","Eternal Feather"],"picked":"Runic Pyramid"}],"items_purged_floors":[],"is_endless":false,"potions_floor_spawned":[1,4,5,11,18,22,25,30,33,35,38,41],"killed_by":"3 Darklings","ascension_level":5}