{"gold_per_floor":[116,134,150,150,163,163,191,211,237,252,252],"floor_reached":11,"playtime":452,"items_purged":[],"score":89,"play_id":"ad621e13-f1fe-4c69-be62-7dcae7f99c6d","local_time":"20180802184629","is_ascension_mode":true,"campfire_choices":[{"data":"Fire Breathing","floor":6,"key":"SMITH"}],"neow_cost":"","seed_source_timestamp":80966515470002,"circlet_count":0,"master_deck":["Strike_R","Strike_R","Strike_R","Strike_R","Defend_R","Defend_R","Defend_R","Defend_R","Bash","Disarm","Fire Breathing+1","Dropkick","Pummel"],"relics":["Burning Blood","Girya","Vajra"],"potions_floor_usage":[8,11],"damage_taken":[{"damage":1,"enemies":"Cultist","floor":1,"turns":3},{"damage":5,"enemies":"2 Louse","floor":2,"turns":4},{"damage":7,"enemies":"Small Slimes","floor":3,"turns":3},{"damage":23,"enemies":"Exordium Thugs","floor":5,"turns":6},{"damage":51,"enemies":"Lagavulin","floor":7,"turns":7},{"damage":9,"enemies":"3 Louse","floor":8,"turns":6},{"damage":8,"enemies":"Gremlin Gang","floor":10,"turns":6},{"damage":29,"enemies":"Gremlin Nob","floor":11,"turns":3}],"seed_played":"8981707534975495297","potions_obtained":[{"floor":1,"key":"Regen Potion"},{"floor":3,"key":"LiquidBronze"},{"floor":10,"key":"Ancient Potion"}],"is_trial":false,"path_per_floor":["M","M","M","?","M","R","E","M","T","M"],"character_chosen":"IRONCLAD","items_purchased":[],"campfire_rested":0,"item_purchase_floors":[],"current_hp_per_floor":[80,80,79,79,62,62,17,29,29,27,0],"gold":252,"neow_bonus":"","is_prod":false,"is_daily":false,"chose_seed":false,"campfire_upgraded":1,"win_rate":0,"timestamp":1533228389,"path_taken":["M","M","?","?","M","R","E","M","T","M","E"],"build_version":"2018-07-26","purchased_purges":0,"victory":false,"max_hp_per_floor":[80,80,80,80,80,80,80,80,80,80,80],"card_choices":[{"not_picked":["Twin Strike","Sever Soul"],"picked":"Disarm","floor":1},{"not_picked":["Clothesline","Sentinel","Clash"],"picked":"SKIP","floor":2},{"not_picked":["Clothesline","Warcry"],"picked":"Fire Breathing","floor":3},{"not_picked":["Shrug It Off","Anger"],"picked":"Dropkick","floor":5},{"not_picked":["Pommel Strike","Clash","Flex"],"picked":"SKIP","floor":7},{"not_picked":["Armaments","True Grit","Anger"],"picked":"SKIP","floor":8},{"not_picked":["Offering","Shockwave"],"picked":"Pummel","floor":10}],"player_experience":461889,"relics_obtained":[{"floor":7,"key":"Girya"},{"floor":9,"key":"Vajra"}],"event_choices":[{"event_name":"Purifier","player_choice":"One Purge","floor":4,"damage_taken":0}],"is_beta":false,"boss_relics":[],"items_purged_floors":[],"is_endless":false,"potions_floor_spawned":[1,3,10],"killed_by":"Gremlin Nob","ascension_level":3}