{"path_per_floor":["M","M","?","M","?","R","E","M","T","E","?","R","M","?","R","B",null,"M","?","M","M","M"],"character_chosen":"THE_SILENT","items_purchased":[],"gold_per_floor":[113,132,132,152,102,102,136,152,152,186,212,212,232,232,232,362,362,387,302,327,343,362],"floor_reached":23,"campfire_rested":0,"playtime":1870,"current_hp_per_floor":[70,66,63,63,63,63,59,59,59,45,45,45,45,28,28,19,70,47,47,37,13,7],"items_purged":[],"gold":362,"score":203,"play_id":"d9515d59-15d8-4d78-821f-adf5cdb1e02c","is_prod":false,"is_daily":false,"is_ascension_mode":false,"campfire_upgraded":3,"path_taken":["M","M","?","M","?","R","E","M","T","E","?","R","M","?","R","BOSS","M","?","M","M","?","E"],"build_version":"2018-02-22-PROD1","purchased_purges":0,"victory":false,"master_deck":["Defend_G","Defend_G","Defend_G","Defend_G","Defend_G","Strike_G","Strike_G","Strike_G","Strike_G","Survivor+1","Neutralize","Noxious Fumes+1","Backstab","Accuracy","All Out Attack+1","Reflex+1","Riddle With Holes+1","Poisoned Stab+1","Heel Hook+1","After Image","Sucker Punch+1","A Thousand Cuts","Prepared","Envenom"],"max_hp_per_floor":[70,70,70,70,70,70,70,70,70,70,70,70,70,70,70,70,70,70,70,70,70,70],"relics":["Ring of the Snake","Molten Egg 2","Letter Opener","Oddly Smooth Stone","Ancient Tea Set","Odd Mushroom","Golden Idol","Black Star","Bag of Marbles"],"card_choices":[{"not_picked":["Blur","Poisoned Stab"],"picked":"Noxious Fumes"},{"not_picked":["Deadly Poison","Bane"],"picked":"Backstab"},{"not_picked":["Sucker Punch","Calculated Gamble"],"picked":"Accuracy"},{"not_picked":["Bouncing Flask","Heel Hook"],"picked":"All Out Attack"},{"not_picked":["Leg Sweep","Flying Knee"],"picked":"Reflex"},{"not_picked":["Wraith Form","Bane"],"picked":"Riddle With Holes"},{"not_picked":["Outmaneuver","All Out Attack"],"picked":"Poisoned Stab"},{"not_picked":["Distraction","Masterful Stab"],"picked":"Heel Hook"},{"not_picked":["Wraith Form","Burst"],"picked":"After Image"},{"not_picked":["Deflect","Dagger Throw"],"picked":"Sucker Punch"},{"not_picked":["PiercingWail","Predator"],"picked":"A Thousand Cuts"},{"not_picked":["Dagger Spray","Deflect"],"picked":"Prepared"},{"not_picked":["Escape Plan","Dodge and Roll"],"picked":"Envenom"}],"player_experience":142137,"potions_floor_usage":[10,10,16,16,23],"damage_taken":[{"damage":0,"enemies":"2 Louse","floor":1,"turns":4},{"damage":4,"enemies":"Jaw Worm","floor":2,"turns":4},{"damage":0,"enemies":"Small Slimes","floor":4,"turns":3},{"damage":4,"enemies":"3 Sentries","floor":7,"turns":7},{"damage":0,"enemies":"3 Louse","floor":8,"turns":2},{"damage":14,"enemies":"Gremlin Nob","floor":10,"turns":5},{"damage":0,"enemies":"The Mushroom Lair","floor":11,"turns":2},{"damage":0,"enemies":"Exordium Thugs","floor":13,"turns":2},{"damage":24,"enemies":"The Guardian","floor":16,"turns":11},{"damage":23,"enemies":"2 Thieves","floor":18,"turns":5},{"damage":10,"enemies":"3 Byrds","floor":20,"turns":5},{"damage":24,"enemies":"Snecko","floor":21,"turns":7},{"damage":6,"enemies":"Chosen and Byrds","floor":22,"turns":6},{"damage":11,"enemies":"Book of Stabbing","floor":23,"turns":3}],"event_choices":[{"event_name":"Scrap Ooze","player_choice":"success","floor":3,"damage_taken":3},{"event_name":"The Cleric","player_choice":"Card Removal","floor":5,"damage_taken":0},{"event_name":"Mushrooms","player_choice":"Fought Mushrooms","floor":11,"damage_taken":0},{"event_name":"Golden Idol","player_choice":"Take Damage","floor":14,"damage_taken":0},{"event_name":"Addict","player_choice":"Obtained Relic","floor":19,"damage_taken":0}],"boss_relics":[{"not_picked":["Ectoplasm","Philosopher\u0027s Stone"],"picked":"Black Star"}],"potions_floor_spawned":[1,4,10,20,22],"seed_played":"1773751142108349006","killed_by":"Book of Stabbing","ascension_level":0,"is_trial":false}