{"gold_per_floor":[116,127,53,67,81,81,101,128,151,151],"floor_reached":10,"playtime":489,"items_purged":[],"score":95,"play_id":"992b06af-563e-4e10-a885-1d4245254e69","local_time":"20190111034519","is_ascension_mode":true,"campfire_choices":[{"data":"Defragment","floor":6,"key":"SMITH"}],"neow_cost":"NONE","seed_source_timestamp":169106745502514,"circlet_count":0,"master_deck":["Strike_B","Strike_B","Strike_B","Strike_B","Defend_B","Defend_B","Defend_B","Defend_B","Zap","Dualcast","Finesse","Conserve Battery","FTL","Defragment+1","Self Repair","BootSequence"],"relics":["Cracked Core","Pocketwatch","Strawberry"],"potions_floor_usage":[8],"damage_taken":[{"damage":0,"enemies":"Small Slimes","floor":1,"turns":3},{"damage":0,"enemies":"Jaw Worm","floor":2,"turns":4},{"damage":0,"enemies":"2 Louse","floor":4,"turns":3},{"damage":2,"enemies":"2 Fungi Beasts","floor":5,"turns":5},{"damage":4,"enemies":"Blue Slaver","floor":7,"turns":4},{"damage":26,"enemies":"3 Sentries","floor":8,"turns":6},{"damage":73,"enemies":"Gremlin Nob","floor":10,"turns":5}],"seed_played":"-2548295560345156651","potions_obtained":[{"floor":4,"key":"Explosive Potion"},{"floor":5,"key":"Ancient Potion"}],"is_trial":false,"path_per_floor":["M","M","$","M","M","R","M","E","T","E"],"character_chosen":"DEFECT","items_purchased":["Defragment"],"campfire_rested":0,"item_purchase_floors":[3],"current_hp_per_floor":[68,68,68,68,73,73,75,56,63,0],"gold":151,"neow_bonus":"RANDOM_COLORLESS","is_prod":false,"is_daily":false,"chose_seed":false,"campfire_upgraded":1,"win_rate":0,"timestamp":1547174719,"path_taken":["M","M","$","M","M","R","M","E","T","E"],"build_version":"2019-01-03v4","purchased_purges":0,"victory":false,"max_hp_per_floor":[75,75,75,75,75,75,75,75,82,82],"card_choices":[{"not_picked":["Hello World","Gash"],"picked":"Conserve Battery","floor":1},{"not_picked":["Melter","Reinforced Body"],"picked":"FTL","floor":2},{"not_picked":["Chill","Hologram"],"picked":"Self Repair","floor":4},{"not_picked":["Go for the Eyes","Reinforced Body","Lockon"],"picked":"SKIP","floor":5},{"not_picked":["Aggregate","Beam Cell","Ball Lightning"],"picked":"SKIP","floor":7},{"not_picked":["Double Energy","Streamline"],"picked":"BootSequence","floor":8}],"player_experience":664911,"relics_obtained":[{"floor":8,"key":"Pocketwatch"},{"floor":9,"key":"Strawberry"}],"event_choices":[],"is_beta":false,"boss_relics":[],"items_purged_floors":[],"is_endless":false,"potions_floor_spawned":[4,5],"killed_by":"Gremlin Nob","ascension_level":7}