{"path_per_floor":["M","?","M","M","M","E","M","M","T","M","$","M","R","M","R","B",null,"M","M","?","M","$","R","M","?","T","M","E","M","R","M","R","B",null,"M","?","?","T","M","R","M","M","T","M","R","M","M","$","R","B"],"character_chosen":"IRONCLAD","items_purchased":["Anchor","Prayer Wheel","Bird Faced Urn"],"gold_per_floor":[110,110,130,149,172,215,229,243,243,263,44,68,68,92,92,218,218,234,249,249,264,19,19,32,32,59,73,108,118,118,131,131,231,231,242,242,242,316,336,336,346,357,409,421,421,441,461,39,39,39],"floor_reached":51,"campfire_rested":1,"playtime":6866,"current_hp_per_floor":[78,57,62,67,48,23,16,25,25,31,31,37,37,48,48,44,87,76,83,97,74,74,74,69,69,74,50,57,80,80,95,95,14,97,93,81,81,86,87,87,84,48,53,59,59,39,43,43,75,25],"items_purged":["Strike_R","Strike_R","Wild Strike"],"gold":39,"score":531,"play_id":"b8349309-a9a2-4f0a-a739-449bad3c0aaf","is_prod":false,"is_daily":false,"is_ascension_mode":false,"campfire_upgraded":7,"path_taken":["M","?","M","M","M","E","M","M","T","M","?","?","R","?","R","BOSS","M","M","?","M","$","R","M","?","T","M","E","?","R","?","R","BOSS","M","?","?","?","M","R","?","M","T","M","R","M","?","$","R","BOSS"],"build_version":"2018-02-08-PROD1","purchased_purges":3,"victory":true,"master_deck":["Defend_R","Defend_R","Defend_R","Defend_R","Bash","Thunderclap","Shockwave","Evolve+1","Shrug It Off+1","Reckless Charge+1","Reaper","Infernal Blade","Dropkick+1","Wild Strike+1","Flame Barrier+1","Battle Trance+1","Double Tap+1","Metallicize+1","Pommel Strike+1","Berserk+1","Headbutt+1","Body Slam+1","Feed+1","Madness","Madness","Wild Strike+1","Rampage+1","Armaments+1"],"max_hp_per_floor":[87,87,87,87,87,87,87,87,87,87,87,87,87,87,87,87,87,87,87,97,97,97,97,97,97,97,97,97,97,97,97,97,97,97,97,97,97,97,97,97,97,101,101,105,105,105,109,109,109,113],"relics":["Burning Blood","Strawberry","Bloody Idol","Bag of Preparation","Champion Belt","Anchor","Sozu","Prayer Wheel","Omamori","Frozen Egg 2","Astrolabe","Matryoshka","Gremlin Horn","Pen Nib","Bird Faced Urn"],"card_choices":[{"not_picked":["Clash","Body Slam"],"picked":"Thunderclap"},{"not_picked":["Clothesline","Perfected Strike"],"picked":"Shockwave"},{"not_picked":["Rupture","Thunderclap"],"picked":"Evolve"},{"not_picked":["Pommel Strike","Whirlwind"],"picked":"Shrug It Off"},{"not_picked":["Sever Soul","Rupture"],"picked":"Reckless Charge"},{"not_picked":["Body Slam","Cleave"],"picked":"Reaper"},{"not_picked":["Shrug It Off","Clothesline"],"picked":"Infernal Blade"},{"not_picked":["Feel No Pain","Shockwave"],"picked":"Dropkick"},{"not_picked":["Reaper","Dark Embrace"],"picked":"Brutality"},{"not_picked":["Armaments","Pommel Strike"],"picked":"Wild Strike"},{"not_picked":["Rage","Fire Breathing"],"picked":"Flame Barrier"},{"not_picked":["Twin Strike","Searing Blow"],"picked":"Battle Trance"},{"not_picked":["Hemokinesis","Anger"],"picked":"Double Tap"},{"not_picked":["Armaments","Clash"],"picked":"Metallicize"},{"not_picked":["Iron Wave","Feel No Pain"],"picked":"Pommel Strike"},{"not_picked":["Reaper","Searing Blow"],"picked":"Wild Strike"},{"not_picked":["Bludgeon","Dark Embrace"],"picked":"Berserk"},{"not_picked":["Hemokinesis","Armaments"],"picked":"Wild Strike"},{"not_picked":["Flex","Anger"],"picked":"Rampage"},{"not_picked":["Heavy Blade","Limit Break"],"picked":"Armaments"}],"player_experience":54838,"potions_floor_usage":[10,16,16,16],"damage_taken":[{"damage":15,"enemies":"Blue Slaver","floor":1,"turns":7},{"damage":1,"enemies":"Jaw Worm","floor":3,"turns":5},{"damage":1,"enemies":"Cultist","floor":4,"turns":4},{"damage":25,"enemies":"Exordium Thugs","floor":5,"turns":6},{"damage":31,"enemies":"3 Sentries","floor":6,"turns":10},{"damage":13,"enemies":"Lots of Slimes","floor":7,"turns":4},{"damage":9,"enemies":"3 Louse","floor":8,"turns":3},{"damage":4,"enemies":"Red Slaver","floor":10,"turns":5},{"damage":0,"enemies":"Large Slime","floor":12,"turns":4},{"damage":1,"enemies":"3 Louse","floor":14,"turns":3},{"damage":10,"enemies":"The Guardian","floor":16,"turns":8},{"damage":17,"enemies":"Shell Parasite","floor":18,"turns":7},{"damage":7,"enemies":"Chosen","floor":19,"turns":6},{"damage":31,"enemies":"Snake Plant","floor":21,"turns":6},{"damage":17,"enemies":"3 Cultists","floor":24,"turns":6},{"damage":35,"enemies":"Slaver and Parasite","floor":27,"turns":9},{"damage":22,"enemies":"Slavers","floor":28,"turns":5},{"damage":0,"enemies":"Centurion and Healer","floor":29,"turns":5},{"damage":10,"enemies":"3 Cultists","floor":31,"turns":6},{"damage":106,"enemies":"Collector","floor":33,"turns":11},{"damage":15,"enemies":"Orb Walker","floor":35,"turns":4},{"damage":14,"enemies":"3 Darklings","floor":39,"turns":6},{"damage":14,"enemies":"Maw","floor":41,"turns":7},{"damage":58,"enemies":"4 Shapes","floor":42,"turns":7},{"damage":9,"enemies":"Sphere and 2 Shapes","floor":44,"turns":5},{"damage":35,"enemies":"Maw","floor":46,"turns":6},{"damage":27,"enemies":"4 Shapes","floor":47,"turns":8},{"damage":78,"enemies":"Awakened One","floor":50,"turns":11}],"event_choices":[{"event_name":"Golden Idol","player_choice":"Take Damage","floor":2,"damage_taken":0},{"event_name":"Bonfire Elementals","player_choice":"RARE","floor":20,"damage_taken":0},{"event_name":"Forgotten Altar","player_choice":"Gave Idol","floor":25,"damage_taken":0},{"event_name":"Winding Halls","player_choice":"Embrace Madness","floor":36,"damage_taken":0},{"event_name":"The Lab","player_choice":"Got Potions","floor":37,"damage_taken":0}],"boss_relics":[{"not_picked":["Black Blood","Runic Pyramid"],"picked":"Sozu"},{"not_picked":["Runic Dome","Tiny House"],"picked":"Astrolabe"}],"potions_floor_spawned":[4,6,7,10,12,16,18,21,24,28,29,35,39,42,46],"seed_played":"-921384395582145087","ascension_level":0,"is_trial":false}