{"gold_per_floor":[117,147,163,176,188,215,233,259,283,283],"floor_reached":10,"playtime":356,"items_purged":[],"score":84,"play_id":"18995284-6c2a-4e2d-8f42-d238f056341d","local_time":"20190217153109","is_ascension_mode":true,"campfire_choices":[],"neow_cost":"NONE","seed_source_timestamp":15923306427246,"circlet_count":0,"master_deck":["Defend_G","Defend_G","Defend_G","Defend_G","Defend_G","Strike_G","Strike_G","Strike_G","Strike_G","Strike_G","Survivor","Neutralize","Caltrops","Regret","Dagger Spray","Riddle With Holes","Crippling Poison","Finisher","Dash","Deflect","Dagger Spray"],"relics":["Ring of the Snake","NeowsBlessing","Tiny Chest","Prayer Wheel","Bag of Marbles","Smiling Mask"],"potions_floor_usage":[5,5,6,7,10],"damage_taken":[{"damage":0,"enemies":"Small Slimes","floor":1,"turns":1},{"damage":0,"enemies":"2 Louse","floor":3,"turns":1},{"damage":1,"enemies":"Jaw Worm","floor":4,"turns":1},{"damage":3,"enemies":"Gremlin Gang","floor":5,"turns":3},{"damage":29,"enemies":"Gremlin Nob","floor":6,"turns":5},{"damage":0,"enemies":"Lots of Slimes","floor":7,"turns":1},{"damage":27,"enemies":"Lagavulin","floor":8,"turns":8},{"damage":12,"enemies":"Large Slime","floor":10,"turns":4}],"seed_played":"-6176964959645361300","potions_obtained":[{"floor":1,"key":"Weak Potion"},{"floor":3,"key":"LiquidBronze"},{"floor":4,"key":"Poison Potion"},{"floor":6,"key":"Energy Potion"},{"floor":7,"key":"Explosive Potion"}],"is_trial":false,"path_per_floor":["M","?","M","M","M","E","M","E","T","M"],"character_chosen":"THE_SILENT","items_purchased":[],"campfire_rested":0,"item_purchase_floors":[],"current_hp_per_floor":[70,70,70,69,66,37,37,10,10,0],"gold":283,"neow_bonus":"THREE_ENEMY_KILL","is_prod":false,"is_daily":false,"chose_seed":false,"campfire_upgraded":0,"win_rate":0,"timestamp":1550439069,"path_taken":["M","?","M","M","M","E","M","E","T","M"],"build_version":"2019-01-23","purchased_purges":0,"victory":false,"max_hp_per_floor":[70,70,70,70,70,70,70,70,70,70],"card_choices":[{"not_picked":["Slice","Acrobatics"],"picked":"Caltrops","floor":1},{"not_picked":["Caltrops","Backflip"],"picked":"Dagger Spray","floor":3},{"not_picked":["Skewer","Reflex"],"picked":"Riddle With Holes","floor":4},{"not_picked":["Reflex","Cloak And Dagger"],"picked":"Crippling Poison","floor":5},{"not_picked":["Sucker Punch","Dodge and Roll"],"picked":"Finisher","floor":6},{"not_picked":["Concentrate","Tools of the Trade"],"picked":"Dash","floor":7},{"not_picked":["Poisoned Stab","Deadly Poison"],"picked":"Deflect","floor":7},{"not_picked":["Slice","Outmaneuver"],"picked":"Dagger Spray","floor":8}],"player_experience":182497,"relics_obtained":[{"floor":6,"key":"Prayer Wheel"},{"floor":8,"key":"Bag of Marbles"},{"floor":9,"key":"Smiling Mask"}],"event_choices":[{"damage_healed":0,"gold_gain":0,"player_choice":"Box","damage_taken":0,"relics_obtained":["Tiny Chest"],"max_hp_gain":0,"max_hp_loss":0,"event_name":"Big Fish","floor":2,"gold_loss":0,"cards_obtained":["Regret"]}],"is_beta":false,"boss_relics":[],"items_purged_floors":[],"is_endless":false,"potions_floor_spawned":[1,3,4,6,7],"killed_by":"Large Slime","ascension_level":1}