{"gold_per_floor":[110,126,142,142,159,192,203,203],"floor_reached":8,"playtime":426,"items_purged":[],"score":84,"play_id":"c6db1678-63e1-49c4-8d9f-aa7cda1ba491","local_time":"20181119160924","is_ascension_mode":true,"campfire_choices":[],"neow_cost":"NONE","seed_source_timestamp":337306195372043,"circlet_count":0,"master_deck":["Strike_R","Strike_R","Strike_R","Strike_R","Defend_R","Defend_R","Defend_R","Defend_R","Bash","Pommel Strike","Headbutt","Intimidate","Cleave","Metallicize+1","Barricade+1"],"relics":["Burning Blood","Juzu Bracelet","Frozen Egg 2"],"potions_floor_usage":[7],"damage_taken":[{"damage":1,"enemies":"2 Louse","floor":1,"turns":3},{"damage":5,"enemies":"Small Slimes","floor":2,"turns":4},{"damage":9,"enemies":"Jaw Worm","floor":3,"turns":3},{"damage":6,"enemies":"Blue Slaver","floor":5,"turns":5},{"damage":50,"enemies":"3 Sentries","floor":6,"turns":8},{"damage":23,"enemies":"Exordium Thugs","floor":7,"turns":12},{"damage":31,"enemies":"Gremlin Nob","floor":8,"turns":4}],"seed_played":"-4702363019448468672","potions_obtained":[{"floor":3,"key":"Regen Potion"},{"floor":5,"key":"Swift Potion"},{"floor":6,"key":"LiquidBronze"}],"is_trial":false,"path_per_floor":["M","M","M","?","M","E","M","E"],"character_chosen":"IRONCLAD","items_purchased":[],"campfire_rested":0,"item_purchase_floors":[],"current_hp_per_floor":[77,78,75,75,75,31,29,0],"gold":203,"neow_bonus":"RANDOM_COMMON_RELIC","is_prod":false,"is_daily":false,"chose_seed":false,"campfire_upgraded":0,"win_rate":0,"timestamp":1542640164,"path_taken":["M","M","M","?","M","E","M","E"],"build_version":"2018-11-15","purchased_purges":0,"victory":false,"max_hp_per_floor":[80,80,80,80,80,80,80,80],"card_choices":[{"not_picked":["Wild Strike","Thunderclap"],"picked":"Pommel Strike","floor":1},{"not_picked":["Thunderclap","Heavy Blade"],"picked":"Headbutt","floor":2},{"not_picked":["Flex","Flame Barrier"],"picked":"Intimidate","floor":3},{"not_picked":["Rupture","Hemokinesis"],"picked":"Cleave","floor":5},{"not_picked":["Iron Wave","Reckless Charge"],"picked":"Metallicize","floor":6},{"not_picked":["Twin Strike","Uppercut"],"picked":"Barricade+1","floor":7}],"player_experience":552267,"relics_obtained":[{"floor":6,"key":"Frozen Egg 2"}],"event_choices":[{"cards_removed":["Strike_R"],"damage_healed":0,"gold_gain":0,"player_choice":"Forget","damage_taken":0,"max_hp_gain":0,"max_hp_loss":0,"event_name":"Living Wall","floor":4,"gold_loss":0}],"is_beta":false,"boss_relics":[],"items_purged_floors":[],"is_endless":false,"potions_floor_spawned":[3,5,6],"killed_by":"Gremlin Nob","ascension_level":8}