{"path_per_floor":["M","M","?","M","M","E","M","M","T","?","R","T","M","M","R","B",null,"M","M","?","?","M","R","M","$","T","M","T","R","M","M","R"],"character_chosen":"IRONCLAD","items_purchased":["Pen Nib"],"gold_per_floor":[19,31,31,44,60,86,105,115,139,139,139,139,153,163,163,266,266,266,266,266,266,266,266,266,34,34,34,34,34,34,34,34,34],"floor_reached":33,"campfire_rested":1,"playtime":1097,"current_hp_per_floor":[80,80,73,71,68,52,54,55,55,55,55,55,59,66,66,74,90,92,94,70,54,45,45,39,39,39,32,32,63,62,58,58,0],"items_purged":["Defend_R"],"gold":34,"score":330,"play_id":"f5203d4f-392f-4c17-84e4-d009ad03e781","local_time":"20180413211006","is_prod":false,"is_daily":false,"chose_seed":false,"is_ascension_mode":false,"campfire_upgraded":4,"timestamp":1523668206,"path_taken":["M","M","?","M","M","E","M","?","T","?","R","?","?","?","R","BOSS","M","M","?","?","M","R","M","?","T","M","?","R","M","?","R","BOSS"],"build_version":"2018-04-12","seed_source_timestamp":37515565137422,"purchased_purges":1,"victory":false,"master_deck":["Strike_R","Strike_R","Strike_R","Strike_R","Strike_R","Defend_R","Defend_R","Defend_R","Bash+1","Cleave","Perfected Strike+1","Injury","Perfected Strike+1","Dramatic Entrance+1","Good Instincts","Perfected Strike+1"],"max_hp_per_floor":[80,80,80,80,80,82,84,86,86,86,86,86,86,88,88,90,90,92,94,94,94,94,94,96,96,96,98,98,100,102,104,104,104],"relics":["Burning Blood","Torii","Orichalcum","Singing Bowl","Dream Catcher","Gremlin Horn","Ectoplasm","Enchiridion","Pen Nib","Mummified Hand","Anchor"],"card_choices":[{"not_picked":["Power Through","Anger"],"picked":"Cleave","floor":2},{"not_picked":["Havoc","Pommel Strike"],"picked":"Perfected Strike","floor":4},{"not_picked":["Shrug It Off","Headbutt"],"picked":"Perfected Strike","floor":13},{"not_picked":["Shrug It Off","Clothesline"],"picked":"Perfected Strike","floor":22}],"player_experience":176142,"potions_floor_usage":[7,16,24,33,33],"damage_taken":[{"damage":6,"enemies":"Cultist","floor":1,"turns":3},{"damage":6,"enemies":"Jaw Worm","floor":2,"turns":3},{"damage":8,"enemies":"2 Louse","floor":4,"turns":2},{"damage":9,"enemies":"Exordium Thugs","floor":5,"turns":5},{"damage":24,"enemies":"Lagavulin","floor":6,"turns":7},{"damage":6,"enemies":"3 Louse","floor":7,"turns":2},{"damage":7,"enemies":"Blue Slaver","floor":8,"turns":3},{"damage":2,"enemies":"Exordium Wildlife","floor":13,"turns":2},{"damage":1,"enemies":"Lots of Slimes","floor":14,"turns":2},{"damage":0,"enemies":"Slime Boss","floor":16,"turns":5},{"damage":2,"enemies":"Shell Parasite","floor":18,"turns":4},{"damage":1,"enemies":"Spheric Guardian","floor":19,"turns":3},{"damage":15,"enemies":"Snake Plant","floor":22,"turns":2},{"damage":14,"enemies":"Centurion and Healer","floor":24,"turns":3},{"damage":15,"enemies":"Chosen and Byrds","floor":27,"turns":4},{"damage":9,"enemies":"Snake Plant","floor":30,"turns":4},{"damage":12,"enemies":"Centurion and Healer","floor":31,"turns":3},{"damage":90,"enemies":"Automaton","floor":33,"turns":6}],"event_choices":[{"event_name":"Scrap Ooze","player_choice":"success","floor":3,"damage_taken":7},{"event_name":"Accursed Blacksmith","player_choice":"Forge","floor":10,"damage_taken":0},{"event_name":"Knowing Skull","player_choice":"CARD CARD ","floor":20,"damage_taken":0},{"event_name":"Cursed Tome","player_choice":"Obtained Book","floor":21,"damage_taken":0}],"boss_relics":[{"not_picked":["Black Blood","Runic Dome"],"picked":"Ectoplasm"}],"potions_floor_spawned":[2,6,7,8,14,19],"seed_played":"1211951058444320285","killed_by":"Automaton","ascension_level":0,"is_trial":false}