{"path_per_floor":["M","?","M","?","M","E","M","?","T","M","$","?"],"character_chosen":"DEFECT","items_purchased":["Loop"],"gold_per_floor":[118,118,131,206,224,253,268,268,293,313,239,239,239],"floor_reached":13,"campfire_rested":0,"playtime":706,"item_purchase_floors":[11],"current_hp_per_floor":[73,73,69,58,58,37,17,17,17,11,11,11,0],"items_purged":[],"gold":239,"score":85,"play_id":"202f915d-c8a3-492e-9028-75313021db27","local_time":"20180602035837","is_prod":false,"is_daily":false,"chose_seed":false,"is_ascension_mode":false,"campfire_upgraded":0,"win_rate":0.0,"timestamp":1527904717,"campfire_choices":[],"path_taken":["M","?","M","?","M","E","?","?","T","M","?","?","E"],"build_version":"2018-05-31","seed_source_timestamp":11350373839379,"purchased_purges":0,"victory":false,"master_deck":["Strike_B","Strike_B","Strike_B","Defend_B","Defend_B","Defend_B","Defend_B","Zap","Dualcast","Fusion","Seek","Reinforced Body","Reboot","Glacier+1","Defragment","Loop","Creative AI"],"max_hp_per_floor":[75,75,75,75,75,75,75,75,75,75,75,75,75],"relics":["Cracked Core","Boot","Pen Nib"],"card_choices":[{"not_picked":["Cold Snap","Compile Driver"],"picked":"Fusion","floor":1},{"not_picked":["Rebound","Barrage"],"picked":"Reinforced Body","floor":3},{"not_picked":["Go for the Eyes","Steam","Sweeping Beam"],"picked":"SKIP","floor":5},{"not_picked":["Turbo","White Noise"],"picked":"Reboot","floor":6},{"not_picked":["Conserve Battery","Stack"],"picked":"Glacier","floor":7},{"not_picked":["Conserve Battery","Streamline"],"picked":"Defragment","floor":10}],"player_experience":296213,"potions_floor_usage":[6,13],"damage_taken":[{"damage":2,"enemies":"2 Louse","floor":1,"turns":3},{"damage":4,"enemies":"Cultist","floor":3,"turns":4},{"damage":0,"enemies":"Jaw Worm","floor":5,"turns":5},{"damage":21,"enemies":"Lagavulin","floor":6,"turns":9},{"damage":20,"enemies":"Gremlin Gang","floor":7,"turns":7},{"damage":6,"enemies":"Lots of Slimes","floor":10,"turns":8},{"damage":12,"enemies":"Gremlin Nob","floor":13,"turns":2}],"relics_obtained":[{"floor":6,"key":"Boot"},{"floor":9,"key":"Pen Nib"}],"event_choices":[{"event_name":"Transmorgrifier","player_choice":"Transform","floor":2,"damage_taken":0},{"event_name":"World of Goop","player_choice":"Gather Gold","floor":4,"damage_taken":0},{"event_name":"Upgrade Shrine","player_choice":"Upgraded","floor":8,"damage_taken":0},{"event_name":"Match and Keep!","player_choice":"1 cards matched","floor":12,"damage_taken":0}],"boss_relics":[],"items_purged_floors":[],"potions_floor_spawned":[3,6,10],"seed_played":"2121768160531484125","killed_by":"Gremlin Nob","ascension_level":0,"potions_obtained":[{"floor":3,"key":"Weak Potion"},{"floor":6,"key":"Swift Potion"},{"floor":10,"key":"Weak Potion"}],"is_trial":false}