{"gold_per_floor":[114,127,143,159,174,174,189,189,189,189,215,215,226,239,239,335,335,345,345,345,364,279,279,293,303,303,64,76,76,90,106,106,206,206,216,228,84,101,101,101,111,125,152,166,12,25,25,43,43,43],"floor_reached":50,"playtime":2873,"items_purged":[],"score":483,"play_id":"10e6df46-0f85-43ce-b205-ee36659845cf","local_time":"20190211111311","is_ascension_mode":false,"campfire_choices":[{"data":"Blind","floor":6,"key":"SMITH"},{"data":"Rebound","floor":8,"key":"SMITH"},{"data":"Sweeping Beam","floor":12,"key":"SMITH"},{"data":"Self Repair","floor":15,"key":"SMITH"},{"data":"Redo","floor":23,"key":"SMITH"},{"data":"Ball Lightning","floor":29,"key":"SMITH"},{"data":"Redo","floor":32,"key":"SMITH"},{"floor":40,"key":"REST"},{"floor":49,"key":"REST"}],"neow_cost":"NONE","seed_source_timestamp":3936003851238,"circlet_count":0,"master_deck":["Strike_B+1","Strike_B","Defend_B","Defend_B","Defend_B","Zap","Dualcast+1","Blind+1","Undo","Rebound+1","Sweeping Beam+1","Reinforced Body+1","Self Repair+1","Self Repair","Redo+1","Redo+1","Stack","Rainbow","Chaos+1","Conserve Battery+1","Scrape+1","Streamline","Ball Lightning+1","Cold Snap+1","Ball Lightning+1","Reboot","Rip and Tear+1","Rebound+1","Biased Cognition+1","Melter+1","Stack+1","Go for the Eyes+1","Parasite","Conserve Battery+1","Hologram","Rebound","Chaos+1","Parasite","Tempest+1"],"relics":["Cracked Core","Letter Opener","War Paint","Nuclear Battery","Pear","Bottled Tornado","Mercury Hourglass","Astrolabe","Whetstone","Regal Pillow","Happy Flower"],"potions_floor_usage":[19,24,30,33,33,41,46,50],"damage_taken":[{"damage":0,"enemies":"Cultist","floor":1,"turns":3},{"damage":0,"enemies":"Small Slimes","floor":2,"turns":4},{"damage":0,"enemies":"Jaw Worm","floor":3,"turns":4},{"damage":0,"enemies":"Exordium Thugs","floor":4,"turns":5},{"damage":1,"enemies":"Red Slaver","floor":5,"turns":5},{"damage":2,"enemies":"Looter","floor":7,"turns":4},{"damage":1,"enemies":"Lagavulin","floor":11,"turns":8},{"damage":0,"enemies":"Exordium Wildlife","floor":13,"turns":2},{"damage":8,"enemies":"Red Slaver","floor":14,"turns":4},{"damage":35,"enemies":"Slime Boss","floor":16,"turns":12},{"damage":18,"enemies":"Spheric Guardian","floor":18,"turns":6},{"damage":0,"enemies":"3 Byrds","floor":19,"turns":1},{"damage":13,"enemies":"Snake Plant","floor":21,"turns":4},{"damage":0,"enemies":"Centurion and Healer","floor":24,"turns":7},{"damage":0,"enemies":"Snecko","floor":25,"turns":3},{"damage":0,"enemies":"Snake Plant","floor":28,"turns":4},{"damage":6,"enemies":"Centurion and Healer","floor":30,"turns":5},{"damage":2,"enemies":"Snecko","floor":31,"turns":5},{"damage":59,"enemies":"Automaton","floor":33,"turns":10},{"damage":15,"enemies":"Orb Walker","floor":35,"turns":3},{"damage":44,"enemies":"3 Darklings","floor":36,"turns":5},{"damage":47,"enemies":"Spire Growth","floor":38,"turns":5},{"damage":16,"enemies":"Writhing Mass","floor":41,"turns":9},{"damage":12,"enemies":"Transient","floor":42,"turns":5},{"damage":18,"enemies":"Spire Growth","floor":44,"turns":5},{"damage":32,"enemies":"4 Shapes","floor":46,"turns":3},{"damage":19,"enemies":"Writhing Mass","floor":48,"turns":6},{"damage":72,"enemies":"Donu and Deca","floor":50,"turns":7}],"seed_played":"5981202361300642418","potions_obtained":[{"floor":2,"key":"Ancient Potion"},{"floor":11,"key":"Block Potion"},{"floor":13,"key":"Swift Potion"},{"floor":18,"key":"SmokeBomb"},{"floor":24,"key":"SpeedPotion"},{"floor":28,"key":"SpeedPotion"},{"floor":31,"key":"SkillPotion"},{"floor":38,"key":"SpeedPotion"},{"floor":44,"key":"AttackPotion"},{"floor":48,"key":"PowerPotion"}],"is_trial":false,"path_per_floor":["M","M","M","M","M","R","M","R","T","?","E","R","M","M","R","B",null,"M","M","?","M","?","R","M","M","T","$","M","R","M","M","R","B",null,"M","M","$","M","?","R","M","M","T","M","$","M","$","M","R","B"],"character_chosen":"DEFECT","items_purchased":["Mercury Hourglass","Whetstone","Happy Flower"],"campfire_rested":2,"item_purchase_floors":[27,37,45],"current_hp_per_floor":[75,75,75,75,74,74,75,75,75,75,75,75,75,75,75,57,75,74,74,74,68,78,78,85,85,85,85,85,85,85,85,85,26,85,85,58,58,28,28,53,54,52,52,51,51,29,29,27,67,0],"gold":43,"neow_bonus":"RANDOM_COLORLESS","is_prod":false,"is_daily":false,"chose_seed":false,"campfire_upgraded":7,"win_rate":0.0,"timestamp":1549905191,"path_taken":["M","M","?","M","M","R","M","R","T","?","E","R","M","M","R","BOSS","M","M","?","M","?","R","M","M","T","?","M","R","?","M","R","BOSS","M","M","?","M","?","R","M","M","T","M","?","?","$","M","R","BOSS"],"build_version":"2019-01-23","purchased_purges":0,"victory":false,"max_hp_per_floor":[75,75,75,75,75,75,75,75,75,75,75,75,75,75,75,75,75,75,75,75,75,85,85,85,85,85,85,85,85,85,85,85,85,85,85,85,85,85,85,85,85,85,85,85,85,85,85,85,85,85],"card_choices":[{"not_picked":["BootSequence","Storm"],"picked":"Undo","floor":1},{"not_picked":["Compile Driver","Leap"],"picked":"Rebound","floor":2},{"not_picked":["Doom and Gloom","Hologram"],"picked":"Sweeping Beam","floor":3},{"not_picked":["Loop","Go for the Eyes"],"picked":"Reinforced Body","floor":4},{"not_picked":["Gash","FTL"],"picked":"Self Repair","floor":5},{"not_picked":["Reinforced Body","Skim"],"picked":"Self Repair","floor":7},{"not_picked":["Go for the Eyes","Cold Snap"],"picked":"Redo","floor":11},{"not_picked":["Coolheaded","Skim"],"picked":"Redo","floor":13},{"not_picked":["Leap","Self Repair"],"picked":"Stack","floor":14},{"not_picked":["Echo Form","All For One"],"picked":"Rainbow","floor":16},{"not_picked":["Turbo","Rip and Tear"],"picked":"Chaos+1","floor":18},{"not_picked":["Stack","Heatsinks"],"picked":"Conserve Battery+1","floor":21},{"not_picked":["Consume+1","Redo"],"picked":"Scrape+1","floor":24},{"not_picked":["Hologram","Coolheaded"],"picked":"Streamline","floor":25},{"not_picked":["Go for the Eyes","Beam Cell+1"],"picked":"Ball Lightning","floor":28},{"not_picked":["Steam","Creative AI"],"picked":"Cold Snap","floor":30},{"not_picked":["Streamline","Gash"],"picked":"Ball Lightning+1","floor":31},{"not_picked":["All For One","Core Surge"],"picked":"Reboot","floor":33},{"not_picked":["Compile Driver+1","Streamline"],"picked":"Melter+1","floor":35},{"not_picked":["Go for the Eyes","Cold Snap+1"],"picked":"Stack+1","floor":36},{"not_picked":["Skim+1","Doom and Gloom"],"picked":"Go for the Eyes+1","floor":38},{"not_picked":["Scrape+1","Steam"],"picked":"Conserve Battery+1","floor":41},{"not_picked":["Conserve Battery+1","Amplify"],"picked":"Hologram","floor":42},{"not_picked":["Cold Snap","Turbo+1"],"picked":"Rebound","floor":44},{"not_picked":["Lockon","Darkness+1"],"picked":"Chaos+1","floor":46},{"not_picked":["Streamline+1","Melter+1"],"picked":"Tempest+1","floor":48}],"player_experience":46984,"relics_obtained":[{"floor":9,"key":"Letter Opener"},{"floor":11,"key":"War Paint"},{"floor":26,"key":"Bottled Tornado"},{"floor":43,"key":"Regal Pillow"}],"event_choices":[{"damage_healed":0,"gold_gain":0,"player_choice":"Ignored","damage_taken":0,"max_hp_gain":0,"max_hp_loss":0,"event_name":"Liars Game","floor":10,"gold_loss":0},{"damage_healed":0,"gold_gain":0,"player_choice":"Ignored","damage_taken":0,"max_hp_gain":0,"max_hp_loss":0,"event_name":"Ghosts","floor":20,"gold_loss":0},{"damage_healed":0,"gold_gain":0,"player_choice":"Obtained Relic","damage_taken":0,"relics_obtained":["Pear"],"max_hp_gain":0,"max_hp_loss":0,"event_name":"Addict","floor":22,"gold_loss":85},{"damage_healed":0,"gold_gain":0,"player_choice":"Ignored","damage_taken":0,"max_hp_gain":0,"max_hp_loss":0,"event_name":"Mysterious Sphere","floor":39,"gold_loss":0}],"is_beta":false,"boss_relics":[{"not_picked":["White Beast Statue","Fusion Hammer"],"picked":"Nuclear Battery"},{"not_picked":["Lizard Tail","Inserter"],"picked":"Astrolabe"}],"items_purged_floors":[],"is_endless":false,"potions_floor_spawned":[2,11,13,14,16,18,24,28,31,38,44,48],"killed_by":"Donu and Deca","ascension_level":0}