{"gold_per_floor":[109,109,122,122,41,41,52,52,97,97,29,62,75,92,92,191,191,211,211,280,300,316,316,343,343,422,422,436,486,116,128,128,229,229,239,88,105,6,22,22,36,105,129,146,146,173,173,0,0,0],"floor_reached":51,"playtime":3218,"items_purged":["Strike_G"],"score":749,"play_id":"7947c384-569d-46ce-b9cf-234b2399518e","local_time":"20190224220230","is_ascension_mode":false,"campfire_choices":[{"data":"Neutralize","floor":6,"key":"SMITH"},{"data":"Flying Knee","floor":8,"key":"SMITH"},{"data":"Dodge and Roll","floor":10,"key":"SMITH"},{"floor":15,"key":"REST"},{"data":"Crippling Poison","floor":23,"key":"SMITH"},{"data":"Storm of Steel","floor":25,"key":"SMITH"},{"data":"Leg Sweep","floor":27,"key":"SMITH"},{"floor":32,"key":"REST"},{"data":"Predator","floor":40,"key":"SMITH"},{"floor":45,"key":"REST"},{"floor":47,"key":"REST"},{"data":"Calculated Gamble","floor":49,"key":"SMITH"}],"neow_cost":"NONE","seed_source_timestamp":47345122688461,"circlet_count":0,"master_deck":["Defend_G","Defend_G","Defend_G+1","Defend_G","Defend_G","Strike_G","Strike_G","Strike_G","Strike_G+1","Survivor","Neutralize+1","Flying Knee+1","All Out Attack","Crippling Poison+1","Dodge and Roll+1","PiercingWail","Leg Sweep+1","Acrobatics","Calculated Gamble+1","Quick Slash","Adrenaline","Distraction","Night Terror","Storm of Steel+1","Predator+1","Malaise","Leg Sweep+1","Parasite","Blur","Backflip"],"relics":["Ring of the Snake","PreservedInsect","Vajra","Happy Flower","Snecko Eye","SsserpentHead","Potion Belt","Shuriken","Boot","Bag of Preparation","Busted Crown","Pen Nib","Anchor","Orichalcum","Lantern","Red Mask"],"potions_floor_usage":[12,24,24,31,33,33,33,41,50,50,50],"damage_taken":[{"damage":0,"enemies":"Small Slimes","floor":1,"turns":5},{"damage":0,"enemies":"2 Louse","floor":3,"turns":2},{"damage":0,"enemies":"Jaw Worm","floor":7,"turns":3},{"damage":17,"enemies":"3 Sentries","floor":12,"turns":5},{"damage":0,"enemies":"Lots of Slimes","floor":13,"turns":1},{"damage":0,"enemies":"2 Fungi Beasts","floor":14,"turns":3},{"damage":39,"enemies":"Slime Boss","floor":16,"turns":11},{"damage":0,"enemies":"3 Byrds","floor":18,"turns":4},{"damage":2,"enemies":"Shell Parasite","floor":20,"turns":13},{"damage":7,"enemies":"Snecko","floor":21,"turns":8},{"damage":8,"enemies":"Cultist and Chosen","floor":22,"turns":8},{"damage":0,"enemies":"Slavers","floor":24,"turns":4},{"damage":0,"enemies":"3 Cultists","floor":28,"turns":4},{"damage":9,"enemies":"Snake Plant","floor":31,"turns":4},{"damage":0,"enemies":"Automaton","floor":33,"turns":7},{"damage":0,"enemies":"3 Shapes","floor":35,"turns":3},{"damage":7,"enemies":"3 Darklings","floor":37,"turns":4},{"damage":0,"enemies":"Jaw Worm Horde","floor":39,"turns":3},{"damage":0,"enemies":"Writhing Mass","floor":41,"turns":2},{"damage":26,"enemies":"Sphere and 2 Shapes","floor":42,"turns":5},{"damage":3,"enemies":"Transient","floor":44,"turns":5},{"damage":12,"enemies":"Giant Head","floor":46,"turns":7},{"damage":63,"enemies":"Time Eater","floor":50,"turns":16}],"seed_played":"-1515615734055024895","potions_obtained":[{"floor":1,"key":"Swift Potion"},{"floor":7,"key":"Weak Potion"},{"floor":12,"key":"SteroidPotion"},{"floor":13,"key":"PowerPotion"},{"floor":24,"key":"GamblersBrew"},{"floor":31,"key":"Swift Potion"},{"floor":39,"key":"GamblersBrew"},{"floor":42,"key":"Energy Potion"},{"floor":46,"key":"GhostInAJar"}],"is_trial":false,"path_per_floor":["M","?","M","?","$","R","M","R","T","R","$","E","M","M","R","B",null,"M","?","M","M","M","R","E","R","T","R","M","?","$","M","R","B",null,"M","$","M","$","M","R","M","M","T","M","R","E","R","?","R","B",null],"character_chosen":"THE_SILENT","items_purchased":["Crippling Poison","Dodge and Roll","Leg Sweep","Bag of Preparation","SteroidPotion","FearPotion","SteroidPotion","Pen Nib","Anchor"],"campfire_rested":4,"item_purchase_floors":[5,5,11,30,30,30,30,36,38],"current_hp_per_floor":[77,62,62,59,59,59,59,59,59,59,59,42,42,42,65,26,77,77,77,75,68,60,60,60,60,60,60,60,60,60,51,74,74,77,77,77,70,70,70,70,70,44,44,41,64,52,75,75,75,12],"gold":0,"neow_bonus":"TEN_PERCENT_HP_BONUS","is_prod":false,"is_daily":false,"chose_seed":false,"campfire_upgraded":8,"win_rate":0,"timestamp":1551067350,"path_taken":["M","?","M","?","?","R","M","R","T","R","$","E","?","M","R","BOSS","M","?","?","M","M","R","E","R","T","R","M","?","$","M","R","BOSS","M","$","M","?","M","R","M","?","T","M","R","E","R","?","R","BOSS"],"build_version":"2019-01-23","purchased_purges":1,"victory":true,"max_hp_per_floor":[77,77,77,77,77,77,77,77,77,77,77,77,77,77,77,77,77,77,77,77,77,77,77,77,77,77,77,77,77,77,77,77,77,77,77,77,77,77,77,77,77,77,77,77,77,77,77,77,77,77],"card_choices":[{"not_picked":["Tactician","Eviscerate"],"picked":"Flying Knee","floor":1},{"not_picked":["Deadly Poison","Crippling Poison"],"picked":"All Out Attack","floor":3},{"not_picked":["Choke","Crippling Poison"],"picked":"PiercingWail","floor":7},{"not_picked":["PiercingWail","Blade Dance"],"picked":"Acrobatics","floor":12},{"not_picked":["Deadly Poison","Dagger Spray"],"picked":"Calculated Gamble","floor":13},{"not_picked":["Calculated Gamble","Bane"],"picked":"Quick Slash","floor":14},{"not_picked":["Venomology","Malaise"],"picked":"Adrenaline","floor":16},{"not_picked":["Deflect","Dagger Spray"],"picked":"Distraction","floor":18},{"not_picked":["Deflect","Quick Slash","Dagger Throw+1"],"picked":"SKIP","floor":20},{"not_picked":["Cloak And Dagger+1","Setup","Escape Plan"],"picked":"SKIP","floor":21},{"not_picked":["Poisoned Stab","Terror"],"picked":"Night Terror","floor":22},{"not_picked":["Backflip","Sucker Punch"],"picked":"Storm of Steel","floor":24},{"not_picked":["Deadly Poison","Distraction+1"],"picked":"Predator","floor":28},{"not_picked":["Distraction","Setup+1","Quick Slash+1"],"picked":"SKIP","floor":31},{"not_picked":["Grand Finale","Tools of the Trade"],"picked":"Malaise","floor":33},{"not_picked":[],"picked":"Leg Sweep+1","floor":35},{"not_picked":["Acrobatics+1"],"picked":"SKIP","floor":37},{"not_picked":["Blade Dance"],"picked":"SKIP","floor":39},{"not_picked":["Deflect+1"],"picked":"SKIP","floor":41},{"not_picked":[],"picked":"Blur","floor":42},{"not_picked":[],"picked":"Backflip","floor":44},{"not_picked":["Blade Dance"],"picked":"SKIP","floor":46}],"player_experience":370413,"relics_obtained":[{"floor":9,"key":"Vajra"},{"floor":12,"key":"Happy Flower"},{"floor":24,"key":"Potion Belt"},{"floor":26,"key":"Shuriken"},{"floor":43,"key":"Orichalcum"},{"floor":46,"key":"Lantern"}],"event_choices":[{"damage_healed":0,"gold_gain":0,"player_choice":"Entered Light","damage_taken":15,"max_hp_gain":0,"max_hp_loss":0,"event_name":"Shining Light","floor":2,"gold_loss":0,"cards_upgraded":["Strike_G","Defend_G"]},{"damage_healed":0,"gold_gain":0,"player_choice":"Success","damage_taken":3,"relics_obtained":["PreservedInsect"],"max_hp_gain":0,"max_hp_loss":0,"event_name":"Scrap Ooze","floor":4,"gold_loss":0},{"damage_healed":0,"gold_gain":0,"player_choice":"Trade","damage_taken":0,"relics_obtained":["SsserpentHead"],"max_hp_gain":0,"max_hp_loss":0,"event_name":"FaceTrader","floor":19,"gold_loss":0},{"damage_healed":0,"gold_gain":0,"player_choice":"Gave Potion","damage_taken":0,"relics_obtained":["Boot"],"max_hp_gain":0,"max_hp_loss":0,"event_name":"WeMeetAgain","floor":29,"gold_loss":0},{"damage_healed":0,"gold_gain":0,"player_choice":"Paid","damage_taken":0,"relics_obtained":["Red Mask"],"max_hp_gain":0,"max_hp_loss":0,"event_name":"Tomb of Lord Red Mask","floor":48,"gold_loss":223}],"is_beta":false,"boss_relics":[{"not_picked":["Runic Pyramid","Ectoplasm"],"picked":"Snecko Eye"},{"not_picked":["Sozu","Astrolabe"],"picked":"Busted Crown"}],"items_purged_floors":[30],"is_endless":false,"potions_floor_spawned":[1,7,12,13,20,24,31,39,42,46],"ascension_level":0}