{"gold_per_floor":[115,115,126,144,144,175,175,33,80,99,117,117,150,169,169,274,274,294,234,244,262,282,282,302,312,312,329,329],"floor_reached":28,"playtime":2826,"items_purged":[],"score":236,"play_id":"ca5100d5-d7c7-4256-951e-546538bf5dd0","local_time":"20190210124810","is_ascension_mode":false,"campfire_choices":[{"data":"Buffer","floor":7,"key":"SMITH"},{"floor":12,"key":"REST"},{"floor":15,"key":"REST"},{"floor":23,"key":"REST"}],"neow_cost":"NONE","seed_source_timestamp":8422149727891,"circlet_count":0,"master_deck":["Strike_B","Strike_B","Defend_B","Defend_B","Zap","Dualcast","Static Discharge+1","Rip and Tear","Ball Lightning","Tempest","Buffer+1","Enlightenment","Rebound","Rebound","Force Field","Hologram","Barrage","Rainbow","Barrage","Thunder Strike","Defragment","Coolheaded+1","Hologram+1","Chill","Compile Driver","Reinforced Body+1","Loop+1"],"relics":["FrozenCore","Centennial Puzzle","Potion Belt","Oddly Smooth Stone","Frozen Egg 2"],"potions_floor_usage":[13,16,16,20,21,28],"damage_taken":[{"damage":1,"enemies":"Jaw Worm","floor":1,"turns":4},{"damage":0,"enemies":"Small Slimes","floor":3,"turns":3},{"damage":0,"enemies":"Cultist","floor":4,"turns":3},{"damage":30,"enemies":"Gremlin Nob","floor":6,"turns":4},{"damage":7,"enemies":"3 Louse","floor":10,"turns":3},{"damage":18,"enemies":"Lots of Slimes","floor":11,"turns":2},{"damage":9,"enemies":"3 Sentries","floor":13,"turns":4},{"damage":1,"enemies":"Large Slime","floor":14,"turns":5},{"damage":34,"enemies":"Hexaghost","floor":16,"turns":9},{"damage":16,"enemies":"3 Byrds","floor":18,"turns":3},{"damage":19,"enemies":"Shell Parasite","floor":20,"turns":5},{"damage":17,"enemies":"Centurion and Healer","floor":21,"turns":7},{"damage":18,"enemies":"Snake Plant","floor":22,"turns":5},{"damage":0,"enemies":"Snecko","floor":24,"turns":5},{"damage":18,"enemies":"Sentry and Sphere","floor":25,"turns":7},{"damage":10,"enemies":"Snake Plant","floor":27,"turns":6},{"damage":19,"enemies":"Chosen and Byrds","floor":28,"turns":4}],"seed_played":"759286929109679302","potions_obtained":[{"floor":1,"key":"Fire Potion"},{"floor":10,"key":"Weak Potion"},{"floor":11,"key":"Explosive Potion"},{"floor":14,"key":"SteroidPotion"},{"floor":16,"key":"Regen Potion"},{"floor":20,"key":"EssenceOfSteel"},{"floor":21,"key":"SteroidPotion"},{"floor":22,"key":"GamblersBrew"}],"is_trial":false,"path_per_floor":["M","?","M","M","?","E","R","$","T","M","M","R","E","M","R","B",null,"M","?","M","M","M","R","M","M","T","M","M"],"character_chosen":"DEFECT","items_purchased":["Enlightenment","Rebound"],"campfire_rested":3,"item_purchase_floors":[8,8],"current_hp_per_floor":[74,74,74,74,74,44,44,44,44,37,19,41,32,31,53,19,75,59,59,49,32,14,36,36,18,18,8,0],"gold":329,"neow_bonus":"TRANSFORM_CARD","is_prod":false,"is_daily":false,"chose_seed":false,"campfire_upgraded":1,"win_rate":0.0,"timestamp":1549824490,"path_taken":["M","?","M","M","?","E","R","$","T","M","M","R","E","?","R","BOSS","M","?","?","M","M","R","M","M","T","M","M"],"build_version":"2019-01-23","purchased_purges":0,"victory":false,"max_hp_per_floor":[75,75,75,75,75,75,75,75,75,75,75,75,75,75,75,75,75,75,75,75,75,75,75,75,75,75,75,75],"card_choices":[{"not_picked":["BootSequence","Lockon"],"picked":"Rip and Tear","floor":1},{"not_picked":["Sweeping Beam","Steam"],"picked":"Ball Lightning","floor":3},{"not_picked":["Auto Shields","Rebound"],"picked":"Tempest","floor":4},{"not_picked":["Compile Driver","Hello World"],"picked":"Buffer","floor":6},{"not_picked":["Go for the Eyes","Redo"],"picked":"Rebound","floor":10},{"not_picked":["Beam Cell","Cold Snap"],"picked":"Force Field","floor":11},{"not_picked":["Beam Cell","Rebound"],"picked":"Hologram","floor":13},{"not_picked":["Stack","Streamline"],"picked":"Barrage","floor":14},{"not_picked":["Seek","Amplify"],"picked":"Rainbow","floor":16},{"not_picked":["Steam","Hologram"],"picked":"Barrage","floor":18},{"not_picked":["Go for the Eyes","Rip and Tear"],"picked":"Coolheaded+1","floor":20},{"not_picked":["Storm+1","Streamline"],"picked":"Hologram+1","floor":21},{"not_picked":["Rebound","Storm"],"picked":"Chill","floor":22},{"not_picked":["Thunder Strike","Cold Snap"],"picked":"Compile Driver","floor":24},{"not_picked":["Consume","Streamline"],"picked":"Reinforced Body+1","floor":25},{"not_picked":["Leap","Rebound"],"picked":"Loop+1","floor":27}],"player_experience":16111,"relics_obtained":[{"floor":6,"key":"Centennial Puzzle"},{"floor":9,"key":"Potion Belt"},{"floor":13,"key":"Oddly Smooth Stone"},{"floor":26,"key":"Frozen Egg 2"}],"event_choices":[{"damage_healed":0,"gold_gain":0,"player_choice":"Grow","damage_taken":0,"max_hp_gain":0,"max_hp_loss":0,"event_name":"Living Wall","floor":2,"gold_loss":0,"cards_upgraded":["Static Discharge"]},{"cards_removed":["Strike_B"],"damage_healed":0,"gold_gain":0,"player_choice":"Offered Basic","damage_taken":0,"max_hp_gain":0,"max_hp_loss":0,"event_name":"Bonfire Elementals","floor":5,"gold_loss":0},{"damage_healed":0,"gold_gain":0,"cards_transformed":["Defend_B","Defend_B"],"player_choice":"Transformed Cards","damage_taken":0,"max_hp_gain":0,"max_hp_loss":0,"event_name":"Designer","floor":19,"gold_loss":60,"cards_obtained":["Thunder Strike","Defragment"]}],"is_beta":false,"boss_relics":[{"not_picked":["Empty Cage","Velvet Choker"],"picked":"FrozenCore"}],"items_purged_floors":[],"is_endless":false,"potions_floor_spawned":[1,10,11,14,16,20,21,22],"killed_by":"Chosen and Byrds","ascension_level":0}