{"gold_per_floor":[20,20,20,20,95,95,13,26,26,75,75,75,75,4,4,4],"floor_reached":16,"playtime":566,"items_purged":[],"score":134,"play_id":"3520976a-5d88-4bb8-90d0-0af28322af04","local_time":"20190213223127","is_ascension_mode":false,"campfire_choices":[{"data":"Cloak And Dagger","floor":6,"key":"SMITH"},{"floor":13,"key":"REST"},{"floor":15,"key":"REST"}],"neow_cost":"NO_GOLD","seed_source_timestamp":0,"circlet_count":0,"master_deck":["Defend_G","Defend_G+1","Defend_G","Defend_G","Defend_G","Strike_G+1","Strike_G","Strike_G","Strike_G","Survivor","Neutralize","Cloak And Dagger+1","Cloak And Dagger","Leg Sweep","Predator","Well Laid Plans"],"special_seed":0,"relics":["Ring of the Snake","Bird Faced Urn","Golden Idol","Dream Catcher","Darkstone Periapt","Art of War"],"potions_floor_usage":[],"damage_taken":[{"damage":9,"enemies":"2 Louse","floor":1,"turns":5},{"damage":3,"enemies":"Jaw Worm","floor":8,"turns":5},{"damage":56,"enemies":"Hexaghost","floor":16,"turns":16}],"seed_played":"-8650594589234587064","potions_obtained":[],"is_trial":false,"path_per_floor":["M","?","$","?","?","R","?","M","T","T","$","?","R","$","R","B"],"character_chosen":"THE_SILENT","items_purchased":["Predator"],"campfire_rested":2,"item_purchase_floors":[14],"current_hp_per_floor":[61,44,44,30,19,19,19,16,16,16,16,9,30,30,51,0],"gold":4,"neow_bonus":"ONE_RARE_RELIC","is_prod":false,"is_daily":false,"chose_seed":false,"campfire_upgraded":1,"win_rate":0,"timestamp":1550118687,"path_taken":["M","?","$","?","?","R","?","?","T","?","?","?","R","$","R","BOSS"],"build_version":"2019-01-23","purchased_purges":0,"victory":false,"max_hp_per_floor":[70,70,70,70,70,70,70,70,70,70,70,70,70,70,70,70],"card_choices":[{"not_picked":["Backflip","Leg Sweep"],"picked":"Cloak And Dagger","floor":1},{"not_picked":["Flying Knee","Dodge and Roll"],"picked":"Cloak And Dagger","floor":8},{"not_picked":["Quick Slash","Cloak And Dagger"],"picked":"Leg Sweep","floor":13},{"not_picked":["Expertise","Deadly Poison"],"picked":"Well Laid Plans","floor":15}],"player_experience":102953,"relics_obtained":[{"floor":9,"key":"Darkstone Periapt"},{"floor":10,"key":"Art of War"}],"event_choices":[{"damage_healed":0,"gold_gain":0,"player_choice":"Take Damage","damage_taken":17,"relics_obtained":["Golden Idol"],"max_hp_gain":0,"max_hp_loss":0,"event_name":"Golden Idol","floor":2,"gold_loss":0},{"damage_healed":0,"gold_gain":0,"player_choice":"Entered Light","damage_taken":14,"max_hp_gain":0,"max_hp_loss":0,"event_name":"Shining Light","floor":4,"gold_loss":0,"cards_upgraded":["Defend_G","Strike_G"]},{"damage_healed":0,"gold_gain":75,"player_choice":"Gather Gold","damage_taken":11,"max_hp_gain":0,"max_hp_loss":0,"event_name":"World of Goop","floor":5,"gold_loss":0},{"damage_healed":0,"gold_gain":0,"player_choice":"Paid Gold","damage_taken":0,"relics_obtained":["Dream Catcher"],"max_hp_gain":0,"max_hp_loss":0,"event_name":"WeMeetAgain","floor":7,"gold_loss":82},{"cards_removed":["Strike_G"],"damage_healed":0,"gold_gain":0,"player_choice":"Card Removal","damage_taken":7,"max_hp_gain":0,"max_hp_loss":0,"event_name":"Golden Wing","floor":12,"gold_loss":0}],"is_beta":false,"boss_relics":[],"items_purged_floors":[],"is_endless":false,"potions_floor_spawned":[],"killed_by":"Hexaghost","ascension_level":0}