{"gold_per_floor":[110,155,155,174,192,192,212,212,212,246,346,14,37,51,51,182,182,205,205,205,205,205,205,236,236,236,236,260,283,324,343,343,463,463,483,483,7,30,50,50,91,115,115,129,148,148,167,182,182,182],"floor_reached":50,"playtime":1845,"items_purged":[],"score":541,"play_id":"b006d478-4495-434e-a72e-094793d9e004","local_time":"20190214223510","is_ascension_mode":false,"campfire_choices":[{"floor":6,"key":"REST"},{"floor":8,"key":"REST"},{"floor":15,"key":"REST"},{"floor":23,"key":"REST"},{"floor":25,"key":"REST"},{"floor":27,"key":"REST"},{"floor":32,"key":"REST"},{"floor":40,"key":"REST"},{"floor":46,"key":"REST"},{"floor":49,"key":"REST"}],"neow_cost":"NONE","seed_source_timestamp":40169792116071,"circlet_count":0,"master_deck":["Defend_G","Defend_G","Defend_G","Defend_G","Defend_G","Strike_G","Strike_G","Strike_G","Strike_G","Strike_G","Survivor","Neutralize","Backstab","Flying Knee","Choke","Unload","Terror","Backstab","Dagger Spray","Die Die Die","Finisher","Writhe","Doppelganger","Masterful Stab+1","Distraction+1","Blade Dance+1","Skewer+1","Dash+1","Cloak And Dagger+1","Grand Finale+1","Infinite Blades+1","Deflect","Accuracy+1","Blur+1","Blur+1","Cloak And Dagger+1","Parasite","Deflect+1","Deflect+1","Skewer+1"],"relics":["Fusion Hammer","Pen Nib","Golden Idol","Mummified Hand","Oddly Smooth Stone","Shuriken","Philosopher\u0027s Stone","Meat on the Bone","Dream Catcher","Molten Egg 2","Ice Cream","White Beast Statue","Chemical X","Ornamental Fan","Kunai","Regal Pillow"],"potions_floor_usage":[7,16,24,30,33,33,39,41,41,41,42,45,47,48,48,50],"damage_taken":[{"damage":2,"enemies":"Cultist","floor":1,"turns":5},{"damage":0,"enemies":"Small Slimes","floor":4,"turns":3},{"damage":0,"enemies":"2 Louse","floor":5,"turns":2},{"damage":0,"enemies":"Gremlin Gang","floor":7,"turns":3},{"damage":20,"enemies":"Gremlin Nob","floor":10,"turns":4},{"damage":0,"enemies":"Red Slaver","floor":13,"turns":2},{"damage":0,"enemies":"3 Louse","floor":14,"turns":2},{"damage":33,"enemies":"The Guardian","floor":16,"turns":6},{"damage":17,"enemies":"Shell Parasite","floor":18,"turns":4},{"damage":31,"enemies":"Gremlin Leader","floor":24,"turns":3},{"damage":18,"enemies":"3 Byrds","floor":28,"turns":4},{"damage":24,"enemies":"3 Cultists","floor":29,"turns":4},{"damage":39,"enemies":"Book of Stabbing","floor":30,"turns":6},{"damage":7,"enemies":"Shelled Parasite and Fungi","floor":31,"turns":2},{"damage":14,"enemies":"Automaton","floor":33,"turns":6},{"damage":8,"enemies":"3 Darklings","floor":35,"turns":3},{"damage":0,"enemies":"Orb Walker","floor":38,"turns":2},{"damage":10,"enemies":"Jaw Worm Horde","floor":39,"turns":4},{"damage":24,"enemies":"Reptomancer","floor":41,"turns":3},{"damage":3,"enemies":"Spire Growth","floor":42,"turns":3},{"damage":12,"enemies":"Writhing Mass","floor":44,"turns":6},{"damage":6,"enemies":"Sphere and 2 Shapes","floor":45,"turns":3},{"damage":27,"enemies":"Maw","floor":47,"turns":6},{"damage":11,"enemies":"Jaw Worm Horde","floor":48,"turns":3},{"damage":78,"enemies":"Time Eater","floor":50,"turns":5}],"seed_played":"-8601141087938441110","potions_obtained":[{"floor":1,"key":"Fire Potion"},{"floor":4,"key":"LiquidBronze"},{"floor":10,"key":"Explosive Potion"},{"floor":14,"key":"GhostInAJar"},{"floor":30,"key":"SteroidPotion"},{"floor":31,"key":"Block Potion"},{"floor":33,"key":"Dexterity Potion"},{"floor":35,"key":"GamblersBrew"},{"floor":38,"key":"Block Potion"},{"floor":39,"key":"SteroidPotion"},{"floor":41,"key":"Poison Potion"},{"floor":42,"key":"FearPotion"},{"floor":44,"key":"EssenceOfSteel"},{"floor":45,"key":"FearPotion"},{"floor":47,"key":"AttackPotion"},{"floor":48,"key":"Energy Potion"}],"is_trial":false,"path_per_floor":["M","T","?","M","M","R","M","R","T","E","?","$","M","M","R","B",null,"M","?","?","?","$","R","E","R","T","R","M","M","E","M","R","B",null,"M","?","$","M","M","R","E","M","T","M","M","R","M","M","R","B"],"character_chosen":"THE_SILENT","items_purchased":["Shuriken","Terror","Chemical X","Ornamental Fan","Deflect"],"campfire_rested":10,"item_purchase_floors":[12,12,37,37,37],"current_hp_per_floor":[68,68,51,51,51,70,70,70,70,50,50,50,50,50,70,37,70,53,53,53,53,53,70,39,60,60,70,52,40,13,18,39,37,70,62,62,62,62,52,70,46,43,43,43,37,70,43,44,70,0],"gold":182,"neow_bonus":"BOSS_RELIC","is_prod":false,"is_daily":false,"chose_seed":false,"campfire_upgraded":0,"win_rate":0,"timestamp":1550205310,"path_taken":["M","?","?","M","M","R","M","R","T","E","?","$","M","?","R","BOSS","M","?","?","?","$","R","E","R","T","R","M","M","E","M","R","BOSS","M","?","$","M","M","R","E","M","T","M","M","R","M","M","R","BOSS"],"build_version":"2019-01-23","purchased_purges":0,"victory":false,"max_hp_per_floor":[70,70,70,70,70,70,70,70,70,70,70,70,70,70,70,70,70,70,70,70,70,70,70,70,70,70,70,70,70,70,70,70,70,70,70,70,70,70,70,70,70,70,70,70,70,70,70,70,70,70],"card_choices":[{"not_picked":["Deflect","Sucker Punch"],"picked":"Backstab","floor":1},{"not_picked":["Deadly Poison","Outmaneuver"],"picked":"Flying Knee","floor":4},{"not_picked":["Bane","Prepared","Reflex"],"picked":"SKIP","floor":5},{"not_picked":["Acrobatics","Prepared"],"picked":"Choke","floor":7},{"not_picked":["Deflect","Cloak And Dagger"],"picked":"Unload","floor":10},{"not_picked":["Finisher","Bane"],"picked":"Backstab","floor":13},{"not_picked":["Noxious Fumes","Backflip"],"picked":"Dagger Spray","floor":14},{"not_picked":["Envenom","Night Terror"],"picked":"Die Die Die","floor":16},{"not_picked":["Poisoned Stab","Prepared"],"picked":"Finisher","floor":18},{"not_picked":["PiercingWail","Escape Plan","Flying Knee"],"picked":"SKIP","floor":24},{"not_picked":["Poisoned Stab","Eviscerate"],"picked":"Doppelganger","floor":25},{"not_picked":["Calculated Gamble","Concentrate"],"picked":"Masterful Stab+1","floor":27},{"not_picked":["Deadly Poison","Cloak And Dagger"],"picked":"Distraction+1","floor":28},{"not_picked":["Finisher+1","Heel Hook+1"],"picked":"Blade Dance+1","floor":29},{"not_picked":["Slice+1","Well Laid Plans"],"picked":"Skewer+1","floor":30},{"not_picked":["Prepared","Dagger Spray+1"],"picked":"Dash+1","floor":31},{"not_picked":["Dodge and Roll","Flying Knee+1"],"picked":"Cloak And Dagger+1","floor":32},{"not_picked":["Die Die Die+1","Doppelganger"],"picked":"Grand Finale+1","floor":33},{"not_picked":["Crippling Poison","Deflect"],"picked":"Infinite Blades+1","floor":35},{"not_picked":["Masterful Stab+1","Finisher+1"],"picked":"Accuracy+1","floor":38},{"not_picked":["Deadly Poison+1","Poisoned Stab+1","Underhanded Strike+1"],"picked":"SKIP","floor":39},{"not_picked":["Tactician","Dagger Throw+1"],"picked":"Blur+1","floor":40},{"not_picked":["Dagger Throw+1","Deadly Poison"],"picked":"Blur+1","floor":41},{"not_picked":["Sucker Punch+1","Acrobatics+1"],"picked":"Cloak And Dagger+1","floor":42},{"not_picked":["Dagger Spray+1","A Thousand Cuts","Tactician"],"picked":"SKIP","floor":44},{"not_picked":["Prepared+1","Cloak And Dagger"],"picked":"Deflect+1","floor":45},{"not_picked":["Heel Hook+1","Slice+1"],"picked":"Deflect+1","floor":47},{"not_picked":["Cloak And Dagger","Outmaneuver+1","Sucker Punch+1"],"picked":"SKIP","floor":48},{"not_picked":["Noxious Fumes","Calculated Gamble+1"],"picked":"Skewer+1","floor":49}],"player_experience":125510,"relics_obtained":[{"floor":2,"key":"Pen Nib"},{"floor":9,"key":"Mummified Hand"},{"floor":10,"key":"Oddly Smooth Stone"},{"floor":24,"key":"Dream Catcher"},{"floor":26,"key":"Molten Egg 2"},{"floor":30,"key":"Ice Cream"},{"floor":41,"key":"Kunai"},{"floor":43,"key":"Regal Pillow"}],"event_choices":[{"damage_healed":0,"gold_gain":0,"player_choice":"Take Damage","damage_taken":17,"relics_obtained":["Golden Idol"],"max_hp_gain":0,"max_hp_loss":0,"event_name":"Golden Idol","floor":3,"gold_loss":0},{"damage_healed":0,"gold_gain":100,"player_choice":"Pray","damage_taken":0,"max_hp_gain":0,"max_hp_loss":0,"event_name":"Golden Shrine","floor":11,"gold_loss":0},{"damage_healed":0,"gold_gain":0,"player_choice":"Opened","damage_taken":0,"relics_obtained":["Meat on the Bone"],"max_hp_gain":0,"max_hp_loss":0,"event_name":"The Mausoleum","floor":19,"gold_loss":0,"cards_obtained":["Writhe"]},{"damage_healed":0,"gold_gain":0,"player_choice":"Ignored","damage_taken":0,"max_hp_gain":0,"max_hp_loss":0,"event_name":"Vampires","floor":20,"gold_loss":0},{"damage_healed":0,"gold_gain":0,"player_choice":"Ignored","damage_taken":0,"max_hp_gain":0,"max_hp_loss":0,"event_name":"Ghosts","floor":21,"gold_loss":0},{"damage_healed":0,"gold_gain":0,"player_choice":"Ignored","damage_taken":0,"max_hp_gain":0,"max_hp_loss":0,"event_name":"Tomb of Lord Red Mask","floor":36,"gold_loss":0}],"is_beta":false,"boss_relics":[{"not_picked":["Busted Crown","Snecko Eye"],"picked":"Philosopher\u0027s Stone"},{"not_picked":["Pandora\u0027s Box","Cursed Key"],"picked":"White Beast Statue"}],"items_purged_floors":[],"is_endless":false,"potions_floor_spawned":[1,4,10,14,30,31,33,35,38,39,41,42,44,45,47,48],"killed_by":"Time Eater","ascension_level":0}