{"gold_per_floor":[116,116,135,155,155,155,169,169,169,169,13,24,24,44,44,44],"floor_reached":16,"playtime":875,"items_purged":[],"score":92,"play_id":"d4d137dc-5391-423d-86f5-843e6bfe961a","local_time":"20190215234244","is_ascension_mode":false,"campfire_choices":[{"data":"Dash","floor":6,"key":"SMITH"},{"floor":8,"key":"REST"},{"data":"Underhanded Strike","floor":10,"key":"SMITH"},{"data":"Neutralize","floor":13,"key":"SMITH"},{"data":"Masterful Stab","floor":15,"key":"SMITH"}],"neow_cost":"NONE","seed_source_timestamp":41555741965953,"circlet_count":0,"master_deck":["Defend_G","Defend_G","Defend_G","Defend_G","Defend_G","Strike_G","Strike_G","Strike_G","Strike_G","Survivor+1","Neutralize+1","Cloak And Dagger","Dash+1","Underhanded Strike+1","Decay","PiercingWail","Backflip+1","Bandage Up+1","Deflect+1","Setup+1","Masterful Stab+1"],"relics":["Ring of the Snake","Toxic Egg 2"],"potions_floor_usage":[16],"damage_taken":[{"damage":7,"enemies":"Cultist","floor":1,"turns":5},{"damage":0,"enemies":"2 Louse","floor":3,"turns":3},{"damage":0,"enemies":"Jaw Worm","floor":4,"turns":5},{"damage":7,"enemies":"Large Slime","floor":7,"turns":8},{"damage":0,"enemies":"Exordium Wildlife","floor":12,"turns":6},{"damage":0,"enemies":"Blue Slaver","floor":14,"turns":4},{"damage":76,"enemies":"Slime Boss","floor":16,"turns":20}],"seed_played":"-4489611566582423488","potions_obtained":[{"floor":1,"key":"Strength Potion"},{"floor":3,"key":"LiquidBronze"},{"floor":4,"key":"SteroidPotion"},{"floor":7,"key":"EssenceOfSteel"}],"is_trial":false,"path_per_floor":["M","?","M","M","?","R","M","R","T","R","$","M","R","M","R","B"],"character_chosen":"THE_SILENT","items_purchased":["Backflip+1","Bandage Up+1","Deflect+1"],"campfire_rested":1,"item_purchase_floors":[11,11,11],"current_hp_per_floor":[63,56,56,56,56,56,49,70,70,70,70,70,70,70,70,0],"gold":44,"neow_bonus":"UPGRADE_CARD","is_prod":false,"is_daily":false,"chose_seed":false,"campfire_upgraded":4,"win_rate":0,"timestamp":1550295764,"path_taken":["M","?","M","M","?","R","?","R","T","R","$","M","R","M","R","BOSS"],"build_version":"2019-01-23","purchased_purges":0,"victory":false,"max_hp_per_floor":[70,70,70,70,70,70,70,70,70,70,70,70,70,70,70,70],"card_choices":[{"not_picked":["Endless Agony","Blade Dance"],"picked":"Cloak And Dagger","floor":1},{"not_picked":["Flechettes","Outmaneuver"],"picked":"Dash","floor":3},{"not_picked":["Tactician","Finisher"],"picked":"Underhanded Strike","floor":4},{"not_picked":["Reflex","Dash"],"picked":"PiercingWail","floor":7},{"not_picked":["Accuracy","PiercingWail+1"],"picked":"Setup+1","floor":12},{"not_picked":["All Out Attack","Expertise+1"],"picked":"Masterful Stab","floor":14}],"player_experience":158830,"relics_obtained":[{"floor":9,"key":"Toxic Egg 2"}],"event_choices":[{"cards_removed":["Strike_G"],"damage_healed":0,"gold_gain":0,"player_choice":"Card Removal","damage_taken":7,"max_hp_gain":0,"max_hp_loss":0,"event_name":"Golden Wing","floor":2,"gold_loss":0},{"damage_healed":0,"gold_gain":0,"player_choice":"Cursed","damage_taken":0,"max_hp_gain":0,"max_hp_loss":0,"event_name":"Wheel of Change","floor":5,"gold_loss":0,"cards_obtained":["Decay"]}],"is_beta":false,"boss_relics":[],"items_purged_floors":[],"is_endless":false,"potions_floor_spawned":[1,3,4,7],"killed_by":"Slime Boss","ascension_level":0}