{"path_per_floor":["M","?","?","?","?","E","M","E","T","R","M","E","M","T","R","B",null,"M","T","M","T","M","E","M","$","T","$","?","E","M","M","R","B",null,"M","M","?","M","M"],"character_chosen":"IRONCLAD","items_purchased":["Reckless Charge","Anchor","Lantern","Fire Breathing"],"gold_per_floor":[116,116,116,116,116,144,158,185,265,265,279,309,322,407,407,506,506,518,518,537,537,547,581,592,88,111,61,61,86,101,118,118,215,215,228,244,592,606,618,618],"floor_reached":40,"campfire_rested":0,"playtime":2413,"current_hp_per_floor":[80,77,77,70,70,75,84,72,72,72,81,79,87,87,87,69,95,80,80,71,71,62,47,23,23,23,23,54,60,78,74,74,52,95,95,92,67,26,30,0],"items_purged":["Pain","Writhe"],"gold":618,"score":498,"play_id":"98427fdd-c682-4f9e-b9ce-43bea31de118","local_time":"20180525010039","is_prod":false,"is_daily":false,"chose_seed":false,"is_ascension_mode":false,"campfire_upgraded":3,"timestamp":1527202839,"campfire_choices":[{"data":"Flame Barrier","floor":10,"key":"SMITH"},{"data":"Barricade","floor":15,"key":"SMITH"},{"data":"Flame Barrier","floor":32,"key":"SMITH"}],"path_taken":["M","?","?","?","?","E","M","E","T","R","M","E","?","?","R","BOSS","M","?","M","?","M","E","M","$","T","?","?","E","M","M","R","BOSS","M","M","?","M","M","E"],"build_version":"2018-05-17","seed_source_timestamp":206182508642241,"purchased_purges":2,"victory":false,"master_deck":["Strike_R","Strike_R","Strike_R","Strike_R","Strike_R","Defend_R","Defend_R","Defend_R","Defend_R","Bash","Iron Wave","Flame Barrier+1","Thunderclap","Barricade+1","Reaper","Parasite","Combust+1","Flame Barrier+1","Carnage+1","Reckless Charge+1","Fire Breathing","Thunderclap+1","Demon Form","Metallicize+1","Feel No Pain+1","Fire Breathing"],"max_hp_per_floor":[80,80,80,80,80,95,95,95,95,95,95,95,95,95,95,95,95,95,95,95,95,95,95,95,95,95,95,95,95,95,95,95,95,95,95,95,95,95,95,95],"relics":["Burning Blood","Bronze Scales","Magic Flower","Bottled Lightning","Mercury Hourglass","Ornamental Fan","Potion Belt","Tiny Chest","Calling Bell","Juzu Bracelet","Smiling Mask","Charon\u0027s Ashes","Shuriken","Gremlin Horn","Molten Egg 2","Anchor","Lantern","Oddly Smooth Stone","Blood Vial","Lizard Tail","Old Coin"],"card_choices":[{"not_picked":["Heavy Blade","Flex"],"picked":"Iron Wave","floor":1},{"not_picked":["Intimidate","Barricade"],"picked":"Flame Barrier","floor":6},{"not_picked":["Havoc","Sword Boomerang","Wild Strike"],"picked":"SKIP","floor":7},{"not_picked":["Iron Wave","Rupture"],"picked":"Thunderclap","floor":8},{"not_picked":["Headbutt","Clash","Pommel Strike"],"picked":"SKIP","floor":11},{"not_picked":["Havoc","Combust","Headbutt"],"picked":"SKIP","floor":12},{"not_picked":["Armaments","Power Through"],"picked":"Barricade","floor":13},{"not_picked":["Dark Embrace","Barricade"],"picked":"Reaper","floor":16},{"not_picked":["Clash","Anger"],"picked":"Combust+1","floor":18},{"not_picked":["Sword Boomerang","Body Slam"],"picked":"Flame Barrier","floor":20},{"not_picked":["Heavy Blade","Evolve","Armaments"],"picked":"SKIP","floor":22},{"not_picked":["Pommel Strike","Havoc","Flex"],"picked":"SKIP","floor":23},{"not_picked":["Fiend Fire+1","Cleave+1"],"picked":"Carnage+1","floor":24},{"not_picked":["Cleave+1","Shrug It Off","Infernal Blade+1"],"picked":"SKIP","floor":29},{"not_picked":["Anger+1","True Grit","Sword Boomerang+1"],"picked":"SKIP","floor":30},{"not_picked":["Cleave+1","Body Slam+1"],"picked":"Thunderclap+1","floor":31},{"not_picked":["Bludgeon+1","Double Tap"],"picked":"Demon Form","floor":33},{"not_picked":["Perfected Strike+1","Combust+1"],"picked":"Metallicize+1","floor":35},{"not_picked":["Thunderclap+1","Flex","Sever Soul+1"],"picked":"SKIP","floor":36},{"not_picked":["Warcry","Anger+1"],"picked":"Feel No Pain+1","floor":37},{"not_picked":["Twin Strike+1","Pommel Strike+1","Sword Boomerang+1"],"picked":"SKIP","floor":38},{"not_picked":["Feed+1","Dropkick+1"],"picked":"Fire Breathing","floor":39}],"player_experience":264491,"potions_floor_usage":[6,6,6,23,23,29,29,39,40,40,40,40],"damage_taken":[{"damage":5,"enemies":"Small Slimes","floor":1,"turns":3},{"damage":28,"enemies":"3 Sentries","floor":6,"turns":10},{"damage":0,"enemies":"2 Louse","floor":7,"turns":2},{"damage":21,"enemies":"Gremlin Nob","floor":8,"turns":5},{"damage":0,"enemies":"Jaw Worm","floor":11,"turns":3},{"damage":11,"enemies":"3 Sentries","floor":12,"turns":6},{"damage":1,"enemies":"3 Louse","floor":13,"turns":1},{"damage":27,"enemies":"The Guardian","floor":16,"turns":15},{"damage":30,"enemies":"Chosen","floor":18,"turns":7},{"damage":24,"enemies":"2 Thieves","floor":20,"turns":4},{"damage":36,"enemies":"Centurion and Healer","floor":22,"turns":9},{"damage":24,"enemies":"Book of Stabbing","floor":23,"turns":6},{"damage":35,"enemies":"Snake Plant","floor":24,"turns":5},{"damage":15,"enemies":"Slavers","floor":29,"turns":5},{"damage":3,"enemies":"Snecko","floor":30,"turns":4},{"damage":16,"enemies":"Centurion and Healer","floor":31,"turns":6},{"damage":40,"enemies":"Automaton","floor":33,"turns":9},{"damage":5,"enemies":"3 Shapes","floor":35,"turns":3},{"damage":24,"enemies":"3 Darklings","floor":36,"turns":5},{"damage":37,"enemies":"Mysterious Sphere","floor":37,"turns":5},{"damage":53,"enemies":"Maw","floor":38,"turns":10},{"damage":16,"enemies":"Sphere and 2 Shapes","floor":39,"turns":4},{"damage":147,"enemies":"Giant Head","floor":40,"turns":10}],"relics_obtained":[{"floor":6,"key":"Bottled Lightning"},{"floor":8,"key":"Mercury Hourglass"},{"floor":9,"key":"Ornamental Fan"},{"floor":12,"key":"Potion Belt"},{"floor":14,"key":"Tiny Chest"},{"floor":17,"key":"Juzu Bracelet"},{"floor":17,"key":"Smiling Mask"},{"floor":17,"key":"Charon\u0027s Ashes"},{"floor":19,"key":"Shuriken"},{"floor":21,"key":"Gremlin Horn"},{"floor":23,"key":"Molten Egg 2"},{"floor":26,"key":"Oddly Smooth Stone"},{"floor":29,"key":"Blood Vial"},{"floor":37,"key":"Old Coin"}],"event_choices":[{"event_name":"Scrap Ooze","player_choice":"success","floor":2,"damage_taken":3},{"event_name":"Big Fish","player_choice":"Box","floor":3,"damage_taken":0},{"event_name":"Golden Wing","player_choice":"Card Removal","floor":4,"damage_taken":0},{"event_name":"The Lab","player_choice":"Got Potions","floor":5,"damage_taken":0},{"event_name":"The Library","player_choice":"Heal","floor":28,"damage_taken":0},{"event_name":"Mysterious Sphere","player_choice":"Fight","floor":37,"damage_taken":0}],"boss_relics":[{"not_picked":["Runic Cube","Snecko Eye"],"picked":"Calling Bell"},{"not_picked":["Runic Dome","Sozu"],"picked":"Lizard Tail"}],"potions_floor_spawned":[7,8,12,22,23,24,29,33,35,38,39],"seed_played":"-8322360408872230066","killed_by":"Giant Head","ascension_level":0,"potions_obtained":[{"floor":5,"key":"Fruit Juice"},{"floor":5,"key":"Fruit Juice"},{"floor":5,"key":"Fruit Juice"},{"floor":7,"key":"Ancient Potion"},{"floor":8,"key":"Weak Potion"},{"floor":12,"key":"FearPotion"},{"floor":22,"key":"Block Potion"},{"floor":23,"key":"GamblersBrew"},{"floor":24,"key":"AttackPotion"},{"floor":29,"key":"Explosive Potion"},{"floor":33,"key":"Swift Potion"},{"floor":35,"key":"Swift Potion"},{"floor":38,"key":"SteroidPotion"},{"floor":39,"key":"Strength Potion"}],"is_trial":false}