{"gold_per_floor":[209,209,284,284,300,328,328,340,340,23,48,48,48,64,64,166,166,184,28,28,41,58,93,93,0,26,26,54,54,54,67,67,163,163,183,183,203,25,25,25,44,63,63,63,25,40,40,53,53,53],"floor_reached":50,"playtime":1822,"items_purged":["Strike_B"],"score":538,"play_id":"fcb38270-6fb7-429a-bf34-cf09f32528bf","local_time":"20190304001349","is_ascension_mode":false,"campfire_choices":[{"floor":7,"key":"REST"},{"floor":13,"key":"REST"},{"floor":15,"key":"REST"},{"data":"Self Repair","floor":24,"key":"SMITH"},{"floor":30,"key":"REST"},{"data":"Self Repair","floor":32,"key":"SMITH"},{"data":"Self Repair","floor":40,"key":"SMITH"},{"data":"Tempest","floor":47,"key":"SMITH"},{"data":"Compile Driver","floor":49,"key":"SMITH"}],"neow_cost":"NONE","seed_source_timestamp":14840834020046,"circlet_count":0,"master_deck":["Strike_B+1","Strike_B+1","Defend_B","Defend_B+1","Defend_B","Defend_B","Zap+1","Dualcast+1","Barrage+1","Conserve Battery","Tempest+1","Self Repair+1","Compile Driver+1","Force Field","Lockon","Conserve Battery","Electrodynamics","Hologram","Sunder","BootSequence","Darkness","Go for the Eyes","Auto Shields+1","Capacitor","Self Repair+1","Self Repair","Steam+1","Darkness","Machine Learning","Self Repair+1","Rainbow","Stack","Leap","Conserve Battery+1","Heatsinks+1","Enlightenment","Static Discharge+1"],"relics":["Cracked Core","The Courier","Bottled Tornado","War Paint","Whetstone","WingedGreaves","Orrery","Letter Opener","Bronze Scales","Omamori","Runic Dome","Strawberry","Darkstone Periapt"],"potions_floor_usage":[6,21,23,41,46,50],"damage_taken":[{"damage":0,"enemies":"2 Louse","floor":1,"turns":3},{"damage":1,"enemies":"Jaw Worm","floor":5,"turns":3},{"damage":19,"enemies":"Gremlin Nob","floor":6,"turns":4},{"damage":2,"enemies":"Small Slimes","floor":8,"turns":3},{"damage":18,"enemies":"Lagavulin","floor":11,"turns":5},{"damage":10,"enemies":"Looter","floor":14,"turns":2},{"damage":30,"enemies":"The Guardian","floor":16,"turns":9},{"damage":8,"enemies":"2 Thieves","floor":18,"turns":4},{"damage":11,"enemies":"Spheric Guardian","floor":21,"turns":5},{"damage":15,"enemies":"Snake Plant","floor":22,"turns":5},{"damage":22,"enemies":"Slavers","floor":23,"turns":6},{"damage":57,"enemies":"Book of Stabbing","floor":28,"turns":6},{"damage":21,"enemies":"Centurion and Healer","floor":31,"turns":7},{"damage":54,"enemies":"Champ","floor":33,"turns":12},{"damage":20,"enemies":"Orb Walker","floor":35,"turns":5},{"damage":45,"enemies":"3 Darklings","floor":37,"turns":5},{"damage":10,"enemies":"Spire Growth","floor":41,"turns":7},{"damage":19,"enemies":"Sphere and 2 Shapes","floor":42,"turns":6},{"damage":28,"enemies":"3 Darklings","floor":46,"turns":6},{"damage":11,"enemies":"4 Shapes","floor":48,"turns":5},{"damage":90,"enemies":"Awakened One","floor":50,"turns":6}],"seed_played":"2848846227774607377","potions_obtained":[{"floor":1,"key":"PowerPotion"},{"floor":14,"key":"EssenceOfSteel"},{"floor":22,"key":"Fire Potion"},{"floor":33,"key":"GamblersBrew"},{"floor":37,"key":"Block Potion"},{"floor":48,"key":"SkillPotion"}],"is_trial":false,"path_per_floor":["M","?","?","?","M","E","R","M","T","$","E","$","R","M","R","B",null,"M","$","?","M","M","E","R","?","T","$","E","?","R","M","R","B",null,"M","?","M","$","?","R","M","M","T","?","$","M","R","M","R","B"],"character_chosen":"DEFECT","items_purchased":["War Paint","Whetstone","Compile Driver","Force Field","Capacitor","Self Repair","Self Repair","Strawberry","Fire Potion"],"campfire_rested":4,"item_purchase_floors":[10,10,10,10,19,19,19,38,45],"current_hp_per_floor":[75,68,57,42,41,22,44,42,42,42,31,31,53,50,72,49,75,74,74,60,63,69,68,68,68,68,68,35,61,80,80,80,60,80,80,72,51,58,80,80,87,87,87,87,87,87,87,87,87,0],"gold":53,"neow_bonus":"HUNDRED_GOLD","is_prod":false,"is_daily":false,"chose_seed":false,"campfire_upgraded":5,"win_rate":0,"timestamp":1551680029,"path_taken":["M","?","?","?","M","E","R","M","T","$","E","?","R","M","R","BOSS","M","$","?","M","M","E","R","?","T","$","E","?","R","M","R","BOSS","M","?","M","?","?","R","M","M","T","?","$","M","R","M","R","BOSS"],"build_version":"2019-01-23","purchased_purges":1,"victory":false,"max_hp_per_floor":[75,75,75,75,75,75,75,75,75,75,75,75,75,75,75,75,75,75,75,80,80,80,80,80,80,80,80,80,80,80,80,80,80,80,80,80,80,87,87,87,87,87,87,87,87,87,87,87,87,87],"card_choices":[{"not_picked":["BootSequence","Stack"],"picked":"Barrage","floor":1},{"not_picked":["Hologram","Rip and Tear"],"picked":"Conserve Battery","floor":5},{"not_picked":["Rip and Tear","Gash"],"picked":"Tempest","floor":6},{"not_picked":["Turbo","Chill"],"picked":"Self Repair","floor":8},{"not_picked":["Chaos","Beam Cell"],"picked":"Lockon","floor":11},{"not_picked":["Go for the Eyes","Barrage"],"picked":"Conserve Battery","floor":14},{"not_picked":["Hyperbeam","Fission"],"picked":"Electrodynamics","floor":16},{"not_picked":["Compile Driver","Lockon"],"picked":"Hologram","floor":17},{"not_picked":["Aggregate","Beam Cell"],"picked":"Sunder","floor":17},{"not_picked":["Go for the Eyes","Cold Snap"],"picked":"BootSequence","floor":17},{"not_picked":["Scrape","Streamline"],"picked":"Darkness","floor":17},{"not_picked":["Conserve Battery","Sunder"],"picked":"Go for the Eyes","floor":17},{"not_picked":["Steam+1","Hologram"],"picked":"Auto Shields+1","floor":18},{"not_picked":["Beam Cell","Turbo"],"picked":"Steam+1","floor":21},{"not_picked":["Turbo","Conserve Battery"],"picked":"Darkness","floor":22},{"not_picked":["Sweeping Beam","Melter"],"picked":"Machine Learning","floor":23},{"not_picked":["Steam","Sunder","Heatsinks"],"picked":"SKIP","floor":28},{"not_picked":["Ball Lightning","Force Field+1"],"picked":"Self Repair","floor":31},{"not_picked":["Creative AI","Electrodynamics"],"picked":"Rainbow","floor":33},{"not_picked":["Self Repair","Tempest"],"picked":"Stack","floor":35},{"not_picked":["Rebound","Biased Cognition"],"picked":"Leap","floor":37},{"not_picked":["Rip and Tear","Cold Snap+1"],"picked":"Conserve Battery+1","floor":41},{"not_picked":["Rebound+1","Coolheaded+1"],"picked":"Heatsinks+1","floor":42},{"not_picked":["Flash of Steel","Madness"],"picked":"Enlightenment","floor":44},{"not_picked":["Steam+1","Compile Driver+1"],"picked":"Static Discharge+1","floor":46},{"not_picked":["Go for the Eyes+1","Chaos","Barrage"],"picked":"SKIP","floor":48}],"player_experience":497541,"relics_obtained":[{"floor":6,"key":"The Courier"},{"floor":9,"key":"Bottled Tornado"},{"floor":11,"key":"WingedGreaves"},{"floor":23,"key":"Letter Opener"},{"floor":26,"key":"Bronze Scales"},{"floor":28,"key":"Omamori"},{"floor":43,"key":"Darkstone Periapt"}],"event_choices":[{"cards_removed":["Strike_B"],"damage_healed":0,"gold_gain":0,"player_choice":"Card Removal","damage_taken":7,"max_hp_gain":0,"max_hp_loss":0,"event_name":"Golden Wing","floor":2,"gold_loss":0},{"damage_healed":0,"gold_gain":75,"player_choice":"Gather Gold","damage_taken":11,"max_hp_gain":0,"max_hp_loss":0,"event_name":"World of Goop","floor":3,"gold_loss":0},{"damage_healed":0,"gold_gain":0,"player_choice":"Entered Light","damage_taken":15,"max_hp_gain":0,"max_hp_loss":0,"event_name":"Shining Light","floor":4,"gold_loss":0,"cards_upgraded":["Defend_B","Barrage"]},{"damage_healed":0,"gold_gain":0,"player_choice":"Shed Blood","damage_taken":19,"max_hp_gain":5,"max_hp_loss":0,"event_name":"Forgotten Altar","floor":20,"gold_loss":0},{"damage_healed":0,"gold_gain":0,"player_choice":"Paid Fearfully","damage_taken":0,"max_hp_gain":0,"max_hp_loss":0,"event_name":"Masked Bandits","floor":25,"gold_loss":93},{"damage_healed":26,"gold_gain":0,"player_choice":"Heal","damage_taken":0,"max_hp_gain":0,"max_hp_loss":0,"event_name":"The Library","floor":29,"gold_loss":0},{"damage_healed":0,"gold_gain":0,"player_choice":"Damaged","damage_taken":8,"max_hp_gain":0,"max_hp_loss":0,"event_name":"Wheel of Change","floor":36,"gold_loss":0},{"damage_healed":22,"gold_gain":0,"player_choice":"Writhe","damage_taken":0,"max_hp_gain":0,"max_hp_loss":0,"event_name":"Winding Halls","floor":39,"gold_loss":0,"cards_obtained":["Writhe"]},{"damage_healed":0,"gold_gain":0,"player_choice":"Memory 1","damage_taken":0,"max_hp_gain":0,"max_hp_loss":0,"event_name":"SensoryStone","floor":44,"gold_loss":0}],"is_beta":false,"boss_relics":[{"not_picked":["Inserter","Black Star"],"picked":"Orrery"},{"not_picked":["Pandora\u0027s Box","Coffee Dripper"],"picked":"Runic Dome"}],"items_purged_floors":[38],"is_endless":false,"potions_floor_spawned":[1,14,22,33,37,48],"killed_by":"Awakened One","ascension_level":0}