{"gold_per_floor":[115,134,152,162,162,188,188,198,273,308,322,347,347,373,373,474,474,488,504,419,437,447,447,447,447,447,474,157,157,170,190,190,292,292,312,328,72,82,102,102,102,127,151,151,151,168,168,223,223,223],"floor_reached":50,"playtime":3469,"items_purged":["Strike_R"],"score":653,"play_id":"1e67afc8-5485-4c6d-a6fd-48a60a9a32eb","local_time":"20180803022809","is_ascension_mode":true,"campfire_choices":[{"data":"Whirlwind","floor":7,"key":"SMITH"},{"data":"Flame Barrier","floor":13,"key":"SMITH"},{"floor":15,"key":"REST"},{"floor":23,"key":"REST"},{"floor":25,"key":"REST"},{"data":"Pommel Strike","floor":29,"key":"SMITH"},{"data":"Twin Strike","floor":32,"key":"SMITH"},{"data":"Entrench","floor":40,"key":"SMITH"},{"data":"Limit Break","floor":47,"key":"SMITH"},{"floor":49,"key":"REST"}],"neow_cost":"NONE","seed_source_timestamp":105643925096737,"circlet_count":0,"master_deck":["Strike_R","Defend_R+1","Defend_R","Defend_R","Bash","Pommel Strike+1","Twin Strike+1","Whirlwind+1","Rampage+1","Flame Barrier+1","Spot Weakness+1","Impervious","Bludgeon+1","Shrug It Off+1","Ghostly Armor+1","Uppercut+1","True Grit+1","Limit Break+1","Shrug It Off","Entrench+1","Enlightenment"],"relics":["Burning Blood","GremlinMask","Molten Egg 2","Shuriken","Mango","Ancient Tea Set","War Paint","Velvet Choker","Bird Faced Urn","Mummified Hand","Red Skull","Lee\u0027s Waffle","Empty Cage","Mercury Hourglass","Prayer Wheel","Happy Flower","Incense Burner"],"potions_floor_usage":[10,11,24,24,48,50,50],"damage_taken":[{"damage":18,"enemies":"Jaw Worm","floor":1,"turns":5},{"damage":9,"enemies":"Cultist","floor":2,"turns":5},{"damage":7,"enemies":"Small Slimes","floor":3,"turns":4},{"damage":5,"enemies":"2 Fungi Beasts","floor":4,"turns":3},{"damage":32,"enemies":"Gremlin Nob","floor":6,"turns":4},{"damage":6,"enemies":"Blue Slaver","floor":8,"turns":5},{"damage":16,"enemies":"3 Sentries","floor":10,"turns":9},{"damage":0,"enemies":"Gremlin Gang","floor":11,"turns":2},{"damage":10,"enemies":"Gremlin Nob","floor":12,"turns":3},{"damage":20,"enemies":"Lagavulin","floor":14,"turns":7},{"damage":46,"enemies":"Slime Boss","floor":16,"turns":12},{"damage":23,"enemies":"Spheric Guardian","floor":18,"turns":4},{"damage":22,"enemies":"Shell Parasite","floor":19,"turns":5},{"damage":37,"enemies":"Centurion and Healer","floor":21,"turns":8},{"damage":14,"enemies":"Snake Plant","floor":22,"turns":4},{"damage":42,"enemies":"Slavers","floor":24,"turns":5},{"damage":34,"enemies":"Book of Stabbing","floor":27,"turns":6},{"damage":2,"enemies":"Snecko","floor":30,"turns":5},{"damage":6,"enemies":"Centurion and Healer","floor":31,"turns":6},{"damage":98,"enemies":"Automaton","floor":33,"turns":9},{"damage":1,"enemies":"Orb Walker","floor":35,"turns":4},{"damage":0,"enemies":"3 Shapes","floor":36,"turns":7},{"damage":33,"enemies":"Transient","floor":38,"turns":5},{"damage":17,"enemies":"3 Darklings","floor":39,"turns":6},{"damage":21,"enemies":"Nemesis","floor":42,"turns":7},{"damage":7,"enemies":"4 Shapes","floor":46,"turns":3},{"damage":41,"floor":48,"turns":6},{"damage":101,"enemies":"Donu and Deca","floor":50,"turns":8}],"seed_played":"-5459012158777532228","potions_obtained":[{"floor":6,"key":"Fire Potion"},{"floor":8,"key":"LiquidBronze"},{"floor":10,"key":"Fire Potion"},{"floor":12,"key":"SmokeBomb"},{"floor":14,"key":"Strength Potion"},{"floor":31,"key":"SpeedPotion"},{"floor":33,"key":"Poison Potion"},{"floor":36,"key":"EssenceOfSteel"},{"floor":39,"key":"SpeedPotion"},{"floor":46,"key":"Fruit Juice"}],"is_trial":false,"path_per_floor":["M","M","M","M","?","E","R","M","T","E","M","E","R","E","R","B",null,"M","M","?","M","M","R","E","R","T","E","$","R","M","M","R","B",null,"M","M","$","M","M","R","?","E","T","?","?","M","R","?","R"],"character_chosen":"IRONCLAD","items_purchased":["Uppercut+1","Lee\u0027s Waffle","Mercury Hourglass"],"campfire_rested":4,"item_purchase_floors":[28,28,37],"current_hp_per_floor":[68,65,64,65,65,39,39,39,39,43,49,45,45,31,59,19,94,77,61,61,30,22,50,14,42,42,14,101,101,101,101,101,9,101,101,101,101,74,63,63,63,48,48,88,88,87,87,57,84,0],"gold":223,"neow_bonus":"REMOVE_CARD","is_prod":false,"is_daily":false,"chose_seed":false,"campfire_upgraded":6,"win_rate":0,"timestamp":1533256089,"path_taken":["M","M","M","M","?","E","R","M","T","E","M","E","R","E","R","BOSS","M","M","?","M","?","R","E","R","T","E","$","R","M","M","R","BOSS","M","M","$","M","M","R","?","E","T","?","?","?","R","?","R","BOSS"],"build_version":"2018-07-26","purchased_purges":1,"victory":false,"max_hp_per_floor":[80,80,80,80,80,80,80,80,80,94,94,94,94,94,94,94,94,94,94,94,94,94,94,94,94,94,94,101,101,101,101,101,101,101,101,101,101,101,101,101,101,101,101,88,88,88,88,93,93,93],"card_choices":[{"not_picked":["Armaments","Anger","Clash"],"picked":"SKIP","floor":1},{"not_picked":["Sword Boomerang","Power Through"],"picked":"Pommel Strike","floor":2},{"not_picked":["Berserk","Dropkick"],"picked":"Twin Strike","floor":3},{"not_picked":["Cleave","Clothesline"],"picked":"Whirlwind","floor":4},{"not_picked":["Sever Soul","Power Through"],"picked":"Rampage","floor":6},{"not_picked":["Heavy Blade+1","Seeing Red"],"picked":"Flame Barrier","floor":8},{"not_picked":["Cleave+1","Sever Soul+1"],"picked":"Spot Weakness","floor":10},{"not_picked":["Iron Wave+1","Warcry","Armaments"],"picked":"SKIP","floor":11},{"not_picked":["Feel No Pain","Flex"],"picked":"Impervious","floor":12},{"not_picked":["Power Through","Warcry","Wild Strike+1"],"picked":"SKIP","floor":14},{"not_picked":["Impervious","Fiend Fire+1"],"picked":"Bludgeon+1","floor":16},{"not_picked":["Twin Strike+1","Reckless Charge+1"],"picked":"Shrug It Off+1","floor":18},{"not_picked":["Clash+1","Infernal Blade+1","Clothesline+1"],"picked":"SKIP","floor":19},{"not_picked":["Pommel Strike+1","Pummel+1","Perfected Strike+1"],"picked":"SKIP","floor":21},{"not_picked":["Thunderclap+1","True Grit","Anger+1"],"picked":"SKIP","floor":22},{"not_picked":["Spot Weakness","Body Slam+1"],"picked":"Ghostly Armor+1","floor":27},{"not_picked":["Heavy Blade+1","Ghostly Armor"],"picked":"True Grit+1","floor":30},{"not_picked":["Exhume","Heavy Blade+1","Dual Wield"],"picked":"SKIP","floor":31},{"not_picked":["Juggernaut","Brutality"],"picked":"Limit Break","floor":33},{"not_picked":["Iron Wave+1","Entrench"],"picked":"Shrug It Off","floor":35},{"not_picked":["Sword Boomerang+1","Rage","True Grit+1"],"picked":"SKIP","floor":36},{"not_picked":["Sword Boomerang+1","Dual Wield+1","Uppercut+1"],"picked":"SKIP","floor":38},{"not_picked":["Carnage+1","Whirlwind+1"],"picked":"Entrench","floor":39},{"not_picked":["Jack Of All Trades","Dark Shackles"],"picked":"Enlightenment","floor":41},{"not_picked":["Sword Boomerang+1","True Grit","Wild Strike+1"],"picked":"SKIP","floor":42},{"not_picked":["Body Slam+1","Cleave+1","Sword Boomerang+1"],"picked":"SKIP","floor":46},{"not_picked":["Flex","True Grit","Hemokinesis+1"],"picked":"SKIP","floor":46}],"player_experience":470196,"relics_obtained":[{"floor":6,"key":"Molten Egg 2"},{"floor":9,"key":"Shuriken"},{"floor":10,"key":"Mango"},{"floor":12,"key":"Ancient Tea Set"},{"floor":14,"key":"War Paint"},{"floor":26,"key":"Mummified Hand"},{"floor":27,"key":"Red Skull"},{"floor":42,"key":"Prayer Wheel"},{"floor":43,"key":"Happy Flower"},{"floor":48,"key":"Incense Burner"}],"event_choices":[{"event_name":"FaceTrader","player_choice":"Trade","floor":5,"damage_taken":0},{"event_name":"Addict","player_choice":"Obtained Relic","floor":20,"damage_taken":0},{"event_name":"SensoryStone","player_choice":"Memory 1","floor":41,"damage_taken":0},{"event_name":"The Moai Head","player_choice":"Heal","floor":44,"damage_taken":0},{"event_name":"Falling","player_choice":"Removed Skill","floor":45,"damage_taken":0},{"event_name":"Mysterious Sphere","player_choice":"Fight","floor":48,"damage_taken":0}],"is_beta":false,"boss_relics":[{"not_picked":["Busted Crown","Calling Bell"],"picked":"Velvet Choker"},{"not_picked":["Black Blood","Cursed Key"],"picked":"Empty Cage"}],"items_purged_floors":[28],"is_endless":false,"potions_floor_spawned":[6,8,10,12,14,24,31,33,36,39,46],"killed_by":"Donu and Deca","ascension_level":4}