{"gold_per_floor":[417,433,71,81,81,81,30,30,30,49,75,75,86,105,105,204,204,217,316,316,332,0,0,19,19,19,29,29,42,42,58,58,58],"floor_reached":33,"playtime":1391,"items_purged":["Strike_R","Strike_R"],"score":299,"play_id":"31efdd7d-a26c-4f96-af88-503b6bcefeb7","local_time":"20190304181010","is_ascension_mode":false,"campfire_choices":[{"data":"Feed","floor":6,"key":"SMITH"},{"floor":15,"key":"REST"},{"floor":23,"key":"RECALL"},{"data":"Barricade","floor":30,"key":"SMITH"},{"floor":32,"key":"REST"}],"neow_cost":"PERCENT_DAMAGE","seed_source_timestamp":29503997483439,"circlet_count":0,"master_deck":["Strike_R+1","Defend_R","Defend_R","Defend_R+1","Defend_R+1","Bash+1","Sword Boomerang","Shrug It Off","Feed+1","Cleave","Metallicize","Shrug It Off","Barricade+1","Body Slam","Spot Weakness","Corruption","Writhe","Headbutt","Ghostly Armor"],"relics":["Burning Blood","Old Coin","Whetstone","Mercury Hourglass","War Paint","Eternal Feather","Dream Catcher","Darkstone Periapt"],"potions_floor_usage":[11,16,21,29,33],"damage_taken":[{"damage":3,"enemies":"2 Louse","floor":1,"turns":3},{"damage":5,"enemies":"Cultist","floor":2,"turns":4},{"damage":0,"enemies":"Small Slimes","floor":4,"turns":2},{"damage":10,"enemies":"Looter","floor":10,"turns":3},{"damage":39,"enemies":"Gremlin Nob","floor":11,"turns":6},{"damage":0,"enemies":"2 Fungi Beasts","floor":13,"turns":3},{"damage":0,"enemies":"Red Slaver","floor":14,"turns":6},{"damage":56,"enemies":"The Guardian","floor":16,"turns":12},{"damage":33,"enemies":"Spheric Guardian","floor":18,"turns":6},{"damage":1,"enemies":"Chosen","floor":21,"turns":6},{"damage":5,"enemies":"Snecko","floor":24,"turns":5},{"damage":28,"enemies":"Centurion and Healer","floor":27,"turns":11},{"damage":20,"enemies":"Shelled Parasite and Fungi","floor":29,"turns":7},{"damage":40,"enemies":"Chosen and Byrds","floor":31,"turns":10},{"damage":88,"enemies":"Collector","floor":33,"turns":14}],"seed_played":"-4643181686930802454","potions_obtained":[{"floor":4,"key":"EssenceOfSteel"},{"floor":14,"key":"Poison Potion"},{"floor":18,"key":"EssenceOfSteel"},{"floor":27,"key":"PowerPotion"},{"floor":31,"key":"Strength Potion"}],"is_trial":false,"path_per_floor":["M","M","$","M","?","R","$","$","T","M","E","?","M","M","R","B",null,"M","?","?","M","$","R","M","$","T","M","?","M","R","M","R","B"],"character_chosen":"IRONCLAD","items_purchased":["Feed","Whetstone","Cleave","Corruption","Dream Catcher"],"campfire_rested":2,"item_purchase_floors":[3,3,7,22,22],"current_hp_per_floor":[59,60,60,69,69,69,69,69,69,69,36,36,46,52,79,33,95,68,68,68,77,77,86,91,91,91,69,75,65,74,40,82,0],"gold":58,"neow_bonus":"ONE_RARE_RELIC","is_prod":false,"is_daily":false,"chose_seed":false,"campfire_upgraded":2,"win_rate":0,"timestamp":1551744610,"path_taken":["M","M","$","M","?","R","?","$","T","M","E","?","M","M","R","BOSS","M","?","?","M","$","R","M","$","T","?","?","M","R","M","R","BOSS"],"build_version":"2019-01-23","purchased_purges":2,"victory":false,"max_hp_per_floor":[80,80,80,83,83,83,83,83,83,87,87,87,91,91,91,95,95,95,95,95,99,99,99,103,103,103,103,109,113,113,113,113,113],"card_choices":[{"not_picked":["Iron Wave","Anger"],"picked":"Sword Boomerang","floor":1},{"not_picked":["Searing Blow","Thunderclap"],"picked":"Shrug It Off","floor":2},{"not_picked":["Entrench","True Grit","Thunderclap"],"picked":"SKIP","floor":4},{"not_picked":["Dropkick","Brutality","Cleave"],"picked":"SKIP","floor":10},{"not_picked":["Body Slam","Clothesline"],"picked":"Metallicize","floor":11},{"not_picked":["Infernal Blade","Havoc"],"picked":"Shrug It Off","floor":13},{"not_picked":["True Grit","Havoc","Clothesline"],"picked":"SKIP","floor":14},{"not_picked":["Limit Break","Brutality"],"picked":"Barricade","floor":16},{"not_picked":["Anger+1","True Grit"],"picked":"Body Slam","floor":18},{"not_picked":["Clothesline","Sever Soul+1","Twin Strike"],"picked":"SKIP","floor":21},{"not_picked":["Clash","Pummel","Clothesline+1"],"picked":"SKIP","floor":24},{"not_picked":["Evolve","Heavy Blade+1","Rage"],"picked":"SKIP","floor":27},{"not_picked":["Cleave","Berserk"],"picked":"Headbutt","floor":29},{"not_picked":["Twin Strike+1","Perfected Strike","Flex"],"picked":"SKIP","floor":31},{"not_picked":["Bloodletting","Shrug It Off"],"picked":"Ghostly Armor","floor":32}],"player_experience":523714,"relics_obtained":[{"floor":9,"key":"Mercury Hourglass"},{"floor":11,"key":"War Paint"}],"event_choices":[{"cards_removed":["Strike_R"],"damage_healed":0,"gold_gain":0,"player_choice":"Purged","damage_taken":0,"max_hp_gain":0,"max_hp_loss":0,"event_name":"Purifier","floor":5,"gold_loss":0},{"damage_healed":0,"gold_gain":0,"player_choice":"Ignored","damage_taken":0,"max_hp_gain":0,"max_hp_loss":0,"event_name":"Liars Game","floor":12,"gold_loss":0},{"damage_healed":0,"gold_gain":99,"player_choice":"Stole From Cult","damage_taken":0,"max_hp_gain":0,"max_hp_loss":0,"event_name":"Nest","floor":19,"gold_loss":0},{"damage_healed":0,"gold_gain":0,"cards_transformed":["Strike_R"],"player_choice":"Transformed","damage_taken":0,"max_hp_gain":0,"max_hp_loss":0,"event_name":"Transmorgrifier","floor":20,"gold_loss":0,"cards_obtained":["Spot Weakness"]},{"damage_healed":0,"gold_gain":0,"player_choice":"Opened","damage_taken":0,"relics_obtained":["Darkstone Periapt"],"max_hp_gain":0,"max_hp_loss":0,"event_name":"The Mausoleum","floor":28,"gold_loss":0,"cards_obtained":["Writhe"]}],"is_beta":false,"boss_relics":[{"not_picked":["Runic Cube","Busted Crown"],"picked":"Eternal Feather"}],"items_purged_floors":[3,22],"is_endless":false,"potions_floor_spawned":[4,14,18,27,31],"killed_by":"Collector","ascension_level":0}