{"gold_per_floor":[114,39,39,55,74,109,128,128,128,128,163,173,133,143,143,240,290,301,311,261,261,271,271,281,36,59,59,78,78,91,101,101,101],"floor_reached":33,"playtime":1196,"items_purged":["Strike_B","Defend_B"],"score":353,"play_id":"50d4f1bf-e02b-49b9-b3be-534dfb593cb5","local_time":"20190217131903","is_ascension_mode":true,"campfire_choices":[{"data":"Defragment","floor":10,"key":"SMITH"},{"floor":15,"key":"REST"},{"floor":23,"key":"REST"},{"data":"Thunder Strike","floor":27,"key":"SMITH"},{"floor":29,"key":"REST"},{"floor":32,"key":"REST"}],"neow_cost":"NONE","seed_source_timestamp":7157768733117,"circlet_count":0,"master_deck":["Strike_B","Strike_B","Strike_B","Defend_B","Defend_B","Defend_B","Zap","Dualcast","Ball Lightning","Leap","Defragment+1","Sweeping Beam","Stack","Reinforced Body","Chill+1","Hologram","Thunder Strike+1","Cold Snap","Leap+1","Ball Lightning","Melter","Tempest","Lockon","Auto Shields","Consume+1","Stack+1"],"relics":["Cracked Core","NeowsBlessing","Pen Nib","Singing Bowl","Matryoshka","Smiling Mask","Tiny House","Dream Catcher","Pantograph","Gremlin Horn","Omamori","Bag of Marbles"],"potions_floor_usage":[6,6,6,12,16,16,18,24,24,31,33],"damage_taken":[{"damage":0,"enemies":"Jaw Worm","floor":1,"turns":1},{"damage":0,"enemies":"Cultist","floor":4,"turns":1},{"damage":0,"enemies":"Small Slimes","floor":5,"turns":1},{"damage":0,"enemies":"3 Sentries","floor":6,"turns":6},{"damage":16,"enemies":"Exordium Thugs","floor":7,"turns":4},{"damage":14,"enemies":"Gremlin Nob","floor":11,"turns":3},{"damage":0,"enemies":"Gremlin Gang","floor":12,"turns":3},{"damage":5,"enemies":"Looter","floor":14,"turns":4},{"damage":0,"enemies":"Slime Boss","floor":16,"turns":6},{"damage":6,"enemies":"Chosen","floor":18,"turns":5},{"damage":8,"enemies":"Spheric Guardian","floor":19,"turns":10},{"damage":19,"enemies":"Snake Plant","floor":22,"turns":6},{"damage":1,"enemies":"3 Cultists","floor":24,"turns":6},{"damage":7,"enemies":"Snecko","floor":28,"turns":4},{"damage":14,"enemies":"Snake Plant","floor":30,"turns":4},{"damage":18,"enemies":"Centurion and Healer","floor":31,"turns":5},{"damage":92,"enemies":"Automaton","floor":33,"turns":10}],"seed_played":"-4994898352138588255","potions_obtained":[{"floor":1,"key":"SkillPotion"},{"floor":3,"key":"Fire Potion"},{"floor":3,"key":"AttackPotion"},{"floor":11,"key":"Poison Potion"},{"floor":13,"key":"LiquidBronze"},{"floor":13,"key":"SteroidPotion"},{"floor":13,"key":"Strength Potion"},{"floor":14,"key":"Fire Potion"},{"floor":16,"key":"SkillPotion"},{"floor":17,"key":"LiquidBronze"},{"floor":30,"key":"Energy Potion"},{"floor":31,"key":"Strength Potion"}],"is_trial":false,"path_per_floor":["M","$","?","M","M","E","M","?","T","R","E","M","?","M","R","B",null,"M","M","$","T","M","R","M","$","T","R","M","R","M","M","R","B"],"character_chosen":"DEFECT","items_purchased":["Gremlin Horn"],"campfire_rested":4,"item_purchase_floors":[25],"current_hp_per_floor":[75,75,75,75,75,75,59,56,56,56,42,42,42,37,59,59,80,74,68,68,68,49,73,72,72,72,72,65,82,68,52,77,0],"gold":101,"neow_bonus":"THREE_ENEMY_KILL","is_prod":false,"is_daily":false,"chose_seed":false,"campfire_upgraded":2,"win_rate":0,"timestamp":1550431143,"path_taken":["M","$","?","M","?","E","M","?","T","R","E","M","?","M","R","BOSS","M","M","$","?","M","R","M","?","T","R","?","R","?","M","R","BOSS"],"build_version":"2019-01-23","purchased_purges":2,"victory":false,"max_hp_per_floor":[75,75,75,75,75,75,75,75,75,75,75,75,75,75,75,75,80,80,82,82,82,82,82,82,82,82,82,82,82,82,84,84,84],"card_choices":[{"not_picked":["Skim","Auto Shields"],"picked":"Ball Lightning","floor":1},{"not_picked":["Go for the Eyes","Genetic Algorithm"],"picked":"Leap","floor":4},{"not_picked":["Rebound","Capacitor"],"picked":"Defragment","floor":5},{"not_picked":["Hologram","Skim"],"picked":"Sweeping Beam","floor":6},{"not_picked":["Conserve Battery","FTL"],"picked":"Stack","floor":7},{"not_picked":["Fusion","Hologram"],"picked":"Reinforced Body","floor":11},{"not_picked":["Consume","Streamline"],"picked":"Chill","floor":12},{"not_picked":["Defragment","Compile Driver"],"picked":"Hologram","floor":14},{"not_picked":["Biased Cognition","Fission"],"picked":"Thunder Strike","floor":16},{"not_picked":["Fusion","Redo"],"picked":"Cold Snap","floor":17},{"not_picked":["Cold Snap+1","Consume"],"picked":"Leap+1","floor":18},{"not_picked":["Sweeping Beam","Reinforced Body","Barrage"],"picked":"Singing Bowl","floor":19},{"not_picked":["Streamline","Glacier"],"picked":"Ball Lightning","floor":22},{"not_picked":["All For One","Redo+1"],"picked":"Melter","floor":23},{"not_picked":["Rebound","Barrage"],"picked":"Tempest","floor":24},{"not_picked":["Steam Power","Ball Lightning"],"picked":"Lockon","floor":28},{"not_picked":["Redo","Gash"],"picked":"Auto Shields","floor":29},{"not_picked":["Seek","Barrage"],"picked":"Consume+1","floor":30},{"not_picked":["Compile Driver","Chaos","Hologram"],"picked":"Singing Bowl","floor":31},{"not_picked":["Rebound","Redo"],"picked":"Stack+1","floor":32}],"player_experience":174279,"relics_obtained":[{"floor":6,"key":"Pen Nib"},{"floor":9,"key":"Matryoshka"},{"floor":11,"key":"Smiling Mask"},{"floor":21,"key":"Dream Catcher"},{"floor":21,"key":"Pantograph"},{"floor":26,"key":"Omamori"},{"floor":26,"key":"Bag of Marbles"}],"event_choices":[{"damage_healed":0,"gold_gain":0,"player_choice":"Got Potions","damage_taken":0,"max_hp_gain":0,"max_hp_loss":0,"event_name":"Lab","floor":3,"gold_loss":0},{"damage_healed":0,"gold_gain":0,"player_choice":"Success","damage_taken":3,"relics_obtained":["Singing Bowl"],"max_hp_gain":0,"max_hp_loss":0,"event_name":"Scrap Ooze","floor":8,"gold_loss":0},{"damage_healed":0,"gold_gain":0,"player_choice":"Bought 3 Potions","damage_taken":0,"max_hp_gain":0,"max_hp_loss":0,"event_name":"The Woman in Blue","floor":13,"gold_loss":0}],"is_beta":false,"boss_relics":[{"not_picked":["White Beast Statue","FrozenCore"],"picked":"Tiny House"}],"items_purged_floors":[2,20],"is_endless":false,"potions_floor_spawned":[1,4,11,14,16,30,31],"killed_by":"Automaton","ascension_level":1}