{"path_per_floor":["M","M","M","M","?","E","R","E","T","E","R","M","E","M","R","B",null,"M","M","M","M","M","E","R"],"character_chosen":"DEFECT","items_purchased":[],"gold_per_floor":[112,125,136,155,155,182,182,245,268,299,299,311,339,356,356,456,456,469,486,499,510,526,553,553,553],"floor_reached":25,"campfire_rested":2,"playtime":976,"item_purchase_floors":[],"current_hp_per_floor":[73,72,62,57,57,49,49,28,28,30,68,54,29,20,58,30,79,74,39,41,39,33,12,12,0],"items_purged":[],"gold":553,"score":310,"play_id":"796033e6-21ab-4ff6-8e0f-b3f90e287899","local_time":"20180621182031","is_prod":false,"is_daily":false,"chose_seed":false,"is_ascension_mode":true,"campfire_upgraded":2,"win_rate":0,"timestamp":1529598031,"campfire_choices":[{"data":"Storm","floor":7,"key":"SMITH"},{"floor":11,"key":"REST"},{"floor":15,"key":"REST"},{"data":"Buffer","floor":24,"key":"SMITH"}],"path_taken":["M","M","M","M","?","E","R","E","T","E","R","M","E","M","R","BOSS","M","M","M","M","M","E","R","E"],"build_version":"2018-06-14v2","seed_source_timestamp":16614119720363,"purchased_purges":0,"victory":false,"master_deck":["Zap","Dualcast","Storm+1","Loop","Electrodynamics","Seek","Biased Cognition","Machine Learning","Storm","Sweeping Beam","Streamline","Turbo","Rebound","Streamline","Compile Driver","Recycle","Loop","Defragment","Buffer+1"],"max_hp_per_floor":[75,75,75,75,75,75,75,75,75,77,77,77,77,79,79,79,79,79,79,81,83,85,85,85,85],"relics":["Cracked Core","Regal Pillow","Tiny Chest","Singing Bowl","Vajra","Orichalcum","Pandora\u0027s Box","Pen Nib"],"card_choices":[{"not_picked":["Scrape","Beam Cell"],"picked":"Storm","floor":1},{"not_picked":["Recycle","Go for the Eyes","Turbo"],"picked":"SKIP","floor":2},{"not_picked":["Darkness","Compile Driver","Doom and Gloom"],"picked":"SKIP","floor":3},{"not_picked":["Melter","Beam Cell"],"picked":"Loop","floor":4},{"not_picked":["Self Repair","Rebound"],"picked":"Electrodynamics","floor":6},{"not_picked":["Lockon","Cold Snap","Leap"],"picked":"SKIP","floor":8},{"not_picked":["Sweeping Beam","Hologram","Conserve Battery"],"picked":"Singing Bowl","floor":10},{"not_picked":["Stack","Hello World"],"picked":"Seek","floor":12},{"not_picked":["Turbo","Glacier"],"picked":"Biased Cognition","floor":13},{"not_picked":["Compile Driver","Coolheaded","Ball Lightning"],"picked":"Singing Bowl","floor":14},{"not_picked":["Meteor Strike","Fission"],"picked":"Machine Learning","floor":16},{"not_picked":["Leap+1","Turbo+1"],"picked":"Loop","floor":18},{"not_picked":["Beam Cell","Compile Driver+1"],"picked":"Defragment","floor":19},{"not_picked":["Rebound","Coolheaded","Streamline"],"picked":"Singing Bowl","floor":20},{"not_picked":["Coolheaded","Barrage","Streamline+1"],"picked":"Singing Bowl","floor":21},{"not_picked":["Stack","Turbo","Beam Cell"],"picked":"Singing Bowl","floor":22},{"not_picked":["Chaos+1","Defragment+1"],"picked":"Buffer","floor":23}],"player_experience":376599,"potions_floor_usage":[4,6,6,6,10,13,16,23],"damage_taken":[{"damage":2,"enemies":"2 Louse","floor":1,"turns":2},{"damage":1,"enemies":"Cultist","floor":2,"turns":4},{"damage":10,"enemies":"Small Slimes","floor":3,"turns":5},{"damage":5,"enemies":"2 Fungi Beasts","floor":4,"turns":4},{"damage":8,"enemies":"Gremlin Nob","floor":6,"turns":3},{"damage":21,"enemies":"Lagavulin","floor":8,"turns":6},{"damage":0,"enemies":"3 Sentries","floor":10,"turns":3},{"damage":14,"enemies":"Large Slime","floor":12,"turns":4},{"damage":25,"enemies":"Gremlin Nob","floor":13,"turns":4},{"damage":11,"enemies":"Blue Slaver","floor":14,"turns":4},{"damage":28,"enemies":"Hexaghost","floor":16,"turns":9},{"damage":5,"enemies":"Spheric Guardian","floor":18,"turns":3},{"damage":35,"enemies":"3 Byrds","floor":19,"turns":3},{"damage":0,"enemies":"Cultist and Chosen","floor":20,"turns":3},{"damage":4,"enemies":"Snecko","floor":21,"turns":3},{"damage":8,"enemies":"Centurion and Healer","floor":22,"turns":2},{"damage":21,"enemies":"Book of Stabbing","floor":23,"turns":3},{"damage":23,"enemies":"Slavers","floor":25,"turns":1}],"relics_obtained":[{"floor":6,"key":"Regal Pillow"},{"floor":8,"key":"Tiny Chest"},{"floor":9,"key":"Singing Bowl"},{"floor":10,"key":"Vajra"},{"floor":13,"key":"Orichalcum"},{"floor":23,"key":"Pen Nib"}],"event_choices":[{"event_name":"The Lab","player_choice":"Got Potions","floor":5,"damage_taken":0}],"boss_relics":[{"not_picked":["Ectoplasm","Eternal Feather"],"picked":"Pandora\u0027s Box"}],"items_purged_floors":[],"is_endless":false,"potions_floor_spawned":[1,3,8,12,13,16,18,21,22],"seed_played":"-2376950600501509642","killed_by":"Slavers","ascension_level":2,"potions_obtained":[{"floor":1,"key":"Swift Potion"},{"floor":3,"key":"Block Potion"},{"floor":5,"key":"Poison Potion"},{"floor":5,"key":"Poison Potion"},{"floor":5,"key":"AttackPotion"},{"floor":8,"key":"PowerPotion"},{"floor":12,"key":"AttackPotion"},{"floor":13,"key":"Weak Potion"},{"floor":16,"key":"SpeedPotion"},{"floor":18,"key":"Dexterity Potion"},{"floor":21,"key":"Dexterity Potion"}],"is_trial":false}