{"path_per_floor":["M","?","M","?","M","E","M","M","T","M","E","M","M","E","R","B",null,"M","?","?","M","$","R"],"character_chosen":"THE_SILENT","items_purchased":["Bottled Tornado"],"gold_per_floor":[114,114,132,82,92,120,137,151,151,165,195,215,230,258,258,358,358,324,324,324,339,18,18],"floor_reached":24,"campfire_rested":0,"playtime":2306,"current_hp_per_floor":[70,70,70,70,68,23,21,21,21,20,19,19,19,15,15,33,70,50,50,34,34,34,34],"items_purged":["Defend_G"],"gold":18,"score":220,"play_id":"f9defe97-858c-449e-ad6d-356effaae804","is_prod":false,"is_daily":false,"is_ascension_mode":false,"campfire_upgraded":2,"path_taken":["M","?","M","?","?","E","M","M","T","M","E","M","M","E","R","BOSS","M","?","?","M","$","R","E"],"build_version":"2018-02-22-PROD2","purchased_purges":1,"victory":false,"master_deck":["Defend_G","Defend_G","Defend_G","Defend_G","Strike_G","Strike_G","Strike_G","Survivor","Neutralize","Heel Hook+1","Accuracy","Finisher","Blur","Predator+1","Well Laid Plans","Leg Sweep","Tools of the Trade","PiercingWail","Bouncing Flask+1","Envenom+1","Decay","All Out Attack","Crippling Poison","Necronomicurse"],"max_hp_per_floor":[70,70,70,70,70,70,70,70,70,70,70,70,70,70,70,70,70,70,70,70,70,70,70],"relics":["Ring of the Snake","Vajra","Anchor","Pantograph","Omamori","Whetstone","Calling Bell","Pen Nib","Oddly Smooth Stone","Juzu Bracelet","Necronomicon","Bottled Tornado"],"card_choices":[{"not_picked":["Slice","Outmaneuver"],"picked":"Heel Hook"},{"not_picked":["PiercingWail","Dodge and Roll"],"picked":"Accuracy"},{"not_picked":["Distraction","Flying Knee"],"picked":"Finisher"},{"not_picked":["Calculated Gamble","Deflect"],"picked":"Blur"},{"not_picked":["Skewer","Heel Hook"],"picked":"Predator"},{"not_picked":["Heel Hook","Dodge and Roll"],"picked":"Well Laid Plans"},{"not_picked":["Poisoned Stab","Dodge and Roll"],"picked":"Leg Sweep"},{"not_picked":["Acrobatics","Underhanded Strike"],"picked":"Tools of the Trade"},{"not_picked":["Slice","Bane"],"picked":"PiercingWail"},{"not_picked":["Venomology","Masterful Stab"],"picked":"Bouncing Flask"},{"not_picked":["Burst","Die Die Die"],"picked":"Envenom"},{"not_picked":["Malaise","Deflect"],"picked":"All Out Attack"}],"player_experience":165624,"potions_floor_usage":[11,14,14,14],"damage_taken":[{"damage":0,"enemies":"Jaw Worm","floor":1,"turns":3},{"damage":0,"enemies":"Cultist","floor":3,"turns":3},{"damage":2,"enemies":"Small Slimes","floor":5,"turns":4},{"damage":45,"enemies":"Lagavulin","floor":6,"turns":12},{"damage":2,"enemies":"Exordium Thugs","floor":7,"turns":4},{"damage":0,"enemies":"2 Fungi Beasts","floor":8,"turns":5},{"damage":1,"enemies":"Large Slime","floor":10,"turns":6},{"damage":1,"enemies":"3 Sentries","floor":11,"turns":9},{"damage":0,"enemies":"Exordium Wildlife","floor":12,"turns":4},{"damage":0,"enemies":"Blue Slaver","floor":13,"turns":5},{"damage":10,"enemies":"Gremlin Nob","floor":14,"turns":4},{"damage":7,"enemies":"The Guardian","floor":16,"turns":9},{"damage":20,"enemies":"2 Thieves","floor":18,"turns":5},{"damage":0,"enemies":"Chosen","floor":21,"turns":6},{"damage":40,"enemies":"Slavers","floor":24,"turns":3}],"event_choices":[{"event_name":"Wheel of Change","player_choice":"Card Removal","floor":2,"damage_taken":0},{"event_name":"The Cleric","player_choice":"Card Removal","floor":4,"damage_taken":0},{"event_name":"The Library","player_choice":"Read","floor":19,"damage_taken":0},{"event_name":"Cursed Tome","player_choice":"Obtained Book","floor":20,"damage_taken":0}],"boss_relics":[{"not_picked":["Eternal Feather","Orrery"],"picked":"Calling Bell"}],"potions_floor_spawned":[5,6,7,8,12,18],"seed_played":"6980516953031519747","killed_by":"Slavers","ascension_level":0,"is_trial":false}