{"gold_per_floor":[109,126,126,137,154,154,187,187,214,43,43],"floor_reached":11,"playtime":366,"items_purged":[],"score":139,"play_id":"d32f9105-5c1e-4908-b4f4-c82cd37bd669","local_time":"20190228210038","is_ascension_mode":true,"campfire_choices":[{"data":"Deadly Poison","floor":6,"key":"SMITH"},{"data":"Catalyst","floor":8,"key":"SMITH"}],"neow_cost":"NONE","seed_source_timestamp":219494885566300,"circlet_count":0,"master_deck":["AscendersBane","Defend_G","Defend_G","Defend_G","Defend_G","Defend_G","Strike_G","Strike_G","Strike_G","Strike_G","Strike_G","Survivor","Neutralize","Footwork+1","Dash","Deadly Poison+1","Catalyst+1","Dodge and Roll"],"relics":["Ring of the Snake","Oddly Smooth Stone","Regal Pillow","Anchor"],"potions_floor_usage":[7,7],"damage_taken":[{"damage":14,"enemies":"Jaw Worm","floor":1,"turns":6},{"damage":1,"enemies":"Cultist","floor":2,"turns":4},{"damage":1,"enemies":"2 Louse","floor":4,"turns":4},{"damage":0,"enemies":"Red Slaver","floor":5,"turns":6},{"damage":19,"enemies":"Gremlin Nob","floor":7,"turns":4},{"damage":34,"enemies":"3 Sentries","floor":11,"turns":7}],"seed_played":"4932262622415398162","potions_obtained":[{"floor":1,"key":"Explosive Potion"},{"floor":5,"key":"Explosive Potion"},{"floor":7,"key":"Dexterity Potion"}],"is_trial":false,"path_per_floor":["M","M","?","M","M","R","E","R","T","$","E"],"character_chosen":"THE_SILENT","items_purchased":["Anchor"],"campfire_rested":0,"item_purchase_floors":[10],"current_hp_per_floor":[51,50,50,49,49,49,30,30,30,30,0],"gold":43,"neow_bonus":"TEN_PERCENT_HP_BONUS","is_prod":false,"is_daily":false,"chose_seed":false,"campfire_upgraded":2,"win_rate":0,"timestamp":1551384038,"path_taken":["M","M","?","M","M","R","E","R","T","$","E"],"build_version":"2019-01-23","purchased_purges":0,"victory":false,"max_hp_per_floor":[72,72,72,72,72,72,72,72,72,72,72],"card_choices":[{"not_picked":["PiercingWail","Deadly Poison"],"picked":"Footwork","floor":1},{"not_picked":["Choke","Backstab"],"picked":"Dash","floor":2},{"not_picked":["Bane","Infinite Blades"],"picked":"Deadly Poison","floor":4},{"not_picked":["Acrobatics","Bane"],"picked":"Catalyst","floor":5},{"not_picked":["Dagger Throw","Bane"],"picked":"Dodge and Roll","floor":7}],"player_experience":527251,"relics_obtained":[{"floor":7,"key":"Oddly Smooth Stone"},{"floor":9,"key":"Regal Pillow"}],"event_choices":[{"damage_healed":0,"gold_gain":0,"player_choice":"Upgraded","damage_taken":0,"max_hp_gain":0,"max_hp_loss":0,"event_name":"Upgrade Shrine","floor":3,"gold_loss":0,"cards_upgraded":["Footwork"]}],"is_beta":false,"boss_relics":[],"items_purged_floors":[],"is_endless":false,"potions_floor_spawned":[1,5,7],"killed_by":"3 Sentries","ascension_level":18}