{"gold_per_floor":[109,109,122,139,156,156,188,207,232,247,267,267,267,283,283,386,386,398,398,418,333,353,353,367,367,417,437,437,104,104,104,104,104],"floor_reached":33,"playtime":990,"items_purged":["Defend_B"],"score":301,"play_id":"fb8b8408-cffe-48a3-9852-fb3419f8d2df","local_time":"20190304172447","is_ascension_mode":false,"campfire_choices":[{"data":"Dualcast","floor":6,"key":"SMITH"},{"data":"Zap","floor":13,"key":"SMITH"},{"data":"Tempest","floor":15,"key":"SMITH"},{"data":"Biased Cognition","floor":23,"key":"SMITH"},{"data":"Redo","floor":25,"key":"SMITH"},{"floor":32,"key":"REST"}],"neow_cost":"NONE","seed_source_timestamp":19947433440693,"circlet_count":0,"master_deck":["Strike_B","Defend_B","Zap+1","Dualcast+1","Reinforced Body","Redo+1","Core Surge","Tempest+1","Conserve Battery","Buffer+1","Ball Lightning","Ball Lightning","Biased Cognition+1","Reboot"],"relics":["Cracked Core","DataDisk","Dream Catcher","Empty Cage","Centennial Puzzle","Vajra","Symbiotic Virus","MutagenicStrength"],"potions_floor_usage":[7,7,16,16,20,33],"damage_taken":[{"damage":1,"enemies":"Jaw Worm","floor":1,"turns":3},{"damage":1,"enemies":"Cultist","floor":3,"turns":3},{"damage":6,"enemies":"2 Louse","floor":4,"turns":2},{"damage":10,"enemies":"Exordium Thugs","floor":5,"turns":3},{"damage":10,"enemies":"Gremlin Nob","floor":7,"turns":3},{"damage":5,"enemies":"2 Fungi Beasts","floor":8,"turns":3},{"damage":6,"enemies":"3 Louse","floor":10,"turns":3},{"damage":0,"enemies":"Blue Slaver","floor":11,"turns":2},{"damage":0,"enemies":"Looter","floor":14,"turns":2},{"damage":3,"enemies":"The Guardian","floor":16,"turns":7},{"damage":0,"enemies":"Spheric Guardian","floor":18,"turns":3},{"damage":11,"enemies":"3 Byrds","floor":20,"turns":3},{"damage":0,"enemies":"Snecko","floor":22,"turns":3},{"damage":12,"enemies":"Centurion and Healer","floor":24,"turns":3},{"damage":6,"enemies":"3 Cultists","floor":27,"turns":3},{"damage":88,"enemies":"Automaton","floor":33,"turns":6}],"seed_played":"-8036427252652279837","potions_obtained":[{"floor":1,"key":"FocusPotion"},{"floor":4,"key":"Dexterity Potion"},{"floor":11,"key":"Dexterity Potion"},{"floor":14,"key":"Poison Potion"},{"floor":16,"key":"Regen Potion"},{"floor":20,"key":"Energy Potion"},{"floor":27,"key":"SneckoOil"}],"is_trial":false,"path_per_floor":["M","?","M","M","M","R","E","M","T","M","M","?","R","M","R","B",null,"M","?","M","?","M","R","M","R","T","M","?","$","?","?","R","B"],"character_chosen":"DEFECT","items_purchased":["Symbiotic Virus"],"campfire_rested":1,"item_purchase_floors":[29],"current_hp_per_floor":[74,74,73,67,57,57,47,42,42,36,36,36,36,36,36,33,75,75,61,55,55,55,55,43,43,43,37,37,37,37,37,61,0],"gold":104,"neow_bonus":"REMOVE_CARD","is_prod":false,"is_daily":false,"chose_seed":false,"campfire_upgraded":5,"win_rate":0,"timestamp":1551749087,"path_taken":["M","?","M","M","M","R","E","M","T","M","?","?","R","M","R","BOSS","M","?","M","?","M","R","M","R","T","M","?","$","?","?","R","BOSS"],"build_version":"2019-01-23","purchased_purges":1,"victory":false,"max_hp_per_floor":[75,75,75,75,75,75,75,75,75,75,75,75,75,75,75,75,75,75,80,80,80,80,80,80,80,80,80,80,80,80,80,80,80],"card_choices":[{"not_picked":["Turbo","Darkness"],"picked":"Reinforced Body","floor":1},{"not_picked":["Steam","Compile Driver"],"picked":"Core Surge","floor":3},{"not_picked":["Chaos","Steam"],"picked":"Tempest","floor":4},{"not_picked":["Consume","Undo"],"picked":"Conserve Battery","floor":5},{"not_picked":["Go for the Eyes","Fission"],"picked":"Buffer","floor":7},{"not_picked":["Coolheaded","Lockon"],"picked":"Ball Lightning","floor":8},{"not_picked":["Rip and Tear","Conserve Battery","Coolheaded"],"picked":"SKIP","floor":10},{"not_picked":["Beam Cell","Compile Driver","Chill"],"picked":"SKIP","floor":11},{"not_picked":["Doom and Gloom","Streamline"],"picked":"Ball Lightning","floor":14},{"not_picked":["Buffer","Reboot"],"picked":"Biased Cognition","floor":16},{"not_picked":["Redo","Steam","Hello World"],"picked":"SKIP","floor":18},{"not_picked":["Streamline+1","Barrage+1","Go for the Eyes"],"picked":"SKIP","floor":20},{"not_picked":["Streamline","Aggregate","Stack"],"picked":"SKIP","floor":22},{"not_picked":["Steam","Loop"],"picked":"Reboot","floor":24},{"not_picked":["Rebound","Beam Cell+1","Scrape"],"picked":"SKIP","floor":27}],"player_experience":269240,"relics_obtained":[{"floor":7,"key":"DataDisk"},{"floor":9,"key":"Dream Catcher"},{"floor":26,"key":"Vajra"}],"event_choices":[{"damage_healed":0,"gold_gain":0,"cards_transformed":["Defend_B"],"player_choice":"Transformed","damage_taken":0,"max_hp_gain":0,"max_hp_loss":0,"event_name":"Transmorgrifier","floor":2,"gold_loss":0,"cards_obtained":["Redo"]},{"damage_healed":0,"gold_gain":0,"player_choice":"Upgraded","damage_taken":0,"max_hp_gain":0,"max_hp_loss":0,"event_name":"Upgrade Shrine","floor":12,"gold_loss":0,"cards_upgraded":["Buffer"]},{"damage_healed":0,"gold_gain":0,"player_choice":"Shed Blood","damage_taken":19,"max_hp_gain":5,"max_hp_loss":0,"event_name":"Forgotten Altar","floor":19,"gold_loss":0},{"damage_healed":0,"gold_gain":0,"player_choice":"Obtained Relic","damage_taken":0,"relics_obtained":["Centennial Puzzle"],"max_hp_gain":0,"max_hp_loss":0,"event_name":"Addict","floor":21,"gold_loss":85},{"damage_healed":0,"gold_gain":0,"player_choice":"Ignored","damage_taken":0,"max_hp_gain":0,"max_hp_loss":0,"event_name":"Ghosts","floor":28,"gold_loss":0},{"cards_removed":["Strike_B"],"damage_healed":0,"gold_gain":0,"player_choice":"Elegance","damage_taken":0,"max_hp_gain":0,"max_hp_loss":0,"event_name":"Back to Basics","floor":30,"gold_loss":0},{"damage_healed":0,"gold_gain":0,"player_choice":"Inject Mutagens","damage_taken":0,"relics_obtained":["MutagenicStrength"],"max_hp_gain":0,"max_hp_loss":0,"event_name":"Drug Dealer","floor":31,"gold_loss":0}],"is_beta":false,"boss_relics":[{"not_picked":["Busted Crown","FrozenCore"],"picked":"Empty Cage"}],"items_purged_floors":[29],"is_endless":false,"potions_floor_spawned":[1,4,11,14,16,20,27],"killed_by":"Automaton","ascension_level":0}