{"gold_per_floor":[209,219,10,30,46,56,67,67,67,67,85,85,105,122,122,221,221,238,238],"floor_reached":19,"playtime":1078,"items_purged":[],"score":165,"play_id":"69a9f1b5-f400-4bec-813f-2b64f2709085","local_time":"20190216183942","is_ascension_mode":false,"campfire_choices":[{"data":"Deflect","floor":8,"key":"SMITH"},{"data":"Skewer","floor":12,"key":"SMITH"},{"floor":15,"key":"REST"}],"neow_cost":"NONE","seed_source_timestamp":608157206853,"circlet_count":0,"master_deck":["Defend_G","Defend_G","Defend_G","Defend_G","Defend_G","Strike_G","Strike_G","Strike_G","Strike_G","Strike_G","Survivor","Neutralize","Leg Sweep+1","Tactician","Acrobatics","Footwork","Quick Slash+1","Deflect+1","Skewer+1","Dagger Throw","Underhanded Strike","Burst","Dagger Spray"],"relics":["Ring of the Snake","Juzu Bracelet","Vajra","Sozu"],"potions_floor_usage":[7,16,16,19],"damage_taken":[{"damage":0,"enemies":"Small Slimes","floor":1,"turns":3},{"damage":0,"enemies":"2 Louse","floor":2,"turns":2},{"damage":5,"enemies":"Jaw Worm","floor":4,"turns":10},{"damage":0,"enemies":"Exordium Wildlife","floor":5,"turns":7},{"damage":0,"enemies":"3 Louse","floor":6,"turns":7},{"damage":2,"enemies":"2 Fungi Beasts","floor":7,"turns":6},{"damage":0,"enemies":"Looter","floor":11,"turns":5},{"damage":0,"enemies":"Blue Slaver","floor":13,"turns":4},{"damage":0,"enemies":"2 Fungi Beasts","floor":14,"turns":5},{"damage":41,"enemies":"Hexaghost","floor":16,"turns":12},{"damage":3,"enemies":"Shell Parasite","floor":18,"turns":5},{"damage":17,"enemies":"Colosseum Slavers","floor":19,"turns":4},{"damage":69,"enemies":"Colosseum Nobs","floor":19,"turns":5}],"seed_played":"3376686431074023252","potions_obtained":[{"floor":2,"key":"SneckoOil"},{"floor":4,"key":"Energy Potion"},{"floor":6,"key":"Dexterity Potion"},{"floor":7,"key":"LiquidBronze"}],"is_trial":false,"path_per_floor":["M","M","$","M","M","M","M","R","T","?","M","R","M","M","R","B",null,"M","?"],"character_chosen":"THE_SILENT","items_purchased":["Acrobatics","Juzu Bracelet"],"campfire_rested":1,"item_purchase_floors":[3,3],"current_hp_per_floor":[70,70,70,65,65,65,63,63,63,49,49,49,49,49,70,29,70,67,0],"gold":238,"neow_bonus":"HUNDRED_GOLD","is_prod":false,"is_daily":false,"chose_seed":false,"campfire_upgraded":2,"win_rate":0,"timestamp":1550363982,"path_taken":["M","M","$","M","M","M","M","R","T","?","M","R","M","M","R","BOSS","M","?"],"build_version":"2019-01-23","purchased_purges":0,"victory":false,"max_hp_per_floor":[70,70,70,70,70,70,70,70,70,70,70,70,70,70,70,70,70,70,70],"card_choices":[{"not_picked":["Underhanded Strike","Backflip"],"picked":"Leg Sweep","floor":1},{"not_picked":["Slice","Concentrate"],"picked":"Tactician","floor":2},{"not_picked":["Backflip","Bane"],"picked":"Footwork","floor":4},{"not_picked":["Acrobatics","Slice"],"picked":"Quick Slash","floor":5},{"not_picked":["Outmaneuver","Choke"],"picked":"Deflect","floor":6},{"not_picked":["After Image","Predator","Blade Dance"],"picked":"SKIP","floor":7},{"not_picked":["Bane","Outmaneuver"],"picked":"Skewer","floor":11},{"not_picked":["Tactician","Dodge and Roll"],"picked":"Dagger Throw","floor":13},{"not_picked":["Crippling Poison","Bane"],"picked":"Underhanded Strike","floor":14},{"not_picked":["Malaise","Unload"],"picked":"Burst","floor":16},{"not_picked":["Flying Knee","Dodge and Roll"],"picked":"Dagger Spray","floor":18}],"player_experience":162200,"relics_obtained":[{"floor":9,"key":"Vajra"}],"event_choices":[{"damage_healed":0,"gold_gain":0,"player_choice":"Entered Light","damage_taken":14,"max_hp_gain":0,"max_hp_loss":0,"event_name":"Shining Light","floor":10,"gold_loss":0,"cards_upgraded":["Leg Sweep","Quick Slash"]},{"damage_healed":0,"gold_gain":0,"player_choice":"Fight","damage_taken":0,"max_hp_gain":0,"max_hp_loss":0,"event_name":"Colosseum","floor":19,"gold_loss":0},{"damage_healed":0,"gold_gain":0,"player_choice":"Fought Nobs","damage_taken":0,"max_hp_gain":0,"max_hp_loss":0,"event_name":"Colosseum","floor":19,"gold_loss":0}],"is_beta":false,"boss_relics":[{"not_picked":["Pandora\u0027s Box","Tiny House"],"picked":"Sozu"}],"items_purged_floors":[],"is_endless":false,"potions_floor_spawned":[2,4,6,7,11,18],"killed_by":"Colosseum Nobs","ascension_level":0}