{"gold_per_floor":[215,69,84,95,95,95,105,105,105,132,149,168,180,145,145,244,244,258,277,277,297],"floor_reached":21,"playtime":1111,"items_purged":[],"score":287,"play_id":"2ceeba81-89ce-453f-8e39-22138a071d7a","local_time":"20181221194200","is_ascension_mode":true,"campfire_choices":[{"data":"Zap","floor":6,"key":"SMITH"},{"data":"Dualcast","floor":8,"key":"SMITH"},{"data":"Conserve Battery","floor":15,"key":"SMITH"}],"neow_cost":"NONE","seed_source_timestamp":39551482929300,"circlet_count":0,"master_deck":["AscendersBane","Strike_B","Strike_B","Strike_B","Strike_B","Defend_B","Defend_B","Defend_B","Defend_B","Zap+1","Dualcast+1","Cold Snap","Conserve Battery+1","Coolheaded","Cold Snap","Self Repair","Leap","Cold Snap","Amplify","Conserve Battery+1"],"relics":["Cracked Core","Orichalcum","CultistMask","Gremlin Horn","Meat on the Bone","Eternal Feather","Nilry\u0027s Codex"],"potions_floor_usage":[7,11,18],"damage_taken":[{"damage":1,"enemies":"2 Louse","floor":1,"turns":3},{"damage":0,"enemies":"Cultist","floor":3,"turns":3},{"damage":2,"enemies":"Jaw Worm","floor":4,"turns":4},{"damage":8,"enemies":"3 Louse","floor":7,"turns":2},{"damage":7,"enemies":"3 Sentries","floor":10,"turns":10},{"damage":0,"enemies":"Large Slime","floor":11,"turns":5},{"damage":5,"enemies":"Blue Slaver","floor":12,"turns":4},{"damage":1,"enemies":"Looter","floor":13,"turns":3},{"damage":55,"enemies":"Slime Boss","floor":16,"turns":23},{"damage":3,"enemies":"Spheric Guardian","floor":18,"turns":5},{"damage":8,"enemies":"Shell Parasite","floor":19,"turns":10},{"damage":28,"enemies":"Snake Plant","floor":21,"turns":10}],"seed_played":"579586194519820661","potions_obtained":[{"floor":1,"key":"FearPotion"},{"floor":3,"key":"Explosive Potion"},{"floor":11,"key":"FearPotion"},{"floor":16,"key":"AttackPotion"},{"floor":21,"key":"Swift Potion"}],"is_trial":false,"path_per_floor":["M","$","M","M","?","R","M","R","T","E","M","M","M","?","R","B",null,"M","M","?","M"],"character_chosen":"DEFECT","items_purchased":["Orichalcum"],"campfire_rested":0,"item_purchase_floors":[2],"current_hp_per_floor":[67,67,67,65,65,65,57,57,57,50,50,45,44,62,62,26,63,67,66,50,41],"gold":297,"neow_bonus":"HUNDRED_GOLD","is_prod":false,"is_daily":false,"chose_seed":false,"campfire_upgraded":3,"win_rate":0,"timestamp":1545417720,"path_taken":["M","$","M","M","?","R","?","R","T","E","M","?","M","?","R","BOSS","M","M","?","M"],"build_version":"2018-12-20","purchased_purges":0,"victory":false,"max_hp_per_floor":[75,75,75,75,75,75,75,75,75,75,75,75,75,75,75,75,75,75,75,75,75],"card_choices":[{"not_picked":["Static Discharge","Heatsinks","Tempest"],"picked":"SKIP","floor":1},{"not_picked":["Redo","Gash"],"picked":"Cold Snap","floor":3},{"not_picked":["Melter","Rebound"],"picked":"Conserve Battery","floor":4},{"not_picked":["BootSequence","Ball Lightning"],"picked":"Coolheaded","floor":7},{"not_picked":["Undo","Reprogram"],"picked":"Cold Snap","floor":10},{"not_picked":["Darkness","Steam"],"picked":"Self Repair","floor":11},{"not_picked":["Force Field","Compile Driver"],"picked":"Leap","floor":12},{"not_picked":["Chill","Aggregate"],"picked":"Cold Snap","floor":13},{"not_picked":["Meteor Strike","Machine Learning"],"picked":"Amplify","floor":16},{"not_picked":["Barrage","Turbo"],"picked":"Conserve Battery+1","floor":18},{"not_picked":["Rebound","Steam Power+1","Steam+1"],"picked":"SKIP","floor":19},{"not_picked":["Streamline+1","Conserve Battery","Hologram"],"picked":"SKIP","floor":21}],"player_experience":302906,"relics_obtained":[{"floor":9,"key":"Gremlin Horn"},{"floor":10,"key":"Meat on the Bone"},{"floor":20,"key":"Nilry\u0027s Codex"}],"event_choices":[{"damage_healed":0,"gold_gain":0,"player_choice":"Trade","damage_taken":0,"relics_obtained":["CultistMask"],"max_hp_gain":0,"max_hp_loss":0,"event_name":"FaceTrader","floor":5,"gold_loss":0},{"damage_healed":18,"gold_gain":0,"player_choice":"Healed","damage_taken":0,"max_hp_gain":0,"max_hp_loss":0,"event_name":"The Cleric","floor":14,"gold_loss":35},{"damage_healed":0,"gold_gain":0,"player_choice":"Obtained Book","damage_taken":16,"max_hp_gain":0,"max_hp_loss":0,"event_name":"Cursed Tome","floor":20,"gold_loss":0}],"is_beta":false,"boss_relics":[{"not_picked":["Runic Dome","Fusion Hammer"],"picked":"Eternal Feather"}],"items_purged_floors":[],"is_endless":false,"potions_floor_spawned":[1,3,11,16,21],"killed_by":"Snake Plant","ascension_level":11}