{"path_per_floor":["M","?","M","?","M","E","M","M","T","E","?","E","M","M","R"],"character_chosen":"IRONCLAD","items_purchased":[],"gold_per_floor":[118,118,133,308,318,343,356,374,400,425,500,535,546,557,557,557],"floor_reached":16,"campfire_rested":0,"playtime":1022,"current_hp_per_floor":[80,80,80,80,80,67,68,68,68,32,21,15,23,21,21,0],"items_purged":[],"gold":557,"score":124,"play_id":"a62e3bc4-bde0-4845-92f8-6bbf35784ae0","local_time":"20180525000215","is_prod":false,"is_daily":false,"chose_seed":false,"is_ascension_mode":false,"campfire_upgraded":1,"timestamp":1527199335,"campfire_choices":[{"data":"Spot Weakness","floor":15,"key":"SMITH"}],"path_taken":["M","?","?","?","M","E","M","M","T","E","?","E","M","M","R","BOSS"],"build_version":"2018-05-17","seed_source_timestamp":204068126428650,"purchased_purges":0,"victory":false,"master_deck":["Strike_R","Strike_R","Strike_R","Strike_R","Defend_R","Defend_R","Defend_R","Defend_R","Bash","Iron Wave","Reckless Charge","Doubt","Sentinel","Thunderclap","Spot Weakness+1","Impervious","Ghostly Armor"],"max_hp_per_floor":[80,80,80,80,80,80,80,82,82,84,84,84,86,86,86,86],"relics":["Burning Blood","Singing Bowl","Potion Belt","Oddly Smooth Stone","Juzu Bracelet","Dream Catcher"],"card_choices":[{"not_picked":["Wild Strike","Warcry"],"picked":"Iron Wave","floor":1},{"not_picked":["True Grit","Anger"],"picked":"Reckless Charge","floor":3},{"not_picked":["Blood for Blood","Flex"],"picked":"Sentinel","floor":5},{"not_picked":["Pommel Strike","Power Through"],"picked":"Thunderclap","floor":6},{"not_picked":["Battle Trance","Searing Blow"],"picked":"Spot Weakness","floor":7},{"not_picked":["Clothesline","Shrug It Off","Burning Pact"],"picked":"Singing Bowl","floor":8},{"not_picked":["Anger","Hemokinesis","Clothesline"],"picked":"Singing Bowl","floor":10},{"not_picked":["Sentinel","Sever Soul"],"picked":"Impervious","floor":12},{"not_picked":["Clash","Sentinel","Heavy Blade"],"picked":"Singing Bowl","floor":13},{"not_picked":["Cleave","Heavy Blade"],"picked":"Ghostly Armor","floor":14}],"player_experience":262419,"potions_floor_usage":[10,16,16,16,16],"damage_taken":[{"damage":3,"enemies":"Jaw Worm","floor":1,"turns":5},{"damage":1,"enemies":"Cultist","floor":3,"turns":3},{"damage":1,"enemies":"2 Louse","floor":5,"turns":3},{"damage":19,"enemies":"3 Sentries","floor":6,"turns":14},{"damage":5,"enemies":"Looter","floor":7,"turns":3},{"damage":8,"enemies":"Exordium Thugs","floor":8,"turns":6},{"damage":44,"enemies":"Lagavulin","floor":10,"turns":8},{"damage":12,"enemies":"3 Sentries","floor":12,"turns":7},{"damage":0,"enemies":"Red Slaver","floor":13,"turns":4},{"damage":8,"enemies":"Large Slime","floor":14,"turns":8},{"damage":25,"enemies":"Hexaghost","floor":16,"turns":11}],"relics_obtained":[{"floor":6,"key":"Potion Belt"},{"floor":9,"key":"Oddly Smooth Stone"},{"floor":10,"key":"Juzu Bracelet"},{"floor":12,"key":"Dream Catcher"}],"event_choices":[{"event_name":"Living Wall","player_choice":"Forget","floor":2,"damage_taken":0},{"event_name":"Liars Game","player_choice":"agreed","floor":4,"damage_taken":0},{"event_name":"World of Goop","player_choice":"Gather Gold","floor":11,"damage_taken":0}],"boss_relics":[],"potions_floor_spawned":[3,5,7,10,13],"seed_played":"-2524955592325463256","killed_by":"Hexaghost","ascension_level":0,"potions_obtained":[{"floor":3,"key":"Ancient Potion"},{"floor":5,"key":"Dexterity Potion"},{"floor":7,"key":"Explosive Potion"},{"floor":10,"key":"Ancient Potion"},{"floor":13,"key":"EssenceOfSteel"}],"is_trial":false}