{"gold_per_floor":[111,111,186,186,204,204,229,229,277,277,296,8,22,71,71,168,218,235,235,252,270,288,288,133,133,211,227,243,253,253,268,268,268],"floor_reached":33,"playtime":1756,"items_purged":["Strike_B"],"score":249,"play_id":"ac5c9d64-04af-4d45-9c78-8df4663169f9","local_time":"20190215182755","is_ascension_mode":false,"campfire_choices":[{"data":"Creative AI","floor":6,"key":"SMITH"},{"floor":8,"key":"REST"},{"data":"Conserve Battery","floor":10,"key":"SMITH"},{"floor":15,"key":"REST"},{"floor":23,"key":"REST"},{"floor":25,"key":"REST"},{"floor":30,"key":"REST"},{"floor":32,"key":"REST"}],"neow_cost":"NONE","seed_source_timestamp":21785143343959,"circlet_count":0,"master_deck":["Strike_B+1","Strike_B","Strike_B","Defend_B","Defend_B","Defend_B","Defend_B","Zap","Ball Lightning","Tempest","Sweeping Beam","Redo","Conserve Battery+1","Rebound+1","Creative AI+1","Auto Shields","Compile Driver","Sunder","Buffer","Melter","Leap","Echo Form+1","Reinforced Body","Ball Lightning+1","Streamline+1","Leap","Rip and Tear+1","Static Discharge","Doom and Gloom+1","Hologram+1","Leap","Conserve Battery"],"relics":["Orrery","Du-Vu Doll","Whetstone","Blood Vial","Tiny House","MutagenicStrength","Gremlin Horn"],"potions_floor_usage":[13,16,18,21,22,27,33],"damage_taken":[{"damage":6,"enemies":"Jaw Worm","floor":1,"turns":4},{"damage":0,"enemies":"2 Louse","floor":5,"turns":3},{"damage":26,"enemies":"Lagavulin","floor":7,"turns":6},{"damage":0,"enemies":"Cultist","floor":11,"turns":4},{"damage":3,"enemies":"Exordium Wildlife","floor":13,"turns":4},{"damage":25,"enemies":"Slime Boss","floor":16,"turns":10},{"damage":11,"enemies":"Spheric Guardian","floor":18,"turns":6},{"damage":7,"enemies":"Shell Parasite","floor":20,"turns":8},{"damage":15,"enemies":"Chosen and Byrds","floor":21,"turns":8},{"damage":15,"enemies":"Centurion and Healer","floor":22,"turns":6},{"damage":12,"enemies":"Shelled Parasite and Fungi","floor":27,"turns":7},{"damage":25,"enemies":"Chosen and Byrds","floor":28,"turns":7},{"damage":30,"enemies":"Centurion and Healer","floor":29,"turns":9},{"damage":29,"enemies":"Snake Plant","floor":31,"turns":6},{"damage":75,"enemies":"Champ","floor":33,"turns":10}],"seed_played":"-802053234409560655","potions_obtained":[{"floor":5,"key":"GamblersBrew"},{"floor":7,"key":"Explosive Potion"},{"floor":11,"key":"SkillPotion"},{"floor":17,"key":"Block Potion"},{"floor":20,"key":"SpeedPotion"},{"floor":21,"key":"Explosive Potion"},{"floor":31,"key":"Regen Potion"}],"is_trial":false,"path_per_floor":["M","?","?","?","M","R","E","R","T","R","M","$","M","T","R","B",null,"M","?","M","M","M","R","$","R","T","M","M","M","R","M","R","B"],"character_chosen":"DEFECT","items_purchased":["Sunder","Buffer","Melter","Static Discharge"],"campfire_rested":6,"item_purchase_floors":[12,12,12,24],"current_hp_per_floor":[69,74,63,63,63,63,37,61,61,61,61,61,58,58,80,55,85,74,74,69,56,43,68,68,85,85,73,50,22,47,20,45,0],"gold":268,"neow_bonus":"BOSS_RELIC","is_prod":false,"is_daily":false,"chose_seed":false,"campfire_upgraded":2,"win_rate":0,"timestamp":1550276875,"path_taken":["M","?","?","?","?","R","E","R","T","R","M","$","M","?","R","BOSS","M","?","M","M","M","R","$","R","T","M","M","M","R","M","R","BOSS"],"build_version":"2019-01-23","purchased_purges":1,"victory":false,"max_hp_per_floor":[75,80,80,80,80,80,80,80,80,80,80,80,80,80,80,80,85,85,85,85,85,85,85,85,85,85,85,85,85,85,85,85,85],"card_choices":[{"not_picked":["Coolheaded","Stack"],"picked":"Ball Lightning","floor":0},{"not_picked":["Defragment","Skim"],"picked":"Tempest","floor":0},{"not_picked":["Gash","Amplify"],"picked":"Sweeping Beam","floor":0},{"not_picked":["Conserve Battery","Recycle"],"picked":"Redo","floor":0},{"not_picked":["Steam Power","Streamline"],"picked":"Conserve Battery","floor":0},{"not_picked":["Sweeping Beam","Go for the Eyes"],"picked":"Rebound","floor":1},{"not_picked":["Compile Driver","Tempest"],"picked":"Creative AI","floor":5},{"not_picked":["Hello World","White Noise"],"picked":"Auto Shields","floor":7},{"not_picked":["Steam","Barrage"],"picked":"Compile Driver","floor":11},{"not_picked":["Sweeping Beam","Turbo"],"picked":"Leap","floor":13},{"not_picked":["Creative AI","Rainbow"],"picked":"Echo Form","floor":16},{"not_picked":["Turbo","Heatsinks"],"picked":"Reinforced Body","floor":17},{"not_picked":["Sweeping Beam","Beam Cell+1"],"picked":"Ball Lightning+1","floor":18},{"not_picked":["Loop+1","Rebound+1"],"picked":"Streamline+1","floor":20},{"not_picked":["Streamline","Consume"],"picked":"Leap","floor":21},{"not_picked":["Gash+1","Skim"],"picked":"Rip and Tear+1","floor":22},{"not_picked":["Compile Driver","Streamline"],"picked":"Doom and Gloom+1","floor":27},{"not_picked":["Rebound+1","Steam"],"picked":"Hologram+1","floor":28},{"not_picked":["Amplify","Steam"],"picked":"Leap","floor":29},{"not_picked":["Hello World","Beam Cell"],"picked":"Conserve Battery","floor":31}],"player_experience":148203,"relics_obtained":[{"floor":7,"key":"Du-Vu Doll"},{"floor":9,"key":"Whetstone"},{"floor":14,"key":"Blood Vial"},{"floor":26,"key":"Gremlin Horn"}],"event_choices":[{"damage_healed":0,"gold_gain":0,"player_choice":"Donut","damage_taken":0,"max_hp_gain":5,"max_hp_loss":0,"event_name":"Big Fish","floor":2,"gold_loss":0},{"damage_healed":0,"gold_gain":75,"player_choice":"Gather Gold","damage_taken":11,"max_hp_gain":0,"max_hp_loss":0,"event_name":"World of Goop","floor":3,"gold_loss":0},{"cards_removed":["Dualcast"],"damage_healed":0,"gold_gain":0,"player_choice":"Purged","damage_taken":0,"max_hp_gain":0,"max_hp_loss":0,"event_name":"Purifier","floor":4,"gold_loss":0},{"damage_healed":0,"gold_gain":0,"player_choice":"Inject Mutagens","damage_taken":0,"relics_obtained":["MutagenicStrength"],"max_hp_gain":0,"max_hp_loss":0,"event_name":"Drug Dealer","floor":19,"gold_loss":0}],"is_beta":false,"boss_relics":[{"not_picked":["Black Star","Calling Bell"],"picked":"Tiny House"}],"items_purged_floors":[24],"is_endless":false,"potions_floor_spawned":[5,7,11,20,21,31],"killed_by":"Champ","ascension_level":0}