{"gold_per_floor":[112,112,112,112,137,137,162,182,206,222,262,262,287,312,312,436,436,460,480,499,499,514,514,534,534],"floor_reached":25,"playtime":1532,"items_purged":[],"score":209,"play_id":"093f3641-2fa0-4aee-af36-a6751f4e8822","local_time":"20190210222730","is_ascension_mode":false,"campfire_choices":[{"floor":6,"key":"REST"},{"floor":12,"key":"REST"},{"floor":15,"key":"REST"},{"floor":23,"key":"REST"}],"neow_cost":"NONE","seed_source_timestamp":44476628255980,"circlet_count":0,"master_deck":["Defend_G","Defend_G","Defend_G","Defend_G","Defend_G","Strike_G","Strike_G","Strike_G","Strike_G","Survivor","Neutralize","Dagger Throw","Deadly Poison","Calculated Gamble","Bane","Poisoned Stab","Finisher","Bane","Catalyst","Unload","Dagger Spray","Underhanded Strike","Dash","Flechettes+1","Terror"],"relics":["Fusion Hammer","Golden Idol","Oddly Smooth Stone","Omamori","Velvet Choker"],"potions_floor_usage":[8,24,25],"damage_taken":[{"damage":0,"enemies":"2 Louse","floor":1,"turns":3},{"damage":0,"enemies":"Jaw Worm","floor":5,"turns":4},{"damage":0,"enemies":"Cultist","floor":7,"turns":3},{"damage":4,"enemies":"Exordium Wildlife","floor":8,"turns":6},{"damage":4,"enemies":"Exordium Thugs","floor":10,"turns":5},{"damage":4,"enemies":"Lagavulin","floor":11,"turns":5},{"damage":0,"enemies":"Red Slaver","floor":13,"turns":4},{"damage":0,"enemies":"Looter","floor":14,"turns":3},{"damage":39,"enemies":"The Guardian","floor":16,"turns":9},{"damage":1,"enemies":"Chosen","floor":18,"turns":4},{"damage":10,"enemies":"Shell Parasite","floor":19,"turns":4},{"damage":18,"enemies":"3 Cultists","floor":20,"turns":6},{"damage":27,"enemies":"Centurion and Healer","floor":22,"turns":6},{"damage":21,"enemies":"Cultist and Chosen","floor":24,"turns":5},{"damage":27,"enemies":"Slavers","floor":25,"turns":3}],"seed_played":"-6778243914599668029","potions_obtained":[{"floor":1,"key":"GhostInAJar"},{"floor":5,"key":"Strength Potion"},{"floor":13,"key":"Energy Potion"},{"floor":14,"key":"LiquidBronze"},{"floor":19,"key":"GamblersBrew"}],"is_trial":false,"path_per_floor":["M","?","?","?","M","R","M","M","T","M","E","R","M","M","R","B",null,"M","M","M","?","M","R","M","E"],"character_chosen":"THE_SILENT","items_purchased":[],"campfire_rested":4,"item_purchase_floors":[],"current_hp_per_floor":[70,63,68,50,50,72,72,68,68,64,60,75,75,75,75,36,75,74,64,46,46,19,41,20,0],"gold":534,"neow_bonus":"BOSS_RELIC","is_prod":false,"is_daily":false,"chose_seed":false,"campfire_upgraded":0,"win_rate":0.0,"timestamp":1549859250,"path_taken":["M","?","?","?","M","R","M","M","T","?","E","R","M","M","R","BOSS","M","M","M","?","M","R","M","E"],"build_version":"2019-01-23","purchased_purges":0,"victory":false,"max_hp_per_floor":[70,70,75,75,75,75,75,75,75,75,75,75,75,75,75,75,75,75,75,75,75,75,75,75,75],"card_choices":[{"not_picked":["Reflex","Eviscerate"],"picked":"Dagger Throw","floor":1},{"not_picked":["Prepared","Blade Dance"],"picked":"Deadly Poison","floor":5},{"not_picked":["Outmaneuver","Flying Knee"],"picked":"Calculated Gamble","floor":7},{"not_picked":["Deadly Poison","Poisoned Stab"],"picked":"Bane","floor":8},{"not_picked":["Bouncing Flask","Glass Knife"],"picked":"Poisoned Stab","floor":10},{"not_picked":["Backflip","Dagger Throw"],"picked":"Finisher","floor":11},{"not_picked":["Prepared","Riddle With Holes"],"picked":"Bane","floor":13},{"not_picked":["Blade Dance","Sucker Punch"],"picked":"Catalyst","floor":14},{"not_picked":["A Thousand Cuts","Burst"],"picked":"Unload","floor":16},{"not_picked":["Eviscerate","Prepared"],"picked":"Dagger Spray","floor":18},{"not_picked":["Dagger Spray","Acrobatics"],"picked":"Underhanded Strike","floor":19},{"not_picked":["Dodge and Roll","Bouncing Flask"],"picked":"Dash","floor":20},{"not_picked":["Outmaneuver+1","Sucker Punch"],"picked":"Flechettes+1","floor":22},{"not_picked":["Outmaneuver","Blade Dance"],"picked":"Terror","floor":24}],"player_experience":31735,"relics_obtained":[{"floor":9,"key":"Oddly Smooth Stone"},{"floor":11,"key":"Omamori"}],"event_choices":[{"cards_removed":["Strike_G"],"damage_healed":0,"gold_gain":0,"player_choice":"Card Removal","damage_taken":7,"max_hp_gain":0,"max_hp_loss":0,"event_name":"Golden Wing","floor":2,"gold_loss":0},{"damage_healed":0,"gold_gain":0,"player_choice":"Donut","damage_taken":0,"max_hp_gain":5,"max_hp_loss":0,"event_name":"Big Fish","floor":3,"gold_loss":0},{"damage_healed":0,"gold_gain":0,"player_choice":"Take Damage","damage_taken":18,"relics_obtained":["Golden Idol"],"max_hp_gain":0,"max_hp_loss":0,"event_name":"Golden Idol","floor":4,"gold_loss":0},{"damage_healed":0,"gold_gain":0,"player_choice":"Ignored","damage_taken":0,"max_hp_gain":0,"max_hp_loss":0,"event_name":"Ghosts","floor":21,"gold_loss":0}],"is_beta":false,"boss_relics":[{"not_picked":["Tiny House","Runic Dome"],"picked":"Velvet Choker"}],"items_purged_floors":[],"is_endless":false,"potions_floor_spawned":[1,5,13,14,19],"killed_by":"Slavers","ascension_level":0}