{"gold_per_floor":[114,64,64,82,99,99,99,99,99,27,27,27,59,69,69,170,170,187,200,290,41,41,41,41,53,79,79,127,140,140,167,167,269,269,282,302,320,332,351,351,362,362,408,408,165,165,217,217,217,217],"floor_reached":51,"playtime":1778,"items_purged":["Normality"],"score":688,"play_id":"3a2650e7-4e47-4aec-92cb-ca2411b89399","local_time":"20190202233217","is_ascension_mode":false,"campfire_choices":[{"data":"Consume","floor":6.0,"key":"SMITH"},{"data":"Zap","floor":8.0,"key":"SMITH"},{"data":"Lockon","floor":11.0,"key":"SMITH"},{"data":"Leap","floor":15.0,"key":"SMITH"},{"data":"Trip","floor":23.0,"key":"SMITH"},{"data":"Capacitor","floor":27.0,"key":"SMITH"},{"data":"Self Repair","floor":30.0,"key":"SMITH"},{"data":"Seek","floor":32.0,"key":"SMITH"},{"data":"Creative AI","floor":40,"key":"SMITH"},{"data":"Reboot","floor":42,"key":"SMITH"},{"data":"Electrodynamics","floor":44,"key":"SMITH"},{"data":"Dualcast","floor":46,"key":"SMITH"},{"floor":49,"key":"REST"}],"neow_cost":"NONE","seed_source_timestamp":44354620851200,"circlet_count":0,"master_deck":["Strike_B+1","Strike_B+1","Strike_B","Defend_B","Defend_B","Defend_B","Defend_B","Zap+1","Dualcast+1","Reboot+1","Go for the Eyes+1","Consume+1","Lockon+1","Steam","Leap+1","Electrodynamics+1","Cold Snap","Cold Snap","Trip+1","Self Repair+1","Capacitor+1","Coolheaded+1","Reboot+1","Seek+1","Creative AI+1","Core Surge","Capacitor+1","Cold Snap+1"],"special_seed":0,"relics":["Cracked Core","Pear","Whetstone","Oddly Smooth Stone","Lizard Tail","Lee\u0027s Waffle","Smiling Mask","Regal Pillow","Kunai","Cursed Key","DollysMirror","Ginger"],"potions_floor_usage":[47,50,50],"damage_taken":[{"damage":6.0,"enemies":"Jaw Worm","floor":1.0,"turns":3.0},{"damage":0.0,"enemies":"2 Louse","floor":4.0,"turns":2.0},{"damage":0.0,"enemies":"Cultist","floor":5.0,"turns":2.0},{"damage":21.0,"enemies":"Gremlin Nob","floor":13.0,"turns":4.0},{"damage":7.0,"enemies":"Exordium Thugs","floor":14.0,"turns":3.0},{"damage":20.0,"enemies":"Hexaghost","floor":16.0,"turns":9.0},{"damage":4.0,"enemies":"Spheric Guardian","floor":18.0,"turns":3.0},{"damage":11.0,"enemies":"2 Thieves","floor":19.0,"turns":3.0},{"damage":16.0,"enemies":"Chosen and Byrds","floor":25.0,"turns":5.0},{"damage":15.0,"enemies":"Snake Plant","floor":29.0,"turns":6.0},{"damage":18.0,"enemies":"Gremlin Leader","floor":31.0,"turns":7.0},{"damage":12.0,"enemies":"Champ","floor":33.0,"turns":14.0},{"damage":21.0,"enemies":"Orb Walker","floor":35.0,"turns":5.0},{"damage":12,"enemies":"3 Darklings","floor":36,"turns":5},{"damage":24,"enemies":"Jaw Worm Horde","floor":37,"turns":2},{"damage":9,"enemies":"Sphere and 2 Shapes","floor":38,"turns":3},{"damage":15,"enemies":"4 Shapes","floor":39,"turns":4},{"damage":2,"enemies":"Transient","floor":41,"turns":5},{"damage":22,"enemies":"2 Orb Walkers","floor":47,"turns":4},{"damage":78,"enemies":"Awakened One","floor":50,"turns":14}],"seed_played":"7210412992118507228","potions_obtained":[{"floor":14.0,"key":"Energy Potion"},{"floor":16.0,"key":"LiquidBronze"},{"floor":19.0,"key":"PowerPotion"},{"floor":29.0,"key":"Weak Potion"},{"floor":33.0,"key":"Ancient Potion"},{"floor":35.0,"key":"SpeedPotion"},{"floor":47,"key":"PowerPotion"}],"is_trial":false,"path_per_floor":["M","?","?","M","M","R","?","R","T","$","R","T","E","M","R","B",null,"M","M","?","$","?","R","?","M","T","R","T","M","R","E","R","B",null,"M","M","M","M","M","R","M","R","T","R","$","R","?","?","R","B",null],"character_chosen":"DEFECT","items_purchased":["Lockon","Lee\u0027s Waffle","Self Repair","DollysMirror"],"campfire_rested":1,"item_purchase_floors":[10,21,21,45],"current_hp_per_floor":[69,69,54,54,54,54,59,59,69,69,69,69,48,41,41,21,90,86,75,48,97,97,97,97,88,88,88,88,80,80,72,72,70,97,86,84,70,71,66,66,64,64,64,64,64,64,52,52,96,18],"gold":217,"neow_bonus":"ONE_RANDOM_RARE_CARD","is_prod":false,"is_daily":false,"chose_seed":false,"campfire_upgraded":12,"win_rate":0,"timestamp":1549168337,"path_taken":["M","?","?","M","?","R","?","R","T","?","R","?","E","M","R","BOSS","M","M","?","?","?","R","?","M","T","R","?","M","R","E","R","BOSS","M","?","M","M","M","R","M","R","T","R","$","R","?","?","R","BOSS"],"build_version":"2019-01-23","purchased_purges":1,"victory":true,"max_hp_per_floor":[75,75,75,75,75,75,80,80,90,90,90,90,90,90,90,90,90,90,90,90,97,97,97,97,97,97,97,97,97,97,97,97,97,97,97,97,97,97,97,97,97,97,97,97,97,97,97,97,97,97],"card_choices":[{"not_picked":["Compile Driver","Coolheaded"],"picked":"Go for the Eyes","floor":1.0},{"not_picked":["Skim","Rebound","Steam Power"],"picked":"SKIP","floor":4.0},{"not_picked":["Go for the Eyes","Turbo"],"picked":"Consume","floor":5.0},{"not_picked":["Hello World","Go for the Eyes"],"picked":"Steam","floor":13.0},{"not_picked":["Hologram","Steam"],"picked":"Leap","floor":14.0},{"not_picked":["Machine Learning","Multi-Cast"],"picked":"Electrodynamics","floor":16.0},{"not_picked":["Ball Lightning","Streamline"],"picked":"Cold Snap","floor":18.0},{"not_picked":["Recycle","Barrage"],"picked":"Cold Snap","floor":19.0},{"not_picked":["Beam Cell","Redo"],"picked":"Coolheaded+1","floor":25.0},{"not_picked":["Rip and Tear","Skim"],"picked":"Reboot","floor":29.0},{"not_picked":["Rip and Tear+1","Turbo+1"],"picked":"Seek","floor":31.0},{"not_picked":["Meteor Strike","Machine Learning"],"picked":"Creative AI","floor":33.0},{"not_picked":["Conserve Battery","Cold Snap"],"picked":"Ball Lightning+1","floor":35.0},{"not_picked":["Streamline+1","Cold Snap+1","Stack"],"picked":"SKIP","floor":36},{"not_picked":["Hologram","Rip and Tear+1","Steam Power"],"picked":"SKIP","floor":37},{"not_picked":["Streamline+1","Go for the Eyes"],"picked":"Core Surge","floor":38},{"not_picked":["Turbo+1","Barrage","Stack+1"],"picked":"SKIP","floor":39},{"not_picked":["Gash+1","Ball Lightning+1","Doom and Gloom+1"],"picked":"SKIP","floor":41},{"not_picked":["Ball Lightning+1","Gash"],"picked":"Cold Snap+1","floor":47}],"player_experience":568729,"relics_obtained":[{"floor":9.0,"key":"Pear"},{"floor":12.0,"key":"Whetstone"},{"floor":13.0,"key":"Oddly Smooth Stone"},{"floor":26.0,"key":"Smiling Mask"},{"floor":28.0,"key":"Regal Pillow"},{"floor":31.0,"key":"Kunai"},{"floor":47,"key":"Ginger"}],"event_choices":[{"cards_removed":["Strike_B"],"damage_healed":0.0,"max_hp_gain":0.0,"max_hp_loss":0.0,"gold_gain":0.0,"event_name":"The Cleric","player_choice":"Card Removal","floor":2.0,"gold_loss":50.0,"damage_taken":0.0},{"damage_healed":0.0,"max_hp_gain":0.0,"max_hp_loss":0.0,"gold_gain":0.0,"event_name":"Shining Light","player_choice":"Entered Light","floor":3.0,"gold_loss":0.0,"damage_taken":15.0,"cards_upgraded":["Strike_B","Reboot"]},{"damage_healed":0.0,"max_hp_gain":5.0,"max_hp_loss":0.0,"gold_gain":0.0,"event_name":"Big Fish","player_choice":"Donut","floor":7.0,"gold_loss":0.0,"damage_taken":0.0},{"damage_healed":0.0,"max_hp_gain":0.0,"max_hp_loss":0.0,"gold_gain":90.0,"event_name":"Knowing Skull","player_choice":"GOLD CARD ","floor":20.0,"potions_obtained":[],"gold_loss":0.0,"damage_taken":27.0,"cards_obtained":["Trip"]},{"damage_healed":0.0,"max_hp_gain":0.0,"max_hp_loss":0.0,"gold_gain":0.0,"event_name":"Beggar","player_choice":"Ignored","floor":22.0,"gold_loss":0.0,"damage_taken":0.0},{"damage_healed":0.0,"max_hp_gain":0.0,"max_hp_loss":0.0,"gold_gain":0.0,"event_name":"The Library","player_choice":"Read","floor":24.0,"gold_loss":0.0,"damage_taken":0.0,"cards_obtained":["Capacitor"]},{"damage_healed":0,"gold_gain":0,"player_choice":"Fight","damage_taken":0,"max_hp_gain":0,"max_hp_loss":0,"event_name":"Mysterious Sphere","floor":47,"gold_loss":0},{"cards_removed":["Ball Lightning"],"damage_healed":0,"gold_gain":0,"player_choice":"Removed Attack","damage_taken":0,"max_hp_gain":0,"max_hp_loss":0,"event_name":"Falling","floor":48,"gold_loss":0}],"is_beta":true,"boss_relics":[{"not_picked":["Calling Bell","Runic Pyramid"],"picked":"Lizard Tail"},{"not_picked":["FrozenCore","Black Star"],"picked":"Cursed Key"}],"items_purged_floors":[45],"is_endless":false,"potions_floor_spawned":[14,16,19,29,33,35,47],"ascension_level":0}