{"gold_per_floor":[109,109,29,45,62,62,92,92,115,115,140,156,39,71,71,175,175,186,21,38,55,75,75,103,103,157,187,187,200,214,8,8,107,107,117,117,128,128,128],"floor_reached":39,"playtime":2254,"items_purged":["Strike_G"],"score":807,"play_id":"ed88db6b-3c52-4d0b-bc74-1f7911b9407a","local_time":"20190203182619","is_ascension_mode":true,"campfire_choices":[{"data":"Neutralize","floor":6,"key":"SMITH"},{"data":"Cloak And Dagger","floor":8,"key":"SMITH"},{"data":"Bane","floor":10,"key":"SMITH"},{"floor":15,"key":"REST"},{"data":"Cloak And Dagger","floor":23,"key":"SMITH"},{"floor":25,"key":"REST"},{"data":"Accuracy","floor":28,"key":"SMITH"},{"floor":32,"key":"REST"}],"neow_cost":"NONE","seed_source_timestamp":872139465955800,"circlet_count":0,"master_deck":["AscendersBane","Defend_G","Defend_G","Defend_G","Defend_G","Defend_G","Survivor","Neutralize+1","A Thousand Cuts","Dodge and Roll","Dash","Bouncing Flask","Bane+1","Deadly Poison","Cloak And Dagger+1","Backflip","Dagger Spray","Well Laid Plans","Escape Plan","Cloak And Dagger+1","Adrenaline","Catalyst","Accuracy","Deadly Poison","Deadly Poison","Accuracy+1","PiercingWail","PiercingWail","Deflect","Caltrops","Burst","Burst","Flying Knee+1","Dodge and Roll+1","Well Laid Plans+1","Dodge and Roll+1","Parasite"],"relics":["Ring of the Snake","Boot","Bag of Preparation","Ninja Scroll","Happy Flower","WristBlade","Art of War","Tiny Chest","Blue Candle","Membership Card","Astrolabe","Centennial Puzzle"],"potions_floor_usage":[7,16,21,24,24,27,33,35],"damage_taken":[{"damage":0,"enemies":"Cultist","floor":1,"turns":4},{"damage":0,"enemies":"Jaw Worm","floor":4,"turns":3},{"damage":1,"enemies":"Small Slimes","floor":5,"turns":5},{"damage":28,"enemies":"Gremlin Nob","floor":7,"turns":5},{"damage":19,"enemies":"3 Sentries","floor":11,"turns":8},{"damage":0,"enemies":"Blue Slaver","floor":12,"turns":4},{"damage":13,"enemies":"Lagavulin","floor":14,"turns":6},{"damage":0,"enemies":"Hexaghost","floor":16,"turns":10},{"damage":0,"enemies":"Shell Parasite","floor":18,"turns":6},{"damage":0,"enemies":"3 Byrds","floor":20,"turns":4},{"damage":8,"enemies":"Snake Plant","floor":21,"turns":5},{"damage":16,"enemies":"Centurion and Healer","floor":22,"turns":8},{"damage":29,"enemies":"Book of Stabbing","floor":24,"turns":6},{"damage":6,"enemies":"Slavers","floor":27,"turns":6},{"damage":0,"enemies":"Chosen and Byrds","floor":29,"turns":5},{"damage":5,"enemies":"Snecko","floor":30,"turns":5},{"damage":1,"enemies":"Collector","floor":33,"turns":8},{"damage":32,"enemies":"3 Darklings","floor":35,"turns":9},{"damage":12,"enemies":"3 Shapes","floor":37,"turns":5},{"damage":52,"enemies":"Writhing Mass","floor":39,"turns":8}],"seed_played":"8155252114326122865","potions_obtained":[{"floor":1,"key":"Regen Potion"},{"floor":4,"key":"Dexterity Potion"},{"floor":11,"key":"SpeedPotion"},{"floor":18,"key":"AttackPotion"},{"floor":21,"key":"EntropicBrew"},{"floor":22,"key":"GhostInAJar"},{"floor":29,"key":"FearPotion"},{"floor":30,"key":"Block Potion"},{"floor":35,"key":"GamblersBrew"}],"is_trial":false,"path_per_floor":["M","?","$","M","M","R","E","R","T","R","E","M","$","E","R","B",null,"M","$","M","M","M","R","E","R","T","E","R","M","M","$","R","B",null,"M","?","M","?","M"],"character_chosen":"THE_SILENT","items_purchased":["Bouncing Flask","Bane","Well Laid Plans","Escape Plan","Accuracy","Deadly Poison","Membership Card"],"campfire_rested":3,"item_purchase_floors":[3,3,13,13,19,19,31],"current_hp_per_floor":[63,63,63,63,62,62,46,46,46,46,27,27,27,14,35,35,61,61,61,61,53,37,37,8,29,29,23,23,23,18,18,39,38,62,30,30,18,18,0],"gold":128,"neow_bonus":"ONE_RANDOM_RARE_CARD","is_prod":false,"is_daily":false,"chose_seed":false,"campfire_upgraded":5,"win_rate":0,"timestamp":1549214779,"path_taken":["M","?","?","?","M","R","E","R","T","R","E","M","$","E","R","BOSS","M","?","M","?","M","R","E","R","T","E","R","M","M","$","R","BOSS","M","?","?","?","M"],"build_version":"2019-01-23","purchased_purges":1,"victory":false,"max_hp_per_floor":[70,70,70,70,70,70,70,70,70,70,70,70,70,70,70,70,70,70,70,70,70,70,70,70,70,70,70,70,70,70,70,70,70,70,70,70,70,70,70],"card_choices":[{"not_picked":["Backflip","Riddle With Holes"],"picked":"Dodge and Roll","floor":1},{"not_picked":["Heel Hook","Cloak And Dagger","Prepared"],"picked":"SKIP","floor":4},{"not_picked":["Poisoned Stab","Dodge and Roll"],"picked":"Deadly Poison","floor":5},{"not_picked":["Tools of the Trade","Poisoned Stab"],"picked":"Cloak And Dagger","floor":7},{"not_picked":["Setup","Prepared"],"picked":"Backflip","floor":11},{"not_picked":["Choke","Bane"],"picked":"Dagger Spray","floor":12},{"not_picked":["Doppelganger","Deflect"],"picked":"Cloak And Dagger","floor":14},{"not_picked":["Venomology","Tools of the Trade"],"picked":"Adrenaline","floor":16},{"not_picked":["Poisoned Stab","Bane"],"picked":"Catalyst","floor":18},{"not_picked":["Reflex+1","Dagger Throw"],"picked":"Deadly Poison","floor":20},{"not_picked":["Endless Agony","Prepared"],"picked":"Accuracy","floor":21},{"not_picked":["Outmaneuver","Dagger Spray"],"picked":"PiercingWail","floor":22},{"not_picked":["Doppelganger","Dagger Throw"],"picked":"PiercingWail","floor":24},{"not_picked":["Slice","Underhanded Strike"],"picked":"Deflect","floor":27},{"not_picked":["Sucker Punch+1","Slice"],"picked":"Caltrops","floor":29},{"not_picked":["Flying Knee","Tactician"],"picked":"Burst","floor":30},{"not_picked":["Night Terror","Die Die Die"],"picked":"Burst","floor":33},{"not_picked":["Dagger Spray","Outmaneuver+1","Sucker Punch"],"picked":"SKIP","floor":35},{"not_picked":["Backflip","Quick Slash"],"picked":"Dodge and Roll+1","floor":37}],"player_experience":456502,"relics_obtained":[{"floor":7,"key":"Boot"},{"floor":9,"key":"Bag of Preparation"},{"floor":11,"key":"Ninja Scroll"},{"floor":14,"key":"Happy Flower"},{"floor":24,"key":"Art of War"},{"floor":26,"key":"Tiny Chest"},{"floor":27,"key":"Blue Candle"}],"event_choices":[{"damage_healed":0,"gold_gain":0,"cards_transformed":["Strike_G"],"player_choice":"Transformed","damage_taken":0,"max_hp_gain":0,"max_hp_loss":0,"event_name":"Transmorgrifier","floor":2,"gold_loss":0,"cards_obtained":["Dash"]},{"damage_healed":0,"gold_gain":0,"player_choice":"Gave Potion","damage_taken":0,"relics_obtained":["Centennial Puzzle"],"max_hp_gain":0,"max_hp_loss":0,"event_name":"WeMeetAgain","floor":36,"gold_loss":0},{"damage_healed":0,"gold_gain":0,"player_choice":"Ignored","damage_taken":0,"max_hp_gain":0,"max_hp_loss":0,"event_name":"Mysterious Sphere","floor":38,"gold_loss":0}],"is_beta":false,"boss_relics":[{"not_picked":["Eternal Feather","Runic Pyramid"],"picked":"WristBlade"},{"not_picked":["Lizard Tail","Fusion Hammer"],"picked":"Astrolabe"}],"items_purged_floors":[19],"is_endless":false,"potions_floor_spawned":[1,4,11,18,21,22,29,30,35],"killed_by":"Writhing Mass","ascension_level":12}