{"gold_per_floor":[109,34,34,34,51,51,110,124,171,171,171,187,187,207,207,309,309,323,340,86,86],"floor_reached":21,"playtime":878,"items_purged":["Strike_B","Strike_B"],"score":235,"play_id":"8b735724-c33c-4a36-b2b9-19aeeb56ba66","local_time":"20190305152757","is_ascension_mode":true,"campfire_choices":[{"data":"Rip and Tear","floor":6,"key":"SMITH"},{"data":"Echo Form","floor":10,"key":"SMITH"},{"data":"BootSequence","floor":13,"key":"SMITH"},{"floor":15,"key":"REST"}],"neow_cost":"NONE","seed_source_timestamp":99454347371006,"circlet_count":0,"master_deck":["Strike_B","Defend_B","Defend_B","Defend_B","Defend_B","Zap","Dualcast+1","Steam","Rip and Tear+1","Echo Form+1","Coolheaded","BootSequence+1","Skim","Creative AI","Capacitor","Biased Cognition","Force Field","Steam Power","Double Energy","Hologram","Defragment","Forethought"],"relics":["Cracked Core","NeowsBlessing","Tiny Chest","Bag of Preparation","Orrery"],"potions_floor_usage":[12,16],"damage_taken":[{"damage":0,"enemies":"Jaw Worm","floor":1,"turns":1},{"damage":0,"enemies":"Small Slimes","floor":5,"turns":1},{"damage":0,"enemies":"3 Sentries","floor":7,"turns":1},{"damage":0,"enemies":"2 Louse","floor":8,"turns":1},{"damage":26,"enemies":"Lots of Slimes","floor":12,"turns":2},{"damage":9,"enemies":"3 Louse","floor":14,"turns":2},{"damage":12,"enemies":"The Guardian","floor":16,"turns":11},{"damage":35,"enemies":"2 Thieves","floor":18,"turns":5},{"damage":18,"enemies":"Chosen","floor":19,"turns":5},{"damage":37,"enemies":"Snecko","floor":21,"turns":4}],"seed_played":"7338753892091938124","potions_obtained":[{"floor":1,"key":"LiquidBronze"},{"floor":8,"key":"FearPotion"},{"floor":18,"key":"SteroidPotion"}],"is_trial":false,"path_per_floor":["M","$","?","?","M","R","E","M","T","R","?","M","R","M","R","B",null,"M","M","$","M"],"character_chosen":"DEFECT","items_purchased":["Defragment","Forethought"],"campfire_rested":1,"item_purchase_floors":[20,20],"current_hp_per_floor":[75,75,68,73,73,73,73,73,73,73,73,47,47,38,62,50,80,45,27,27,0],"gold":86,"neow_bonus":"THREE_ENEMY_KILL","is_prod":false,"is_daily":false,"chose_seed":false,"campfire_upgraded":3,"win_rate":0,"timestamp":1551828477,"path_taken":["M","$","?","?","M","R","E","M","T","R","?","M","R","?","R","BOSS","M","M","$","M"],"build_version":"2019-01-23","purchased_purges":2,"victory":false,"max_hp_per_floor":[75,75,75,80,80,80,80,80,80,80,80,80,80,80,80,80,80,80,80,80,80],"card_choices":[{"not_picked":["Reprogram","Beam Cell"],"picked":"Steam","floor":1},{"not_picked":["Redo","Compile Driver"],"picked":"Rip and Tear","floor":5},{"not_picked":["Heatsinks","Leap"],"picked":"Echo Form","floor":7},{"not_picked":["Recycle","Steam Power"],"picked":"Coolheaded","floor":8},{"not_picked":["Redo","Genetic Algorithm"],"picked":"BootSequence","floor":12},{"not_picked":["Compile Driver","Stack"],"picked":"Skim","floor":14},{"not_picked":["Machine Learning","Core Surge"],"picked":"Creative AI","floor":16},{"not_picked":["Barrage","Ball Lightning"],"picked":"Capacitor","floor":17},{"not_picked":["Streamline","Compile Driver"],"picked":"Biased Cognition","floor":17},{"not_picked":["Genetic Algorithm","Gash"],"picked":"Force Field","floor":17},{"not_picked":["Double Energy","Beam Cell"],"picked":"Steam Power","floor":17},{"not_picked":["Chill","Steam"],"picked":"Double Energy","floor":17},{"not_picked":["Darkness","Steam","Go for the Eyes"],"picked":"SKIP","floor":18},{"not_picked":["Reprogram","Rebound"],"picked":"Hologram","floor":19}],"player_experience":288842,"relics_obtained":[{"floor":7,"key":"Tiny Chest"},{"floor":9,"key":"Bag of Preparation"}],"event_choices":[{"cards_removed":["Strike_B"],"damage_healed":0,"gold_gain":0,"player_choice":"Card Removal","damage_taken":7,"max_hp_gain":0,"max_hp_loss":0,"event_name":"Golden Wing","floor":3,"gold_loss":0},{"damage_healed":0,"gold_gain":0,"player_choice":"Donut","damage_taken":0,"max_hp_gain":5,"max_hp_loss":0,"event_name":"Big Fish","floor":4,"gold_loss":0},{"damage_healed":0,"gold_gain":0,"player_choice":"Upgraded","damage_taken":0,"max_hp_gain":0,"max_hp_loss":0,"event_name":"Upgrade Shrine","floor":11,"gold_loss":0,"cards_upgraded":["Dualcast"]}],"is_beta":false,"boss_relics":[{"not_picked":["Black Star","Sozu"],"picked":"Orrery"}],"items_purged_floors":[2,20],"is_endless":false,"potions_floor_spawned":[1,8,18],"killed_by":"Snecko","ascension_level":3}