{"path_per_floor":["M","M","?","?","M","R","?","E","T","?","M","E","M","?","R"],"character_chosen":"THE_SILENT","items_purchased":[],"gold_per_floor":[117,135,135,135,152,152,152,179,204,204,220,249,266,217,217],"floor_reached":16,"campfire_rested":1,"playtime":1139,"current_hp_per_floor":[57,57,57,50,50,50,50,37,37,37,37,4,4,4,22],"items_purged":[],"gold":217,"score":110,"play_id":"290c5df9-ee0b-4a1c-b7aa-4ad30b1d6346","local_time":"20180313104928","is_prod":false,"is_daily":false,"is_ascension_mode":false,"campfire_upgraded":1,"timestamp":1520934568,"path_taken":["M","M","?","?","?","R","?","E","T","?","M","E","?","?","R","BOSS"],"build_version":"2018-03-09","purchased_purges":0,"victory":false,"master_deck":["Defend_G","Defend_G","Defend_G","Defend_G","Defend_G","Strike_G","Strike_G","Survivor","Neutralize","Phantasmal Killer+1","Poisoned Stab","Grand Finale","Setup","Wraith Form","All Out Attack"],"max_hp_per_floor":[63,63,63,63,63,63,63,63,63,63,63,63,63,63,63],"relics":["Ring of the Snake","Dead Branch","Dream Catcher","Bronze Scales"],"card_choices":[{"not_picked":["Unload","Die Die Die"],"picked":"Phantasmal Killer"},{"not_picked":["Expertise","Dodge and Roll"],"picked":"Poisoned Stab"},{"not_picked":["Underhanded Strike","PiercingWail"],"picked":"Grand Finale"},{"not_picked":["Dodge and Roll","Expertise"],"picked":"Setup"},{"not_picked":["Quick Slash","Dagger Spray"],"picked":"Wraith Form"},{"not_picked":["Eviscerate","Slice"],"picked":"All Out Attack"}],"player_experience":191855,"potions_floor_usage":[8,8,12,13],"damage_taken":[{"damage":6,"enemies":"Jaw Worm","floor":1,"turns":5},{"damage":0,"enemies":"Cultist","floor":2,"turns":4},{"damage":0,"enemies":"2 Louse","floor":5,"turns":3},{"damage":19,"enemies":"Lagavulin","floor":8,"turns":9},{"damage":0,"enemies":"Red Slaver","floor":11,"turns":4},{"damage":33,"enemies":"3 Sentries","floor":12,"turns":9},{"damage":0,"enemies":"3 Louse","floor":13,"turns":2},{"damage":22,"enemies":"The Guardian","floor":16,"turns":2}],"event_choices":[{"event_name":"The Lab","player_choice":"Got Potions","floor":3,"damage_taken":0},{"event_name":"Golden Wing","player_choice":"Card Removal","floor":4,"damage_taken":0},{"event_name":"Wheel of Change","player_choice":"Card Removal","floor":7,"damage_taken":0},{"event_name":"Purifier","player_choice":"One Purge","floor":10,"damage_taken":0},{"event_name":"World of Goop","player_choice":"Left","floor":14,"damage_taken":0}],"boss_relics":[],"potions_floor_spawned":[1,5,12],"seed_played":"-3747409933568580271","killed_by":"The Guardian","ascension_level":0,"is_trial":false}