{"path_per_floor":["M","M","?","?","$","R","?","R","T","M","M","R","M","E","R","B",null,"M","M","$","M","$","R","E","R","T","M","?","?","M","M","R","B",null,"M","M","M","$","?","R","M","M","T","?","R","?"],"character_chosen":"THE_SILENT","items_purchased":["Bag of Preparation","Bottled Lightning"],"gold_per_floor":[116,129,129,204,54,54,54,54,54,65,80,80,100,135,135,232,232,251,270,8,27,27,27,57,57,57,67,67,67,81,91,91,186,186,203,215,227,152,152,152,169,186,186,186,186,186],"floor_reached":47,"campfire_rested":1,"playtime":3922,"current_hp_per_floor":[70,70,70,59,59,59,59,59,59,59,59,59,59,59,59,43,70,68,68,68,68,68,68,52,52,52,49,49,49,43,43,43,41,49,49,40,40,40,40,40,36,29,29,29,43,37],"items_purged":["Bite"],"gold":186,"score":448,"play_id":"ddb9a17a-13d4-4463-acec-9831b893e96b","is_prod":false,"is_daily":false,"is_ascension_mode":false,"campfire_upgraded":8,"path_taken":["M","M","?","?","?","R","?","R","T","M","?","R","?","E","R","BOSS","M","M","$","M","$","R","E","R","T","?","?","?","M","M","R","BOSS","M","M","M","$","?","R","M","?","T","?","R","?","M"],"build_version":"2018-02-15-PROD1","purchased_purges":1,"victory":false,"master_deck":["Defend_G","Defend_G","Defend_G","Defend_G","Survivor","Neutralize+1","Deflect","Calculated Gamble+1","Underhanded Strike+1","Calculated Gamble+1","Storm of Steel+1","Underhanded Strike+1","Distraction+1","Endless Agony","Prepared","Bite","Bite","Bite","Bite","Accuracy+1","Underhanded Strike","Terror+1","Infinite Blades+1","Acrobatics+1","Acrobatics+1","Madness","Madness"],"max_hp_per_floor":[70,70,70,70,70,70,70,70,70,70,70,70,70,70,70,70,70,70,70,70,70,70,70,70,70,70,70,49,49,49,49,49,49,49,49,49,49,49,49,49,49,49,49,49,49,49],"relics":["Ring of the Snake","Bag of Preparation","Dead Branch","Sundial","Paper Crane","Runic Pyramid","Bottled Lightning","Prayer Wheel","Oddly Smooth Stone","Sozu","Blue Candle","Bird Faced Urn"],"card_choices":[{"not_picked":["Outmaneuver","Dagger Throw"],"picked":"Deflect"},{"not_picked":["Crippling Poison","PiercingWail"],"picked":"Calculated Gamble"},{"not_picked":["Escape Plan","Predator"],"picked":"Underhanded Strike"},{"not_picked":["Quick Slash","Acrobatics"],"picked":"Calculated Gamble"},{"not_picked":["Dagger Throw","Outmaneuver"],"picked":"Storm of Steel"},{"not_picked":["Choke","Deflect"],"picked":"Underhanded Strike"},{"not_picked":["Slice","Deflect"],"picked":"Distraction"},{"not_picked":["Sucker Punch","Terror"],"picked":"Endless Agony"},{"not_picked":["Poisoned Stab","Dagger Throw"],"picked":"Prepared"},{"not_picked":["Sucker Punch","Underhanded Strike"],"picked":"Accuracy"},{"not_picked":["Flying Knee","Cloak And Dagger"],"picked":"Underhanded Strike"},{"not_picked":["Deflect","Dagger Spray"],"picked":"Terror"},{"not_picked":["Dagger Spray","Dodge and Roll"],"picked":"Infinite Blades"},{"not_picked":["Dagger Spray","Envenom"],"picked":"Acrobatics"},{"not_picked":["Predator","Dodge and Roll"],"picked":"Acrobatics"}],"player_experience":141678,"potions_floor_usage":[11,21,24],"damage_taken":[{"damage":0,"enemies":"Jaw Worm","floor":1,"turns":5},{"damage":0,"enemies":"Cultist","floor":2,"turns":4},{"damage":0,"enemies":"2 Louse","floor":10,"turns":2},{"damage":0,"enemies":"Large Slime","floor":11,"turns":3},{"damage":0,"enemies":"3 Louse","floor":13,"turns":4},{"damage":0,"enemies":"Gremlin Nob","floor":14,"turns":1},{"damage":16,"enemies":"Hexaghost","floor":16,"turns":6},{"damage":2,"enemies":"Chosen","floor":18,"turns":3},{"damage":0,"enemies":"Spheric Guardian","floor":19,"turns":2},{"damage":0,"enemies":"Snake Plant","floor":21,"turns":3},{"damage":16,"enemies":"Slavers","floor":24,"turns":5},{"damage":3,"enemies":"Snecko","floor":27,"turns":3},{"damage":7,"enemies":"Centurion and Healer","floor":30,"turns":4},{"damage":0,"enemies":"Sentry and Sphere","floor":31,"turns":2},{"damage":8,"enemies":"Collector","floor":33,"turns":7},{"damage":0,"enemies":"3 Darklings","floor":35,"turns":3},{"damage":9,"enemies":"Orb Walker","floor":36,"turns":2},{"damage":0,"enemies":"3 Darklings","floor":37,"turns":2},{"damage":6,"enemies":"Sphere and 2 Shapes","floor":41,"turns":5},{"damage":13,"enemies":"Maw","floor":42,"turns":5},{"damage":43,"enemies":"3 Darklings","floor":47,"turns":3}],"event_choices":[{"event_name":"The Lab","player_choice":"Got Potions","floor":3,"damage_taken":0},{"event_name":"World of Goop","player_choice":"Gather Gold","floor":4,"damage_taken":0},{"event_name":"Dead Adventurer","player_choice":"Searched \u00272\u0027 times","floor":7,"damage_taken":0},{"event_name":"Vampires","player_choice":"Became a vampire","floor":28,"damage_taken":0},{"event_name":"Drug Dealer","player_choice":"Ignored","floor":29,"damage_taken":0},{"event_name":"Wheel of Change","player_choice":"Relic","floor":39,"damage_taken":0},{"event_name":"Winding Halls","player_choice":"Embrace Madness","floor":46,"damage_taken":0}],"boss_relics":[{"not_picked":["Eternal Feather","Orrery"],"picked":"Runic Pyramid"},{"not_picked":["Philosopher\u0027s Stone","Pandora\u0027s Box"],"picked":"Sozu"}],"potions_floor_spawned":[1,2,13,21,24,36,37,41],"seed_played":"5729515078568057623","killed_by":"3 Darklings","ascension_level":0,"is_trial":false}