{"path_per_floor":["M","?","$","?","?","E","?","M","T","R","M","?","E","M","R"],"character_chosen":"IRONCLAD","items_purchased":["Bag of Marbles"],"gold_per_floor":[109,184,40,215,215,243,243,263,335,335,347,347,388,402,402,402],"floor_reached":16,"campfire_rested":1,"playtime":514,"current_hp_per_floor":[80,69,69,69,69,75,75,80,80,80,80,60,47,38,62,0],"items_purged":[],"gold":402,"score":132,"play_id":"c99331c4-7dc4-4223-b854-48c4ace76c58","local_time":"20180413205139","is_prod":false,"is_daily":false,"chose_seed":false,"is_ascension_mode":false,"campfire_upgraded":1,"timestamp":1523667099,"path_taken":["M","?","$","?","?","E","?","?","T","R","M","?","E","M","R","BOSS"],"build_version":"2018-04-12","seed_source_timestamp":36991031233218,"purchased_purges":0,"victory":false,"master_deck":["Strike_R","Strike_R","Strike_R","Strike_R","Strike_R","Defend_R","Defend_R","Defend_R","Bash","Reckless Charge","Blood for Blood","Infernal Blade+1","Bloodletting","Bloodletting"],"max_hp_per_floor":[80,80,80,80,80,80,80,80,80,80,80,80,80,80,80,80],"relics":["Burning Blood","NeowsBlessing","Bag of Marbles","Mercury Hourglass","Spirit Poop","Smiling Mask","Golden Idol","Unceasing Top"],"card_choices":[{"not_picked":["Armaments","Flex"],"picked":"Reckless Charge","floor":1},{"not_picked":["Ghostly Armor","Juggernaut"],"picked":"Infernal Blade","floor":6},{"not_picked":["Ghostly Armor","Twin Strike"],"picked":"Bloodletting","floor":8},{"not_picked":["True Grit","Cleave"],"picked":"Bloodletting","floor":13}],"player_experience":175628,"potions_floor_usage":[16],"damage_taken":[{"damage":0,"enemies":"Jaw Worm","floor":1,"turns":1},{"damage":0,"enemies":"Gremlin Nob","floor":6,"turns":1},{"damage":0,"enemies":"Cultist","floor":8,"turns":1},{"damage":3,"enemies":"2 Louse","floor":11,"turns":1},{"damage":19,"enemies":"3 Sentries","floor":13,"turns":6},{"damage":15,"enemies":"Exordium Thugs","floor":14,"turns":3},{"damage":69,"enemies":"The Guardian","floor":16,"turns":7}],"event_choices":[{"event_name":"World of Goop","player_choice":"Gather Gold","floor":2,"damage_taken":0},{"event_name":"Liars Game","player_choice":"agreed","floor":4,"damage_taken":0},{"event_name":"Transmorgrifier","player_choice":"Transform","floor":5,"damage_taken":0},{"event_name":"Bonfire Elementals","player_choice":"CURSE","floor":7,"damage_taken":0},{"event_name":"Golden Idol","player_choice":"Take Damage","floor":12,"damage_taken":0}],"boss_relics":[],"potions_floor_spawned":[14],"seed_played":"-2744804414154031015","killed_by":"The Guardian","ascension_level":0,"is_trial":false}