{"gold_per_floor":[14,14,24,43,54,84,84,110,165,165,179,179,207,176,176,281,281,298,311,311,365,41,41,57,57,81,101,129,139,139,149,149,252,252,263,36,0,0,11,36,36,48,73,84,84,100,100,100,100,100],"floor_reached":51,"playtime":2679,"items_purged":["Strike_G"],"score":1043,"play_id":"db14bc5a-2449-4de7-b18c-bbd3df92ad43","local_time":"20190111134846","is_ascension_mode":true,"campfire_choices":[{"data":"Neutralize","floor":7,"key":"SMITH"},{"data":"Dagger Spray","floor":10,"key":"SMITH"},{"data":"Dodge and Roll","floor":12,"key":"SMITH"},{"data":"Deflect","floor":15,"key":"SMITH"},{"data":"Footwork","floor":23,"key":"SMITH"},{"data":"All Out Attack","floor":25,"key":"SMITH"},{"data":"Glass Knife","floor":30,"key":"SMITH"},{"floor":32,"key":"REST"},{"data":"Bouncing Flask","floor":41,"key":"SMITH"},{"floor":47,"key":"REST"},{"data":"Footwork","floor":49,"key":"SMITH"}],"neow_cost":"NO_GOLD","seed_source_timestamp":75924734097000,"circlet_count":0,"master_deck":["Defend_G+1","Defend_G","Defend_G","Defend_G+1","Defend_G","Strike_G","Strike_G","Survivor","Neutralize+1","Backstab","Sucker Punch+1","Dagger Spray+1","Deflect+1","Flying Knee","Dodge and Roll+1","Terror","Skewer+1","Glass Knife+1","Predator+1","Dodge and Roll+1","Footwork+1","Heel Hook","All Out Attack+1","Blur","Noxious Fumes+1","Cloak And Dagger","Backflip","Adrenaline","Bouncing Flask+1","Parasite","Adrenaline","PiercingWail+1","Parasite","Footwork+1"],"relics":["Ring of the Snake","Vajra","Strawberry","Tiny Chest","Centennial Puzzle","Empty Cage","MutagenicStrength","War Paint","Lantern","Art of War","Ninja Scroll","Cursed Key","Blood Vial","Red Mask","The Courier","Whetstone","Snake Skull"],"potions_floor_usage":[6,16,16,28,28,42,50,50,50,50,50,50],"damage_taken":[{"damage":0,"enemies":"Cultist","floor":1,"turns":5},{"damage":0,"enemies":"2 Louse","floor":3,"turns":4},{"damage":0,"enemies":"Jaw Worm","floor":4,"turns":3},{"damage":4,"enemies":"Large Slime","floor":5,"turns":7},{"damage":19,"enemies":"Gremlin Nob","floor":6,"turns":5},{"damage":6,"enemies":"3 Sentries","floor":8,"turns":7},{"damage":0,"enemies":"Exordium Thugs","floor":11,"turns":3},{"damage":4,"enemies":"Gremlin Nob","floor":13,"turns":3},{"damage":0,"enemies":"Hexaghost","floor":16,"turns":9},{"damage":9,"enemies":"Shell Parasite","floor":18,"turns":5},{"damage":1,"enemies":"Spheric Guardian","floor":19,"turns":3},{"damage":18,"enemies":"Snake Plant","floor":24,"turns":4},{"damage":5,"enemies":"3 Cultists","floor":27,"turns":4},{"damage":4,"enemies":"Book of Stabbing","floor":28,"turns":5},{"damage":0,"enemies":"Centurion and Healer","floor":29,"turns":3},{"damage":0,"enemies":"Snecko","floor":31,"turns":2},{"damage":34,"enemies":"Collector","floor":33,"turns":10},{"damage":2,"enemies":"3 Darklings","floor":35,"turns":2},{"damage":0,"enemies":"Orb Walker","floor":39,"turns":1},{"damage":7,"enemies":"Nemesis","floor":40,"turns":7},{"damage":0,"enemies":"3 Darklings","floor":42,"turns":3},{"damage":2,"enemies":"Maw","floor":44,"turns":7},{"damage":15,"enemies":"Sphere and 2 Shapes","floor":46,"turns":5},{"damage":46,"enemies":"Awakened One","floor":50,"turns":18}],"seed_played":"7502918274417184071","potions_obtained":[{"floor":1,"key":"Fire Potion"},{"floor":2,"key":"GhostInAJar"},{"floor":2,"key":"SkillPotion"},{"floor":5,"key":"Block Potion"},{"floor":8,"key":"FearPotion"},{"floor":11,"key":"Dexterity Potion"},{"floor":24,"key":"Strength Potion"},{"floor":28,"key":"Energy Potion"},{"floor":33,"key":"SkillPotion"},{"floor":42,"key":"Poison Potion"},{"floor":44,"key":"EntropicBrew"}],"is_trial":false,"path_per_floor":["M","?","M","M","M","E","R","E","T","R","M","R","E","?","R","B",null,"M","M","?","T","$","R","M","R","T","M","E","M","R","M","R","B",null,"M","$","?","T","M","E","R","M","T","M","?","M","R","?","R","B",null],"character_chosen":"THE_SILENT","items_purchased":["Footwork","Heel Hook","Lantern","Bouncing Flask","Blood Vial"],"campfire_rested":2,"item_purchase_floors":[22,22,22,36,36],"current_hp_per_floor":[77,77,77,77,73,54,54,55,55,55,55,55,51,51,51,51,81,72,71,71,71,71,71,53,53,53,48,44,44,44,44,71,37,78,76,76,76,76,78,73,73,75,75,75,75,62,86,86,86,40],"gold":100,"neow_bonus":"TWENTY_PERCENT_HP_BONUS","is_prod":false,"is_daily":false,"chose_seed":false,"campfire_upgraded":9,"win_rate":0,"timestamp":1547210926,"path_taken":["M","?","M","M","?","E","R","E","T","R","M","R","E","?","R","BOSS","M","M","?","?","$","R","M","R","T","M","E","M","R","M","R","BOSS","M","$","?","?","M","E","R","M","T","?","?","M","R","?","R","BOSS"],"build_version":"2019-01-10","purchased_purges":1,"victory":true,"max_hp_per_floor":[84,84,84,84,84,84,84,91,91,91,91,91,91,91,91,91,91,91,91,91,91,91,91,91,91,91,91,91,91,91,91,91,91,91,91,91,91,91,91,91,91,91,91,91,86,86,86,86,86,86],"card_choices":[{"not_picked":["Crippling Poison","Flying Knee"],"picked":"Backstab","floor":1},{"not_picked":["Concentrate","Outmaneuver"],"picked":"Sucker Punch","floor":3},{"not_picked":["Escape Plan","Underhanded Strike"],"picked":"Dagger Spray","floor":4},{"not_picked":["Underhanded Strike","Concentrate"],"picked":"Deflect","floor":5},{"not_picked":["Poisoned Stab","Endless Agony"],"picked":"Flying Knee","floor":6},{"not_picked":["Underhanded Strike","Acrobatics"],"picked":"Dodge and Roll","floor":8},{"not_picked":["Flechettes","Finisher"],"picked":"Terror","floor":11},{"not_picked":["Poisoned Stab","Flying Knee"],"picked":"Skewer","floor":13},{"not_picked":["Malaise","Grand Finale"],"picked":"Glass Knife","floor":16},{"not_picked":["Flechettes","Infinite Blades"],"picked":"Predator+1","floor":18},{"not_picked":["Backflip","Dagger Throw"],"picked":"Dodge and Roll+1","floor":19},{"not_picked":["Underhanded Strike","Prepared"],"picked":"All Out Attack","floor":24},{"not_picked":["Bane","Dagger Throw+1"],"picked":"Blur","floor":27},{"not_picked":["Unload","Sucker Punch"],"picked":"Noxious Fumes+1","floor":28},{"not_picked":["Acrobatics","Slice"],"picked":"Cloak And Dagger","floor":29},{"not_picked":["Concentrate","Underhanded Strike"],"picked":"Backflip","floor":31},{"not_picked":["Envenom","Tools of the Trade"],"picked":"Adrenaline","floor":33},{"not_picked":["Infinite Blades","Bane+1","Slice"],"picked":"SKIP","floor":35},{"not_picked":["Underhanded Strike+1","Sucker Punch","Deflect"],"picked":"SKIP","floor":39},{"not_picked":["Underhanded Strike","Setup+1"],"picked":"Adrenaline","floor":40},{"not_picked":["Dash","Prepared"],"picked":"PiercingWail+1","floor":42},{"not_picked":["Prepared","Expertise"],"picked":"Footwork","floor":44},{"not_picked":["Blade Dance","Dagger Spray","Outmaneuver"],"picked":"SKIP","floor":46}],"player_experience":365882,"relics_obtained":[{"floor":6,"key":"Vajra"},{"floor":8,"key":"Strawberry"},{"floor":9,"key":"Tiny Chest"},{"floor":13,"key":"Centennial Puzzle"},{"floor":21,"key":"War Paint"},{"floor":26,"key":"Art of War"},{"floor":28,"key":"Ninja Scroll"},{"floor":38,"key":"The Courier"},{"floor":40,"key":"Whetstone"},{"floor":43,"key":"Snake Skull"}],"event_choices":[{"damage_healed":0,"gold_gain":0,"player_choice":"Got Potions","damage_taken":0,"max_hp_gain":0,"max_hp_loss":0,"event_name":"Lab","floor":2,"gold_loss":0},{"damage_healed":0,"gold_gain":0,"player_choice":"Left Gold","damage_taken":0,"max_hp_gain":0,"max_hp_loss":0,"event_name":"World of Goop","floor":14,"gold_loss":31},{"damage_healed":0,"gold_gain":0,"player_choice":"Inject Mutagens","damage_taken":0,"relics_obtained":["MutagenicStrength"],"max_hp_gain":0,"max_hp_loss":0,"event_name":"Drug Dealer","floor":20,"gold_loss":0},{"damage_healed":0,"gold_gain":0,"player_choice":"Paid","damage_taken":0,"relics_obtained":["Red Mask"],"max_hp_gain":0,"max_hp_loss":0,"event_name":"Tomb of Lord Red Mask","floor":37,"gold_loss":36},{"damage_healed":0,"gold_gain":0,"player_choice":"Max HP","damage_taken":0,"max_hp_gain":0,"max_hp_loss":5,"event_name":"Winding Halls","floor":45,"gold_loss":0},{"damage_healed":0,"gold_gain":0,"player_choice":"0 cards matched","damage_taken":0,"max_hp_gain":0,"max_hp_loss":0,"event_name":"Match and Keep!","floor":48,"gold_loss":0,"cards_obtained":[]}],"is_beta":false,"boss_relics":[{"not_picked":["Coffee Dripper","Snecko Eye"],"picked":"Empty Cage"},{"not_picked":["Black Star","Philosopher\u0027s Stone"],"picked":"Cursed Key"}],"items_purged_floors":[22],"is_endless":false,"potions_floor_spawned":[1,5,8,11,24,28,33,42,44],"ascension_level":7}