{"path_per_floor":["M","?","?","M","?","E","R","M","T","M","?","E","M","?","R","B",null,"M","?","?","?","M"],"character_chosen":"IRONCLAD","items_purchased":[],"gold_per_floor":[119,119,119,139,139,172,172,185,185,204,379,413,429,379,379,476,476,460,460,460,383,397,397],"floor_reached":23,"campfire_rested":0,"playtime":2081,"current_hp_per_floor":[83,76,93,93,74,48,48,52,52,62,62,23,19,19,19,21,93,93,93,75,75,74,0],"items_purged":[],"gold":397,"score":224,"play_id":"8a24acda-9501-4867-9c09-bd9788c2cb59","local_time":"20180506190338","is_prod":false,"is_daily":false,"chose_seed":false,"is_ascension_mode":false,"campfire_upgraded":2,"timestamp":1525626218,"path_taken":["M","?","?","M","?","E","R","M","T","M","?","E","?","?","R","BOSS","M","?","?","?","M","E"],"build_version":"2018-05-03","seed_source_timestamp":100932601033882,"purchased_purges":0,"victory":false,"master_deck":["Strike_R","Strike_R","Strike_R+1","Defend_R","Defend_R","Defend_R","Defend_R","Bash+1","Rage+1","Flame Barrier+1","Entrench","Body Slam","Evolve","Juggernaut","Uppercut","J.A.X.","Seeing Red"],"max_hp_per_floor":[83,83,93,93,93,93,93,93,93,93,93,93,93,93,93,93,93,93,93,98,98,98,98],"relics":["Burning Blood","Toolbox","Oddly Smooth Stone","Happy Flower","Velvet Choker"],"card_choices":[{"not_picked":["Clothesline","Perfected Strike"],"picked":"Rage","floor":4},{"not_picked":["Power Through","Body Slam"],"picked":"Flame Barrier","floor":6},{"not_picked":["Armaments","Pommel Strike"],"picked":"Entrench","floor":8},{"not_picked":["Shrug It Off","Clash"],"picked":"Body Slam","floor":10},{"not_picked":["Cleave","Intimidate"],"picked":"Evolve","floor":13},{"not_picked":["Dark Embrace","Impervious"],"picked":"Juggernaut","floor":16},{"not_picked":["Warcry","Thunderclap"],"picked":"Uppercut","floor":18},{"not_picked":["Clash","Clothesline"],"picked":"Seeing Red","floor":22}],"player_experience":228390,"potions_floor_usage":[6,16,16,23],"damage_taken":[{"damage":2,"enemies":"Small Slimes","floor":1,"turns":5},{"damage":0,"enemies":"2 Louse","floor":4,"turns":2},{"damage":32,"enemies":"Lagavulin","floor":6,"turns":7},{"damage":2,"enemies":"Jaw Worm","floor":8,"turns":5},{"damage":0,"enemies":"Looter","floor":10,"turns":4},{"damage":45,"enemies":"Gremlin Nob","floor":12,"turns":6},{"damage":10,"enemies":"Exordium Thugs","floor":13,"turns":5},{"damage":4,"enemies":"The Guardian","floor":16,"turns":14},{"damage":6,"enemies":"2 Thieves","floor":18,"turns":4},{"damage":7,"enemies":"Shell Parasite","floor":22,"turns":6},{"damage":76,"enemies":"Gremlin Leader","floor":23,"turns":8}],"event_choices":[{"event_name":"Golden Wing","player_choice":"Card Removal","floor":2,"damage_taken":0},{"event_name":"Bonfire Elementals","player_choice":"RARE","floor":3,"damage_taken":0},{"event_name":"Shining Light","player_choice":"Entered Light","floor":5,"damage_taken":0},{"event_name":"Liars Game","player_choice":"agreed","floor":11,"damage_taken":0},{"event_name":"The Cleric","player_choice":"Card Removal","floor":14,"damage_taken":0},{"event_name":"Purifier","player_choice":"One Purge","floor":19,"damage_taken":0},{"event_name":"Forgotten Altar","player_choice":"Shed Blood","floor":20,"damage_taken":0},{"event_name":"Drug Dealer","player_choice":"Got JAXXED","floor":21,"damage_taken":0}],"boss_relics":[{"not_picked":["Mark of Pain","Runic Cube"],"picked":"Velvet Choker"}],"potions_floor_spawned":[1,6,12,13],"seed_played":"-6427682059461075931","killed_by":"Gremlin Leader","ascension_level":0,"is_trial":false}