{"gold_per_floor":[113,131,131,131,145,145,3,36,59,99,120,151,169,184,184,305,305,320,14,14],"floor_reached":20,"playtime":868,"items_purged":[],"score":291,"play_id":"6cddde8b-1975-4ab0-aef1-b59c75f9c0bc","local_time":"20190131212912","is_ascension_mode":true,"campfire_choices":[{"floor":6,"key":"REST"},{"data":"Demon Form","floor":15,"key":"SMITH"}],"neow_cost":"NONE","seed_source_timestamp":625221882017600,"circlet_count":0,"master_deck":["AscendersBane","Strike_R","Strike_R","Defend_R","Defend_R","Defend_R","Defend_R","Bash","Whirlwind","Flex","Battle Trance","Demon Form+1","Sword Boomerang","Disarm","Dual Wield","Shockwave","Power Through","Feed","Rage+1","Evolve","Trip"],"relics":["Burning Blood","PreservedInsect","Golden Idol","Omamori","Lantern","Prayer Wheel","Du-Vu Doll","Empty Cage","Oddly Smooth Stone"],"potions_floor_usage":[11,16,18,20],"damage_taken":[{"damage":9,"enemies":"Small Slimes","floor":1,"turns":4},{"damage":1,"enemies":"Cultist","floor":2,"turns":3},{"damage":7,"enemies":"Jaw Worm","floor":5,"turns":3},{"damage":30,"enemies":"3 Sentries","floor":8,"turns":3},{"damage":16,"enemies":"Gremlin Nob","floor":10,"turns":3},{"damage":7,"enemies":"Exordium Thugs","floor":11,"turns":3},{"damage":8,"enemies":"Lagavulin","floor":12,"turns":5},{"damage":3,"enemies":"Blue Slaver","floor":13,"turns":5},{"damage":7,"enemies":"Looter","floor":14,"turns":3},{"damage":48,"enemies":"The Guardian","floor":16,"turns":8},{"damage":23,"enemies":"Spheric Guardian","floor":18,"turns":4},{"damage":8,"enemies":"Colosseum Slavers","floor":20,"turns":2},{"damage":56,"enemies":"Colosseum Nobs","floor":20,"turns":5}],"seed_played":"2702563065194786634","potions_obtained":[{"floor":1,"key":"SmokeBomb"},{"floor":8,"key":"Fire Potion"},{"floor":12,"key":"Fire Potion"},{"floor":13,"key":"BloodPotion"},{"floor":14,"key":"Energy Potion"}],"is_trial":false,"path_per_floor":["M","M","?","?","M","R","$","E","T","E","M","E","M","M","R","B",null,"M","$","?"],"character_chosen":"IRONCLAD","items_purchased":["Demon Form","Oddly Smooth Stone","Evolve","Trip"],"campfire_rested":1,"item_purchase_floors":[7,19,19,19],"current_hp_per_floor":[69,74,54,54,53,77,77,53,53,43,42,40,43,42,42,8,62,45,45,0],"gold":14,"neow_bonus":"RANDOM_COMMON_RELIC","is_prod":false,"is_daily":false,"chose_seed":false,"campfire_upgraded":1,"win_rate":0,"timestamp":1548966552,"path_taken":["M","M","?","?","M","R","$","E","T","E","M","E","M","?","R","BOSS","M","$","?"],"build_version":"2019-01-23","purchased_purges":0,"victory":false,"max_hp_per_floor":[80,80,80,80,80,80,80,80,80,80,80,80,80,80,80,80,80,80,80,86],"card_choices":[{"not_picked":["Feel No Pain","Sword Boomerang"],"picked":"Whirlwind","floor":1},{"not_picked":["Seeing Red","Whirlwind"],"picked":"Flex","floor":2},{"not_picked":["Sword Boomerang","Clash"],"picked":"Battle Trance","floor":5},{"not_picked":["Flex","Rampage"],"picked":"Sword Boomerang","floor":8},{"not_picked":["Blood for Blood","Seeing Red","Flex"],"picked":"SKIP","floor":10},{"not_picked":["Havoc","Carnage"],"picked":"Disarm","floor":11},{"not_picked":["Second Wind","Cleave"],"picked":"Dual Wield","floor":11},{"not_picked":["Cleave","Havoc"],"picked":"Shockwave","floor":12},{"not_picked":["Clothesline","Infernal Blade","Exhume"],"picked":"SKIP","floor":13},{"not_picked":["True Grit","Sever Soul","Body Slam"],"picked":"SKIP","floor":13},{"not_picked":["Clothesline","Battle Trance"],"picked":"Power Through","floor":14},{"not_picked":["Clash","Cleave","Hemokinesis"],"picked":"SKIP","floor":14},{"not_picked":["Fiend Fire","Immolate"],"picked":"Feed","floor":16},{"not_picked":["Armaments","Havoc"],"picked":"Rage+1","floor":18},{"not_picked":["Havoc","Clash","Reckless Charge"],"picked":"SKIP","floor":18}],"player_experience":424811,"relics_obtained":[{"floor":8,"key":"Omamori"},{"floor":9,"key":"Lantern"},{"floor":10,"key":"Prayer Wheel"},{"floor":12,"key":"Du-Vu Doll"}],"event_choices":[{"damage_healed":0,"gold_gain":0,"player_choice":"Take Damage","damage_taken":20,"relics_obtained":["Golden Idol"],"max_hp_gain":0,"max_hp_loss":0,"event_name":"Golden Idol","floor":3,"gold_loss":0},{"cards_removed":["Strike_R"],"damage_healed":0,"gold_gain":0,"player_choice":"Offered Basic","damage_taken":0,"max_hp_gain":0,"max_hp_loss":0,"event_name":"Bonfire Elementals","floor":4,"gold_loss":0},{"damage_healed":0,"gold_gain":0,"player_choice":"Fight","damage_taken":0,"max_hp_gain":0,"max_hp_loss":0,"event_name":"Colosseum","floor":20,"gold_loss":0},{"damage_healed":0,"gold_gain":0,"player_choice":"Fought Nobs","damage_taken":0,"max_hp_gain":0,"max_hp_loss":0,"event_name":"Colosseum","floor":20,"gold_loss":0}],"is_beta":false,"boss_relics":[{"not_picked":["Eternal Feather","Runic Pyramid"],"picked":"Empty Cage"}],"items_purged_floors":[],"is_endless":false,"potions_floor_spawned":[1,8,12,13,14],"killed_by":"Colosseum Nobs","ascension_level":10}