{"gold_per_floor":[111,125,70,81,95,95,122,122,172,4,4,4,32,49,49,124,174,189,205,222,222],"floor_reached":21,"playtime":1146,"items_purged":["Strike_G"],"score":315,"play_id":"2365c07e-e4ed-4e95-9050-d7ae5a557c9e","local_time":"20190211173021","is_ascension_mode":true,"campfire_choices":[{"data":"Blind","floor":6,"key":"SMITH"},{"floor":8,"key":"REST"},{"data":"Heel Hook","floor":12,"key":"SMITH"},{"data":"Footwork","floor":15,"key":"SMITH"}],"neow_cost":"NONE","seed_source_timestamp":464562990942400,"circlet_count":0,"master_deck":["AscendersBane","Defend_G","Defend_G","Defend_G","Defend_G","Defend_G","Strike_G","Strike_G","Strike_G","Strike_G","Survivor","Neutralize","Blind+1","Dagger Throw","Heel Hook+1","Well Laid Plans","Dodge and Roll","Footwork+1","Die Die Die","Deadly Poison","Dash","Dodge and Roll+1","Unload","Cloak And Dagger","Leg Sweep","Deadly Poison"],"relics":["Ring of the Snake","The Courier","Pen Nib","Orichalcum","Singing Bowl","Centennial Puzzle","Tiny House"],"potions_floor_usage":[13],"damage_taken":[{"damage":7,"enemies":"Cultist","floor":1,"turns":4},{"damage":4,"enemies":"Small Slimes","floor":2,"turns":4},{"damage":2,"enemies":"Jaw Worm","floor":4,"turns":5},{"damage":10,"enemies":"Blue Slaver","floor":5,"turns":3},{"damage":16,"enemies":"3 Sentries","floor":7,"turns":13},{"damage":6,"enemies":"Gremlin Nob","floor":13,"turns":4},{"damage":6,"enemies":"Exordium Wildlife","floor":14,"turns":4},{"damage":1,"enemies":"The Guardian","floor":16,"turns":16},{"damage":16,"enemies":"Chosen","floor":18,"turns":6},{"damage":7,"enemies":"Spheric Guardian","floor":19,"turns":8},{"damage":17,"enemies":"Snake Plant","floor":20,"turns":6},{"damage":28,"enemies":"Cultist and Chosen","floor":21,"turns":10}],"seed_played":"469371593676874393","potions_obtained":[{"floor":1,"key":"Block Potion"},{"floor":7,"key":"LiquidBronze"},{"floor":16,"key":"PowerPotion"}],"is_trial":false,"path_per_floor":["M","M","?","M","M","R","E","R","T","$","?","R","E","M","R","B",null,"M","M","M","M"],"character_chosen":"THE_SILENT","items_purchased":["Die Die Die","Deadly Poison"],"campfire_rested":1,"item_purchase_floors":[10,10],"current_hp_per_floor":[56,52,52,50,40,40,24,45,45,45,42,42,36,30,30,29,65,49,42,27,0],"gold":222,"neow_bonus":"RANDOM_COLORLESS","is_prod":false,"is_daily":false,"chose_seed":false,"campfire_upgraded":3,"win_rate":0,"timestamp":1549902621,"path_taken":["M","?","?","?","M","R","E","R","T","$","?","R","E","M","R","BOSS","M","M","M","M"],"build_version":"2019-01-23","purchased_purges":1,"victory":false,"max_hp_per_floor":[70,70,70,70,70,70,70,70,70,70,70,70,70,70,70,70,75,75,75,77,77],"card_choices":[{"not_picked":["Outmaneuver","Slice"],"picked":"Dagger Throw","floor":1},{"not_picked":["Blur","Sucker Punch"],"picked":"Heel Hook","floor":2},{"not_picked":["Dodge and Roll","Poisoned Stab"],"picked":"Well Laid Plans","floor":4},{"not_picked":["Dagger Throw","Distraction"],"picked":"Dodge and Roll","floor":5},{"not_picked":["Sucker Punch","Outmaneuver"],"picked":"Footwork","floor":7},{"not_picked":["Acrobatics","PiercingWail"],"picked":"Dash","floor":13},{"not_picked":["Masterful Stab","Acrobatics"],"picked":"Dodge and Roll","floor":14},{"not_picked":["Wraith Form v2","Doppelganger"],"picked":"Unload","floor":16},{"not_picked":["Well Laid Plans","Slice"],"picked":"Cloak And Dagger","floor":17},{"not_picked":["Outmaneuver","Escape Plan+1"],"picked":"Leg Sweep","floor":18},{"not_picked":["Eviscerate","Masterful Stab"],"picked":"Deadly Poison","floor":19},{"not_picked":["Endless Agony","Concentrate","Choke"],"picked":"Singing Bowl","floor":20}],"player_experience":481318,"relics_obtained":[{"floor":7,"key":"Pen Nib"},{"floor":9,"key":"Orichalcum"},{"floor":13,"key":"Centennial Puzzle"}],"event_choices":[{"damage_healed":0,"gold_gain":0,"player_choice":"Paid Gold","damage_taken":0,"relics_obtained":["The Courier"],"max_hp_gain":0,"max_hp_loss":0,"event_name":"WeMeetAgain","floor":3,"gold_loss":55},{"damage_healed":0,"gold_gain":0,"player_choice":"Success","damage_taken":3,"relics_obtained":["Singing Bowl"],"max_hp_gain":0,"max_hp_loss":0,"event_name":"Scrap Ooze","floor":11,"gold_loss":0}],"is_beta":false,"boss_relics":[{"not_picked":["Busted Crown","Ectoplasm"],"picked":"Tiny House"}],"items_purged_floors":[10],"is_endless":false,"potions_floor_spawned":[1,7,16,19,20],"killed_by":"Cultist and Chosen","ascension_level":13}