{"path_per_floor":["M","?","T","?","M","E","M","?","T","E","M","R","M","M","R","B",null,"M","?","T","?","?","R","E","?","T","M","E","$","R","M","R","B",null,"M","?","M","M","$","E","M","?","T","E","R","M","M"],"character_chosen":"IRONCLAD","items_purchased":["Red Skull","Heavy Blade","Inflame"],"gold_per_floor":[118,118,118,118,133,158,175,175,175,206,223,223,233,243,243,343,343,360,360,360,360,360,360,385,385,385,397,428,27,27,37,37,132,132,151,151,168,184,104,139,154,154,177,209,209,222,238,238],"floor_reached":48,"campfire_rested":0,"playtime":2915,"current_hp_per_floor":[80,80,80,77,77,60,66,50,50,66,65,65,62,64,64,33,94,76,76,76,76,76,76,75,75,75,81,34,34,34,26,26,11,94,94,94,64,62,62,42,71,66,66,40,40,37,8,0],"items_purged":["Writhe","Strike_R"],"gold":238,"score":565,"play_id":"c6ed92e4-3ccd-452c-a0d1-ce3fae7335b0","local_time":"20180513225642","is_prod":false,"is_daily":false,"chose_seed":false,"is_ascension_mode":false,"campfire_upgraded":6,"timestamp":1526245002,"path_taken":["M","?","?","?","M","E","M","?","T","E","M","R","?","M","R","BOSS","M","?","?","?","?","R","E","?","T","M","E","$","R","M","R","BOSS","M","?","M","M","?","E","M","?","T","E","R","M","M","E"],"build_version":"2018-05-10","seed_source_timestamp":4151634108048,"purchased_purges":2,"victory":false,"master_deck":["Strike_R","Strike_R+1","Strike_R+1","Defend_R","Defend_R+1","Defend_R","Defend_R+1","Bash","Uppercut+1","Whirlwind","Spot Weakness+1","Infernal Blade","Limit Break+1","Ghostly Armor+1","Demon Form+1","Dual Wield+1","Heavy Blade+1","Inflame+1","Heavy Blade","Impervious","Dropkick","Demon Form+1","Heavy Blade+1","Juggernaut+1","Bandage Up","Trip","Flame Barrier+1","Carnage+1"],"max_hp_per_floor":[80,80,80,80,80,80,80,80,80,94,94,94,94,94,94,94,94,94,94,94,94,94,94,94,94,94,94,94,94,94,94,94,94,94,94,94,94,94,94,94,94,94,94,94,94,94,94,94],"relics":["Burning Blood","Whetstone","Pen Nib","Gremlin Horn","Mercury Hourglass","Ginger","Kunai","Mango","Black Star","Juzu Bracelet","Nloth\u0027s Gift","Anchor","Omamori","Dead Branch","Frozen Egg 2","The Courier","Red Skull","White Beast Statue","Bottled Lightning","Molten Egg 2","Regal Pillow","Smiling Mask","Self Forming Clay"],"card_choices":[{"not_picked":["Twin Strike","Armaments"],"picked":"Uppercut","floor":1},{"not_picked":["Second Wind","Pummel"],"picked":"Whirlwind","floor":7},{"not_picked":["Reaper","Dual Wield"],"picked":"Spot Weakness","floor":10},{"not_picked":["Anger","Wild Strike"],"picked":"Infernal Blade","floor":13},{"not_picked":["Reaper","Bludgeon"],"picked":"Limit Break","floor":16},{"not_picked":["Rupture","Twin Strike"],"picked":"Ghostly Armor","floor":18},{"not_picked":["Searing Blow","Feed"],"picked":"Demon Form","floor":24},{"not_picked":["Whirlwind","Rupture"],"picked":"Dual Wield","floor":27},{"not_picked":["Clash","Body Slam"],"picked":"Heavy Blade","floor":31},{"not_picked":["Fiend Fire","Double Tap"],"picked":"Impervious","floor":33},{"not_picked":["Body Slam","Flex"],"picked":"Dropkick","floor":35},{"not_picked":["Warcry","Perfected Strike"],"picked":"Demon Form","floor":37},{"not_picked":["Armaments","Cleave"],"picked":"Heavy Blade","floor":38},{"not_picked":["Sword Boomerang","Feel No Pain"],"picked":"Juggernaut","floor":40},{"not_picked":["Jack Of All Trades","Purity"],"picked":"Bandage Up","floor":42},{"not_picked":["Mind Blast","Transmutation"],"picked":"Trip","floor":42},{"not_picked":["Perfected Strike","True Grit"],"picked":"Flame Barrier","floor":44},{"not_picked":["Pummel","Entrench"],"picked":"Carnage","floor":46}],"player_experience":238749,"potions_floor_usage":[10,16,28,33,40,40,47,48,48],"damage_taken":[{"damage":0,"enemies":"2 Louse","floor":1,"turns":3},{"damage":6,"enemies":"Jaw Worm","floor":5,"turns":2},{"damage":23,"enemies":"Lagavulin","floor":6,"turns":5},{"damage":0,"enemies":"Small Slimes","floor":7,"turns":2},{"damage":4,"enemies":"Gremlin Nob","floor":10,"turns":4},{"damage":7,"enemies":"Exordium Thugs","floor":11,"turns":4},{"damage":9,"enemies":"Looter","floor":13,"turns":2},{"damage":4,"enemies":"2 Fungi Beasts","floor":14,"turns":2},{"damage":37,"enemies":"Hexaghost","floor":16,"turns":7},{"damage":24,"enemies":"2 Thieves","floor":18,"turns":4},{"damage":7,"enemies":"Gremlin Leader","floor":24,"turns":4},{"damage":0,"enemies":"Chosen","floor":27,"turns":4},{"damage":53,"enemies":"Slavers","floor":28,"turns":6},{"damage":14,"enemies":"3 Cultists","floor":31,"turns":4},{"damage":21,"enemies":"Automaton","floor":33,"turns":6},{"damage":0,"enemies":"3 Shapes","floor":35,"turns":7},{"damage":36,"enemies":"Orb Walker","floor":37,"turns":5},{"damage":8,"enemies":"4 Shapes","floor":38,"turns":4},{"damage":35,"enemies":"2 Orb Walkers","floor":40,"turns":4},{"damage":3,"enemies":"Sphere and 2 Shapes","floor":41,"turns":4},{"damage":36,"enemies":"Nemesis","floor":44,"turns":5},{"damage":13,"enemies":"3 Darklings","floor":46,"turns":4},{"damage":48,"enemies":"Maw","floor":47,"turns":6},{"damage":26,"enemies":"Giant Head","floor":48,"turns":5}],"event_choices":[{"event_name":"Big Fish","player_choice":"Box","floor":2,"damage_taken":0},{"event_name":"Scrap Ooze","player_choice":"success","floor":4,"damage_taken":3},{"event_name":"Shining Light","player_choice":"Entered Light","floor":8,"damage_taken":0},{"event_name":"The Mausoleum","player_choice":"Yes","floor":19,"damage_taken":0},{"event_name":"N\u0027loth","player_choice":"Traded a Blue Candle","floor":21,"damage_taken":0},{"event_name":"Back to Basics","player_choice":"Elegance","floor":22,"damage_taken":0},{"event_name":"Vampires","player_choice":"Ignored","floor":25,"damage_taken":0},{"event_name":"Purifier","player_choice":"One Purge","floor":36,"damage_taken":0},{"event_name":"SensoryStone","player_choice":"Memory 2","floor":42,"damage_taken":0}],"boss_relics":[{"not_picked":["Mark of Pain","Calling Bell"],"picked":"Black Star"},{"not_picked":["Runic Pyramid","Sozu"],"picked":"White Beast Statue"}],"potions_floor_spawned":[1,6,11,27,28,35,37,38,40,41,44,46,47],"seed_played":"-5378996675433122858","killed_by":"Giant Head","ascension_level":0,"is_trial":false}