{"gold_per_floor":[114,114,114,114,114,143,143,162,188,188,138,161,87,87,99,232,244,275,287,299,311,87,87,106,125,125,125,163,177,177,195,195,195],"floor_reached":33,"playtime":1171,"items_purged":["Doubt"],"score":273,"play_id":"722b9e25-39a9-467f-96f4-16713172f06d","local_time":"20190214205129","is_ascension_mode":true,"campfire_choices":[{"floor":7,"key":"REST"},{"data":"Searing Blow","floor":15,"key":"SMITH"},{"data":"Searing Blow+1","floor":23,"key":"SMITH"},{"floor":27,"key":"REST"},{"data":"Infernal Blade","floor":30,"key":"SMITH"},{"floor":32,"key":"REST"}],"neow_cost":"NONE","seed_source_timestamp":34621745068297,"circlet_count":0,"master_deck":["Strike_R","Strike_R","Strike_R","Strike_R","Strike_R","Defend_R","Defend_R+1","Defend_R+1","Defend_R","Bash","Injury","Headbutt","Anger","Sword Boomerang","Injury","Searing Blow+2","Immolate","Carnage","Discovery","Infernal Blade+1","Warcry","Pummel+1","Clash","Sword Boomerang+1","Shrug It Off"],"relics":["Calling Bell","Bag of Marbles","Ornamental Fan","Du-Vu Doll","Juzu Bracelet","Centennial Puzzle","Spirit Poop","Regal Pillow","Dream Catcher","Golden Idol","MawBank","Eternal Feather","MutagenicStrength","Nilry\u0027s Codex","Mummified Hand","Paper Frog"],"potions_floor_usage":[16,16,16,25,25,28,33],"damage_taken":[{"damage":8,"enemies":"Jaw Worm","floor":1,"turns":5},{"damage":16,"enemies":"Gremlin Nob","floor":6,"turns":3},{"damage":3,"enemies":"Cultist","floor":8,"turns":2},{"damage":0,"enemies":"2 Louse","floor":12,"turns":1},{"damage":44,"enemies":"Hexaghost","floor":16,"turns":7},{"damage":10,"enemies":"2 Thieves","floor":18,"turns":4},{"damage":6,"enemies":"Spheric Guardian","floor":24,"turns":3},{"damage":14,"enemies":"Centurion and Healer","floor":25,"turns":4},{"damage":24,"enemies":"Slavers","floor":28,"turns":2},{"damage":8,"enemies":"Cultist and Chosen","floor":29,"turns":4},{"damage":8,"enemies":"Snake Plant","floor":31,"turns":2},{"damage":85,"enemies":"Collector","floor":33,"turns":8}],"seed_played":"8471610103516231307","potions_obtained":[{"floor":1,"key":"FairyPotion"},{"floor":8,"key":"EntropicBrew"},{"floor":18,"key":"Swift Potion"},{"floor":24,"key":"GamblersBrew"},{"floor":29,"key":"SkillPotion"}],"is_trial":false,"path_per_floor":["M","?","?","?","?","E","R","M","T","?","?","M","$","?","R","B",null,"M","?","?","?","$","R","M","M","T","R","E","M","R","M","R","B"],"character_chosen":"IRONCLAD","items_purchased":["Searing Blow","Discovery","Infernal Blade"],"campfire_rested":3,"item_purchase_floors":[13,22,22],"current_hp_per_floor":[72,72,72,56,56,40,79,76,76,76,76,76,76,64,64,20,80,70,70,70,54,54,66,60,46,46,80,56,48,60,52,80,0],"gold":195,"neow_bonus":"BOSS_RELIC","is_prod":false,"is_daily":false,"chose_seed":false,"campfire_upgraded":3,"win_rate":0,"timestamp":1550199089,"path_taken":["M","?","?","?","?","E","R","M","T","?","?","M","$","?","R","BOSS","M","?","?","?","?","R","M","M","T","R","E","M","R","M","R","BOSS"],"build_version":"2019-01-23","purchased_purges":1,"victory":false,"max_hp_per_floor":[80,80,80,80,80,80,80,80,80,80,80,80,80,80,80,80,80,80,80,80,80,80,80,80,80,80,80,80,80,80,80,80,80],"card_choices":[{"not_picked":["Thunderclap","Perfected Strike"],"picked":"Headbutt","floor":1},{"not_picked":["Dark Embrace","Combust"],"picked":"Anger","floor":6},{"not_picked":["Shrug It Off","Ghostly Armor"],"picked":"Sword Boomerang","floor":8},{"not_picked":["Reckless Charge","True Grit","Hemokinesis"],"picked":"SKIP","floor":12},{"not_picked":["Juggernaut","Feed"],"picked":"Immolate","floor":16},{"not_picked":["Headbutt","Sever Soul"],"picked":"Carnage","floor":18},{"not_picked":["Intimidate","Burning Pact"],"picked":"Warcry","floor":24},{"not_picked":["Wild Strike","Intimidate"],"picked":"Pummel+1","floor":25},{"not_picked":["Anger","Pommel Strike+1"],"picked":"Clash","floor":28},{"not_picked":["Headbutt+1","Dual Wield"],"picked":"Sword Boomerang+1","floor":29},{"not_picked":["Bludgeon","Thunderclap","Seeing Red"],"picked":"SKIP","floor":31},{"not_picked":["Headbutt+1","Perfected Strike"],"picked":"Shrug It Off","floor":32}],"player_experience":120264,"relics_obtained":[{"floor":0,"key":"Bag of Marbles"},{"floor":0,"key":"Ornamental Fan"},{"floor":0,"key":"Du-Vu Doll"},{"floor":6,"key":"Regal Pillow"},{"floor":9,"key":"Dream Catcher"},{"floor":21,"key":"Nilry\u0027s Codex"},{"floor":26,"key":"Mummified Hand"},{"floor":28,"key":"Paper Frog"}],"event_choices":[{"damage_healed":0,"gold_gain":0,"player_choice":"Gave Potion","damage_taken":0,"relics_obtained":["Juzu Bracelet"],"max_hp_gain":0,"max_hp_loss":0,"event_name":"WeMeetAgain","floor":2,"gold_loss":0},{"damage_healed":0,"gold_gain":0,"player_choice":"Box","damage_taken":0,"relics_obtained":["Centennial Puzzle"],"max_hp_gain":0,"max_hp_loss":0,"event_name":"Big Fish","floor":3,"gold_loss":0,"cards_obtained":["Regret"]},{"damage_healed":0,"gold_gain":0,"player_choice":"Entered Light","damage_taken":16,"max_hp_gain":0,"max_hp_loss":0,"event_name":"Shining Light","floor":4,"gold_loss":0,"cards_upgraded":["Defend_R","Defend_R"]},{"cards_removed":["Regret"],"damage_healed":0,"gold_gain":0,"player_choice":"Offered Curse","damage_taken":0,"relics_obtained":["Spirit Poop"],"max_hp_gain":0,"max_hp_loss":0,"event_name":"Bonfire Elementals","floor":5,"gold_loss":0},{"damage_healed":0,"gold_gain":0,"player_choice":"Take Wound","damage_taken":0,"relics_obtained":["Golden Idol"],"max_hp_gain":0,"max_hp_loss":0,"event_name":"Golden Idol","floor":10,"gold_loss":0,"cards_obtained":["Injury"]},{"cards_removed":["Regret"],"damage_healed":0,"gold_gain":0,"player_choice":"Card Removal","damage_taken":0,"max_hp_gain":0,"max_hp_loss":0,"event_name":"The Cleric","floor":11,"gold_loss":50},{"damage_healed":0,"gold_gain":0,"player_choice":"Success","damage_taken":12,"relics_obtained":["MawBank"],"max_hp_gain":0,"max_hp_loss":0,"event_name":"Scrap Ooze","floor":14,"gold_loss":0},{"damage_healed":0,"gold_gain":0,"player_choice":"Ignored","damage_taken":0,"max_hp_gain":0,"max_hp_loss":0,"event_name":"Ghosts","floor":19,"gold_loss":0},{"damage_healed":0,"gold_gain":0,"player_choice":"Inject Mutagens","damage_taken":0,"relics_obtained":["MutagenicStrength"],"max_hp_gain":0,"max_hp_loss":0,"event_name":"Drug Dealer","floor":20,"gold_loss":0},{"damage_healed":0,"gold_gain":0,"player_choice":"Obtained Book","damage_taken":16,"max_hp_gain":0,"max_hp_loss":0,"event_name":"Cursed Tome","floor":21,"gold_loss":0}],"is_beta":false,"boss_relics":[{"not_picked":["Orrery","Ectoplasm"],"picked":"Eternal Feather"}],"items_purged_floors":[22],"is_endless":false,"potions_floor_spawned":[1,8,18,24,29],"killed_by":"Collector","ascension_level":1}