{"gold_per_floor":[112,112,36,36,54,84,84,159,233,233,258,288,288,56,56,156,156,167,167,367,386,133,133,145,157],"floor_reached":25,"playtime":6839,"items_purged":["Parasite"],"score":289,"play_id":"9f0c6678-937a-40df-ab8a-bfe87aa6fe12","local_time":"20181222105346","is_ascension_mode":true,"campfire_choices":[{"floor":7,"key":"DIG"},{"floor":10,"key":"DIG"},{"floor":12,"key":"DIG"},{"data":"Noxious Fumes","floor":15,"key":"SMITH"},{"floor":23,"key":"DIG"}],"neow_cost":"NONE","seed_source_timestamp":203567278877200,"circlet_count":0,"master_deck":["Defend_G","Defend_G+1","Defend_G+1","Defend_G","Survivor","Neutralize","Flying Knee","Noxious Fumes+1","Doppelganger","Setup","Envenom","Poisoned Stab","Bite","Bite","Bite","Bite","Bite","Flying Knee","Bane"],"relics":["Ring of the Snake","Matryoshka","Shovel","Pen Nib","Pear","Mummified Hand","Juzu Bracelet","Tiny Chest","War Paint","Empty Cage","Chemical X","MawBank"],"potions_floor_usage":[11,11,16,16],"damage_taken":[{"damage":0,"enemies":"2 Louse","floor":1,"turns":3},{"damage":0,"enemies":"Cultist","floor":5,"turns":4},{"damage":14,"enemies":"3 Sentries","floor":6,"turns":8},{"damage":16,"enemies":"Lagavulin","floor":11,"turns":8},{"damage":20,"enemies":"Hexaghost","floor":16,"turns":11},{"damage":45,"enemies":"3 Byrds","floor":18,"turns":5},{"damage":15,"enemies":"Shell Parasite","floor":21,"turns":6},{"damage":67,"enemies":"Book of Stabbing","floor":25,"turns":5}],"seed_played":"8428395741925070067","potions_obtained":[{"floor":2,"key":"Weak Potion"},{"floor":2,"key":"Block Potion"},{"floor":2,"key":"SkillPotion"},{"floor":11,"key":"Poison Potion"},{"floor":21,"key":"Strength Potion"}],"is_trial":false,"path_per_floor":["M","?","$","T","M","E","R","?","T","R","E","R","?","$","R","B",null,"M","?","?","M","$","R","?","E"],"character_chosen":"THE_SILENT","items_purchased":["Noxious Fumes","War Paint","Chemical X","Bane"],"campfire_rested":0,"item_purchase_floors":[3,14,22,22],"current_hp_per_floor":[70,70,70,70,70,56,56,45,55,55,41,41,62,62,62,44,74,31,31,31,28,28,28,56,0],"gold":157,"neow_bonus":"TEN_PERCENT_HP_BONUS","is_prod":false,"is_daily":false,"chose_seed":false,"campfire_upgraded":1,"win_rate":0,"timestamp":1545501226,"path_taken":["M","?","$","?","M","E","R","?","T","R","E","R","?","$","R","BOSS","M","?","?","M","$","R","?","E"],"build_version":"2018-12-20","purchased_purges":1,"victory":false,"max_hp_per_floor":[77,77,77,77,77,77,77,77,87,87,87,87,87,84,84,84,84,84,84,84,84,84,84,84,84],"card_choices":[{"not_picked":["PiercingWail","Deflect"],"picked":"Flying Knee","floor":1},{"not_picked":["Prepared","Skewer","Sucker Punch"],"picked":"SKIP","floor":5},{"not_picked":["Backflip","Bane"],"picked":"Doppelganger","floor":6},{"not_picked":["Sucker Punch","Infinite Blades"],"picked":"Setup","floor":11},{"not_picked":["Bullet Time","Phantasmal Killer"],"picked":"Envenom","floor":16},{"not_picked":["Underhanded Strike","Sucker Punch"],"picked":"Poisoned Stab","floor":18},{"not_picked":["Dagger Throw","Masterful Stab"],"picked":"Flying Knee","floor":21}],"player_experience":293842,"relics_obtained":[{"floor":4,"key":"Matryoshka"},{"floor":6,"key":"Shovel"},{"floor":7,"key":"Pen Nib"},{"floor":9,"key":"Blood Vial"},{"floor":9,"key":"Pear"},{"floor":10,"key":"Mummified Hand"},{"floor":11,"key":"Juzu Bracelet"},{"floor":12,"key":"Tiny Chest"},{"floor":23,"key":"MawBank"}],"event_choices":[{"damage_healed":0,"gold_gain":0,"player_choice":"Got Potions","damage_taken":0,"max_hp_gain":0,"max_hp_loss":0,"event_name":"Lab","floor":2,"gold_loss":0},{"damage_healed":0,"gold_gain":75,"player_choice":"Gather Gold","damage_taken":11,"max_hp_gain":0,"max_hp_loss":0,"event_name":"World of Goop","floor":8,"gold_loss":0},{"damage_healed":21,"gold_gain":0,"player_choice":"Healed and dodged fight","damage_taken":0,"max_hp_gain":0,"max_hp_loss":0,"event_name":"Mushrooms","floor":13,"gold_loss":0,"cards_obtained":["Parasite"]},{"damage_healed":0,"gold_gain":0,"player_choice":"Became a vampire (Vial)","damage_taken":0,"max_hp_gain":0,"max_hp_loss":0,"event_name":"Vampires","floor":19,"relics_lost":["Blood Vial"],"gold_loss":0,"cards_obtained":["Bite","Bite","Bite","Bite","Bite"]},{"damage_healed":0,"gold_gain":200,"player_choice":"Gold","damage_taken":0,"max_hp_gain":0,"max_hp_loss":0,"event_name":"Wheel of Change","floor":20,"gold_loss":0},{"damage_healed":28,"gold_gain":0,"player_choice":"Heal","damage_taken":0,"max_hp_gain":0,"max_hp_loss":0,"event_name":"The Library","floor":24,"gold_loss":0}],"is_beta":false,"boss_relics":[{"not_picked":["Runic Dome","Orrery"],"picked":"Empty Cage"}],"items_purged_floors":[14],"is_endless":false,"potions_floor_spawned":[5,11,21],"killed_by":"Book of Stabbing","ascension_level":6}