{"gold_per_floor":[359,309,53,68,68,68,42,42,112,147,11,26,26,39,39,143,143,153,169,169,179,196,196,206,67,67,84,84,84,101,101],"floor_reached":31,"playtime":1285,"items_purged":[],"score":262,"play_id":"c97d6b3d-7368-4be0-9b8d-c9da95c7c4af","local_time":"20190304222821","is_ascension_mode":false,"campfire_choices":[{"data":"Sword Boomerang","floor":6,"key":"SMITH"},{"data":"Headbutt","floor":8,"key":"SMITH"},{"floor":15,"key":"REST"},{"floor":23,"key":"REST"},{"floor":29,"key":"REST"}],"neow_cost":"CURSE","seed_source_timestamp":45101687229565,"circlet_count":0,"master_deck":["Strike_R+1","Strike_R","Strike_R","Strike_R","Strike_R","Defend_R","Defend_R","Defend_R","Defend_R","Bash+1","Sword Boomerang+1","Pummel","Headbutt+1","Uppercut","Feed","Twin Strike","Armaments","Barricade","True Grit+1","Entrench","Corruption","Reaper","Body Slam+1","Iron Wave+1"],"relics":["Black Blood","Dodecahedron","Gremlin Horn","Kunai","Mummified Hand","Ice Cream","MutagenicStrength"],"potions_floor_usage":[10,10,21,22,30],"damage_taken":[{"damage":6,"enemies":"Jaw Worm","floor":1,"turns":5},{"damage":6,"enemies":"Small Slimes","floor":4,"turns":3},{"damage":30,"enemies":"Lagavulin","floor":10,"turns":4},{"damage":0,"enemies":"Cultist","floor":12,"turns":2},{"damage":12,"enemies":"Blue Slaver","floor":14,"turns":2},{"damage":61,"enemies":"The Guardian","floor":16,"turns":14},{"damage":25,"enemies":"Spheric Guardian","floor":18,"turns":5},{"damage":5,"enemies":"Chosen","floor":19,"turns":4},{"damage":35,"enemies":"Centurion and Healer","floor":21,"turns":12},{"damage":58,"enemies":"Snake Plant","floor":22,"turns":6},{"damage":4,"enemies":"Snecko","floor":24,"turns":5},{"damage":28,"enemies":"Chosen and Byrds","floor":27,"turns":8},{"damage":62,"enemies":"3 Cultists","floor":30,"turns":7},{"damage":34,"enemies":"Snake Plant","floor":31,"turns":3}],"seed_played":"-676467828833067803","potions_obtained":[{"floor":1,"key":"Poison Potion"},{"floor":10,"key":"Fruit Juice"},{"floor":12,"key":"Dexterity Potion"},{"floor":19,"key":"Energy Potion"},{"floor":21,"key":"Block Potion"},{"floor":24,"key":"SteroidPotion"}],"is_trial":false,"path_per_floor":["M","?","$","M","?","R","$","R","T","E","$","M","?","M","R","B",null,"M","M","$","M","M","R","M","$","T","M","?","R","M","M"],"character_chosen":"IRONCLAD","items_purchased":["Dodecahedron","Headbutt","Feed","Corruption","Reaper"],"campfire_rested":3,"item_purchase_floors":[3,7,11,25,25],"current_hp_per_floor":[80,80,80,80,64,64,64,64,64,45,45,51,51,48,74,22,91,76,84,84,62,14,43,49,49,49,38,38,68,27,0],"gold":101,"neow_bonus":"TWO_FIFTY_GOLD","is_prod":false,"is_daily":false,"chose_seed":false,"campfire_upgraded":2,"win_rate":0,"timestamp":1551760101,"path_taken":["M","?","$","M","?","R","?","R","T","E","$","M","?","M","R","BOSS","M","M","$","M","M","R","M","$","T","M","?","R","M","M"],"build_version":"2019-01-23","purchased_purges":0,"victory":false,"max_hp_per_floor":[80,80,80,80,80,80,80,80,80,85,85,85,85,88,88,91,91,91,94,94,97,97,97,97,97,97,100,100,100,103,103],"card_choices":[{"not_picked":["Havoc","Thunderclap"],"picked":"Sword Boomerang","floor":1},{"not_picked":["Thunderclap","Body Slam"],"picked":"Pummel","floor":4},{"not_picked":["Ghostly Armor","Burning Pact"],"picked":"Uppercut","floor":10},{"not_picked":["Havoc","Sever Soul"],"picked":"Twin Strike","floor":12},{"not_picked":["Sword Boomerang","Clash"],"picked":"Armaments","floor":14},{"not_picked":["Reaper","Demon Form"],"picked":"Barricade","floor":16},{"not_picked":["Sever Soul","Flame Barrier+1","Pommel Strike"],"picked":"SKIP","floor":18},{"not_picked":["Carnage","Infernal Blade","Pommel Strike+1"],"picked":"SKIP","floor":19},{"not_picked":["Warcry+1","Flex","Sever Soul+1"],"picked":"SKIP","floor":21},{"not_picked":["Perfected Strike+1","Anger"],"picked":"True Grit+1","floor":22},{"not_picked":["Armaments","Sword Boomerang+1"],"picked":"Entrench","floor":24},{"not_picked":["Infernal Blade+1","Shrug It Off"],"picked":"Body Slam+1","floor":27},{"not_picked":["Pommel Strike","Reaper"],"picked":"Iron Wave+1","floor":30}],"player_experience":538323,"relics_obtained":[{"floor":9,"key":"Gremlin Horn"},{"floor":10,"key":"Kunai"},{"floor":26,"key":"Ice Cream"}],"event_choices":[{"cards_removed":["Pain"],"damage_healed":0,"gold_gain":0,"player_choice":"Card Removal","damage_taken":0,"max_hp_gain":0,"max_hp_loss":0,"event_name":"The Cleric","floor":2,"gold_loss":50},{"damage_healed":0,"gold_gain":0,"player_choice":"Entered Light","damage_taken":16,"max_hp_gain":0,"max_hp_loss":0,"event_name":"Shining Light","floor":5,"gold_loss":0,"cards_upgraded":["Strike_R","Bash"]},{"damage_healed":0,"gold_gain":0,"player_choice":"Gave Potion","damage_taken":0,"relics_obtained":["Mummified Hand"],"max_hp_gain":0,"max_hp_loss":0,"event_name":"WeMeetAgain","floor":13,"gold_loss":0},{"damage_healed":0,"gold_gain":0,"player_choice":"Inject Mutagens","damage_taken":0,"relics_obtained":["MutagenicStrength"],"max_hp_gain":0,"max_hp_loss":0,"event_name":"Drug Dealer","floor":28,"gold_loss":0}],"is_beta":false,"boss_relics":[{"not_picked":["Coffee Dripper","Tiny House"],"picked":"Black Blood"}],"items_purged_floors":[],"is_endless":false,"potions_floor_spawned":[1,10,12,19,21,24],"killed_by":"Snake Plant","ascension_level":0}