{"gold_per_floor":[112,62,62,62,162,187,199,233,233,158,173,173,173,90,90,189,189,204,119,119,138,150,150,167,167,167,67,67,93,105,124,124,222,222,235,250,250,263,48,48,117,131,131,0,16,34,34,99,99,99],"floor_reached":50,"playtime":2088,"items_purged":["Defend_B","Strike_B","Defend_B"],"score":755,"play_id":"a91873b2-9832-4702-8813-3e4b39850878","local_time":"20181109191740","is_ascension_mode":true,"campfire_choices":[{"floor":12,"key":"REST"},{"data":"Dualcast","floor":15,"key":"SMITH"},{"data":"White Noise","floor":23,"key":"SMITH"},{"data":"Self Repair","floor":25,"key":"SMITH"},{"data":"Electrodynamics","floor":28,"key":"SMITH"},{"floor":32,"key":"REST"},{"floor":40,"key":"REST"},{"floor":49,"key":"REST"}],"neow_cost":"NONE","seed_source_timestamp":435064272670168,"circlet_count":0,"master_deck":["Strike_B+1","Strike_B","Defend_B","Defend_B","Zap+1","Dualcast+1","Hologram+1","Steam","Defragment","Finesse","Electrodynamics+1","White Noise+1","Reprogram","Steam","Self Repair+1","Redo+1","Beam Cell","Gash","Enlightenment","Flash of Steel","Panacea","Blind","Beam Cell+1","Writhe","Gash+1","Capacitor+1","Beam Cell"],"relics":["Cracked Core","NeowsBlessing","Mango","Unceasing Top","Du-Vu Doll","Cursed Key","Omamori","Dodecahedron","Turnip","Fusion Hammer","Singing Bowl","Strawberry","Red Mask","SsserpentHead"],"potions_floor_usage":[8,16,24,24,31,31,33,36,50,50,50],"damage_taken":[{"damage":0,"enemies":"Jaw Worm","floor":1,"turns":1},{"damage":0,"enemies":"Gremlin Nob","floor":6,"turns":1},{"damage":0,"enemies":"2 Louse","floor":7,"turns":1},{"damage":33,"enemies":"3 Sentries","floor":8,"turns":8},{"damage":9,"enemies":"Small Slimes","floor":11,"turns":4},{"damage":39,"enemies":"Hexaghost","floor":16,"turns":11},{"damage":14,"enemies":"Spheric Guardian","floor":18,"turns":4},{"damage":0,"enemies":"Chosen","floor":21,"turns":4},{"damage":3,"enemies":"3 Cultists","floor":22,"turns":4},{"damage":8,"enemies":"Sentry and Sphere","floor":24,"turns":3},{"damage":34,"enemies":"Slavers","floor":29,"turns":3},{"damage":20,"enemies":"Cultist and Chosen","floor":30,"turns":5},{"damage":0,"enemies":"Chosen and Byrds","floor":31,"turns":4},{"damage":21,"enemies":"Collector","floor":33,"turns":6},{"damage":0,"enemies":"3 Darklings","floor":35,"turns":3},{"damage":0,"enemies":"Orb Walker","floor":36,"turns":2},{"damage":19,"enemies":"Maw","floor":38,"turns":5},{"damage":0,"enemies":"Jaw Worm Horde","floor":42,"turns":2},{"damage":26,"enemies":"Writhing Mass","floor":45,"turns":4},{"damage":6,"enemies":"Spire Growth","floor":46,"turns":3},{"damage":8,"enemies":"Sphere and 2 Shapes","floor":48,"turns":3},{"damage":100,"enemies":"Time Eater","floor":50,"turns":7}],"seed_played":"4345311364775303211","potions_obtained":[{"floor":1,"key":"Swift Potion"},{"floor":6,"key":"Strength Potion"},{"floor":11,"key":"AttackPotion"},{"floor":18,"key":"FocusPotion"},{"floor":22,"key":"Fire Potion"},{"floor":29,"key":"Regen Potion"},{"floor":31,"key":"Poison Potion"},{"floor":33,"key":"LiquidBronze"},{"floor":35,"key":"AttackPotion"},{"floor":38,"key":"Strength Potion"},{"floor":46,"key":"Ancient Potion"}],"is_trial":false,"path_per_floor":["M","?","?","$","?","E","M","E","T","$","M","R","?","$","R","B",null,"M","?","?","M","M","R","M","R","T","$","R","E","M","M","R","B",null,"M","M","?","M","$","R","T","M","T","?","M","M","?","M","R","B"],"character_chosen":"DEFECT","items_purchased":["Finesse","Blind"],"campfire_rested":4,"item_purchase_floors":[14,39],"current_hp_per_floor":[68,68,53,53,53,67,67,34,34,34,25,51,51,51,51,12,70,56,56,56,56,53,53,45,45,45,45,45,21,11,33,59,48,79,89,89,79,70,70,89,89,89,96,96,80,74,74,76,96,0],"gold":99,"neow_bonus":"THREE_ENEMY_KILL","is_prod":false,"is_daily":false,"chose_seed":false,"campfire_upgraded":4,"win_rate":0,"timestamp":1541809060,"path_taken":["M","?","?","$","?","E","M","E","T","$","?","R","?","$","R","BOSS","M","?","?","?","?","R","?","R","T","?","R","E","M","M","R","BOSS","M","M","?","M","$","R","?","M","T","?","M","M","?","?","R","BOSS"],"build_version":"2018-11-08","purchased_purges":3,"victory":false,"max_hp_per_floor":[75,75,75,75,75,89,89,89,89,89,89,89,89,89,89,89,89,89,89,89,89,89,89,89,89,89,89,89,89,89,89,89,89,89,89,89,89,89,89,89,89,89,96,96,96,96,96,96,96,96],"card_choices":[{"not_picked":["Reprogram","Steam"],"picked":"Hologram","floor":1},{"not_picked":["Leap","Recycle"],"picked":"Reinforced Body","floor":6},{"not_picked":["Capacitor","Doom and Gloom","Rip and Tear"],"picked":"SKIP","floor":7},{"not_picked":["Coolheaded","Machine Learning"],"picked":"Steam","floor":8},{"not_picked":["Darkness","Ball Lightning"],"picked":"Defragment","floor":11},{"not_picked":["Amplify","Buffer"],"picked":"Electrodynamics","floor":16},{"not_picked":["Reinforced Body+1","Coolheaded+1"],"picked":"White Noise","floor":18},{"not_picked":["Ball Lightning","Chaos"],"picked":"Reprogram","floor":21},{"not_picked":["Streamline","Ball Lightning"],"picked":"Steam","floor":22},{"not_picked":["Streamline","Hologram"],"picked":"Self Repair","floor":24},{"not_picked":["Turbo","Lockon"],"picked":"Redo+1","floor":29},{"not_picked":["Steam Power","Loop","Leap+1"],"picked":"SKIP","floor":30},{"not_picked":["Chaos","Hello World"],"picked":"Beam Cell","floor":31},{"not_picked":["Turbo+1","Steam"],"picked":"Gash","floor":35},{"not_picked":["Coolheaded","Sweeping Beam+1","Compile Driver+1"],"picked":"SKIP","floor":36},{"not_picked":["Mind Blast","Transmutation"],"picked":"Enlightenment","floor":37},{"not_picked":["The Bomb","Deep Breath"],"picked":"Flash of Steel","floor":37},{"not_picked":["Deep Breath","Secret Weapon"],"picked":"Panacea","floor":37},{"not_picked":["Cold Snap+1","Coolheaded","Streamline+1"],"picked":"SKIP","floor":38},{"not_picked":["Capacitor","Rip and Tear"],"picked":"Beam Cell+1","floor":42},{"not_picked":["Stack","Compile Driver+1"],"picked":"Gash+1","floor":45},{"not_picked":["Amplify","Stack"],"picked":"Capacitor+1","floor":46},{"not_picked":["Stack","Melter+1"],"picked":"Beam Cell","floor":48}],"player_experience":335261,"relics_obtained":[{"floor":6,"key":"Mango"},{"floor":8,"key":"Unceasing Top"},{"floor":9,"key":"Du-Vu Doll"},{"floor":26,"key":"Dodecahedron"},{"floor":29,"key":"Turnip"},{"floor":41,"key":"Singing Bowl"},{"floor":43,"key":"Strawberry"}],"event_choices":[{"cards_removed":["Strike_B"],"damage_healed":0,"gold_gain":0,"player_choice":"Card Removal","damage_taken":0,"max_hp_gain":0,"max_hp_loss":0,"event_name":"The Cleric","floor":2,"gold_loss":50},{"damage_healed":0,"gold_gain":0,"player_choice":"Entered Light","damage_taken":15,"max_hp_gain":0,"max_hp_loss":0,"event_name":"Shining Light","floor":3,"gold_loss":0,"cards_upgraded":["Hologram","Strike_B"]},{"damage_healed":0,"gold_gain":100,"player_choice":"Pray","damage_taken":0,"max_hp_gain":0,"max_hp_loss":0,"event_name":"Golden Shrine","floor":5,"gold_loss":0},{"damage_healed":0,"gold_gain":0,"player_choice":"Grow","damage_taken":0,"max_hp_gain":0,"max_hp_loss":0,"event_name":"Living Wall","floor":13,"gold_loss":0,"cards_upgraded":["Zap"]},{"damage_healed":0,"gold_gain":0,"player_choice":"Obtained Relic","damage_taken":0,"relics_obtained":["Omamori"],"max_hp_gain":0,"max_hp_loss":0,"event_name":"Addict","floor":19,"gold_loss":85},{"cards_removed":["Reinforced Body"],"damage_healed":0,"gold_gain":0,"player_choice":"Purged","damage_taken":0,"max_hp_gain":0,"max_hp_loss":0,"event_name":"Purifier","floor":20,"gold_loss":0},{"damage_healed":0,"gold_gain":0,"player_choice":"Memory 3","damage_taken":10,"max_hp_gain":0,"max_hp_loss":0,"event_name":"SensoryStone","floor":37,"gold_loss":0},{"damage_healed":0,"gold_gain":0,"player_choice":"Paid","damage_taken":0,"relics_obtained":["Red Mask"],"max_hp_gain":0,"max_hp_loss":0,"event_name":"Tomb of Lord Red Mask","floor":44,"gold_loss":131},{"damage_healed":0,"gold_gain":0,"player_choice":"Trade","damage_taken":0,"relics_obtained":["SsserpentHead"],"max_hp_gain":0,"max_hp_loss":0,"event_name":"FaceTrader","floor":47,"gold_loss":0}],"is_beta":true,"boss_relics":[{"not_picked":["FrozenCore","Calling Bell"],"picked":"Cursed Key"},{"not_picked":["Orrery","Pandora\u0027s Box"],"picked":"Fusion Hammer"}],"items_purged_floors":[10,27,39],"is_endless":false,"potions_floor_spawned":[1,6,11,18,22,29,31,33,35,38,46],"killed_by":"Time Eater","ascension_level":7}