{"gold_per_floor":[109,123,136,148,163,125,125,125,171,191,191,223,223,235,235,337,337,353,367,89,106,116,116,150,150,150,107,125,14,29,128,128,128],"floor_reached":33,"playtime":2870,"items_purged":[],"score":285,"play_id":"7e0807fe-954b-4f88-a5de-278aeae1e320","local_time":"20190214131547","is_ascension_mode":true,"campfire_choices":[{"data":"Noxious Fumes","floor":8,"key":"SMITH"},{"floor":11,"key":"REST"},{"floor":13,"key":"REST"},{"floor":15,"key":"REST"},{"floor":23,"key":"REST"},{"floor":25,"key":"REST"},{"floor":32,"key":"REST"}],"neow_cost":"PERCENT_DAMAGE","seed_source_timestamp":5580431495499,"circlet_count":0,"master_deck":["Defend_G","Defend_G","Defend_G","Defend_G","Strike_G","Strike_G","Strike_G","Survivor","Neutralize","Finesse","Transmutation","Noxious Fumes+1","Dagger Throw","Crippling Poison","Noxious Fumes","Footwork","Masterful Stab","Dagger Throw","Envenom","Blade Dance+1","Underhanded Strike+1","Night Terror+1","Backstab","Unload","Cloak And Dagger","Dash","Backflip","Cloak And Dagger","Deflect","Finesse","Bane"],"relics":["Ring of the Snake","The Courier","Bag of Marbles","Lantern","Astrolabe","ClockworkSouvenir","Happy Flower","Centennial Puzzle","Sundial"],"potions_floor_usage":[16,16,16,30],"damage_taken":[{"damage":0,"enemies":"Jaw Worm","floor":1,"turns":5},{"damage":8,"enemies":"2 Louse","floor":2,"turns":4},{"damage":0,"enemies":"Cultist","floor":3,"turns":4},{"damage":9,"enemies":"Blue Slaver","floor":4,"turns":4},{"damage":2,"enemies":"Looter","floor":5,"turns":5},{"damage":6,"enemies":"Gremlin Gang","floor":10,"turns":5},{"damage":21,"enemies":"3 Sentries","floor":12,"turns":5},{"damage":8,"enemies":"Exordium Thugs","floor":14,"turns":6},{"damage":21,"enemies":"Hexaghost","floor":16,"turns":8},{"damage":7,"enemies":"Shell Parasite","floor":18,"turns":3},{"damage":12,"enemies":"Spheric Guardian","floor":19,"turns":5},{"damage":20,"enemies":"Centurion and Healer","floor":21,"turns":5},{"damage":16,"enemies":"Snecko","floor":22,"turns":5},{"damage":21,"enemies":"Slavers","floor":24,"turns":7},{"damage":8,"enemies":"Snake Plant","floor":28,"turns":4},{"damage":24,"enemies":"Centurion and Healer","floor":30,"turns":4},{"damage":29,"enemies":"Collector","floor":33,"turns":4}],"seed_played":"1749420396651646883","potions_obtained":[{"floor":3,"key":"FearPotion"},{"floor":4,"key":"SkillPotion"},{"floor":12,"key":"Poison Potion"},{"floor":14,"key":"Weak Potion"},{"floor":19,"key":"Strength Potion"},{"floor":21,"key":"FearPotion"},{"floor":22,"key":"Weak Potion"}],"is_trial":false,"path_per_floor":["M","M","M","M","M","?","?","R","T","M","R","E","R","M","R","B",null,"M","M","$","M","M","R","E","R","T","$","M","$","M","?","R","B"],"character_chosen":"THE_SILENT","items_purchased":["ClockworkSouvenir","Happy Flower","Cloak And Dagger","Deflect","Finesse"],"campfire_rested":6,"item_purchase_floors":[20,20,27,29,29],"current_hp_per_floor":[49,41,41,32,30,30,30,30,30,24,45,24,45,37,58,37,70,63,51,51,31,15,36,15,36,36,36,28,28,4,4,25,0],"gold":128,"neow_bonus":"RANDOM_COLORLESS_2","is_prod":false,"is_daily":false,"chose_seed":false,"campfire_upgraded":1,"win_rate":0,"timestamp":1550171747,"path_taken":["M","M","M","M","M","?","?","R","T","M","R","E","R","M","R","BOSS","M","M","$","M","M","R","E","R","T","$","M","?","M","?","R","BOSS"],"build_version":"2019-01-23","purchased_purges":0,"victory":false,"max_hp_per_floor":[70,70,70,70,70,70,70,70,70,70,70,70,70,70,70,70,70,70,70,70,70,70,70,70,70,70,70,70,70,70,70,70,70],"card_choices":[{"not_picked":["Acrobatics","Blur"],"picked":"Noxious Fumes","floor":1},{"not_picked":["Deflect","Prepared"],"picked":"Dagger Throw","floor":2},{"not_picked":["Dagger Spray","All Out Attack"],"picked":"Crippling Poison","floor":3},{"not_picked":["Deadly Poison","Sucker Punch"],"picked":"Noxious Fumes","floor":4},{"not_picked":["Escape Plan","Crippling Poison"],"picked":"Footwork","floor":5},{"not_picked":["Bouncing Flask","Poisoned Stab"],"picked":"Masterful Stab","floor":10},{"not_picked":["Prepared","Outmaneuver","Dagger Spray"],"picked":"SKIP","floor":12},{"not_picked":["Acrobatics","Underhanded Strike"],"picked":"Dagger Throw","floor":14},{"not_picked":["Tools of the Trade","Bullet Time"],"picked":"Envenom","floor":16},{"not_picked":["Backflip","Sucker Punch"],"picked":"Backstab","floor":18},{"not_picked":["Dagger Spray","Cloak And Dagger"],"picked":"Unload","floor":19},{"not_picked":["Quick Slash","Dagger Spray+1"],"picked":"Cloak And Dagger","floor":21},{"not_picked":["Caltrops","Footwork+1"],"picked":"Dash","floor":22},{"not_picked":["Riddle With Holes","Infinite Blades"],"picked":"Backflip","floor":24},{"not_picked":["Reflex","Acrobatics","Quick Slash"],"picked":"SKIP","floor":28},{"not_picked":["Dagger Throw+1","Poisoned Stab"],"picked":"Bane","floor":30}],"player_experience":108630,"relics_obtained":[{"floor":9,"key":"Bag of Marbles"},{"floor":12,"key":"Lantern"},{"floor":24,"key":"Centennial Puzzle"},{"floor":26,"key":"Sundial"}],"event_choices":[{"damage_healed":0,"gold_gain":0,"player_choice":"Left Gold","damage_taken":0,"max_hp_gain":0,"max_hp_loss":0,"event_name":"World of Goop","floor":6,"gold_loss":38},{"damage_healed":0,"gold_gain":0,"player_choice":"Gave Potion","damage_taken":0,"relics_obtained":["The Courier"],"max_hp_gain":0,"max_hp_loss":0,"event_name":"WeMeetAgain","floor":7,"gold_loss":0},{"damage_healed":0,"gold_gain":99,"player_choice":"Stole From Cult","damage_taken":0,"max_hp_gain":0,"max_hp_loss":0,"event_name":"Nest","floor":31,"gold_loss":0}],"is_beta":false,"boss_relics":[{"not_picked":["Coffee Dripper","Cursed Key"],"picked":"Astrolabe"}],"items_purged_floors":[],"is_endless":false,"potions_floor_spawned":[3,4,12,14,19,21,22],"killed_by":"Collector","ascension_level":1}