{"path_per_floor":["M","?","M","?","$","R","?","T","T","R","M","?","M","?","R","B",null,"M","?","M","M","$","R","M","?","T","R","M","R","M","?","R"],"character_chosen":"IRONCLAD","items_purchased":["Prayer Wheel"],"gold_per_floor":[11,11,27,27,27,27,27,52,52,52,71,71,88,88,88,218,218,231,146,161,184,40,40,56,56,56,56,80,80,96,96,96],"floor_reached":33,"campfire_rested":1,"playtime":1937,"current_hp_per_floor":[80,80,72,72,72,72,72,72,72,72,77,77,80,60,60,56,80,66,66,52,9,9,48,17,17,17,17,36,36,36,36,36],"items_purged":[],"gold":96,"score":235,"play_id":"c6c39fbb-3fec-401a-8ecb-6a7f173d11fa","is_prod":false,"is_daily":false,"is_ascension_mode":false,"campfire_upgraded":6,"path_taken":["M","?","M","?","?","R","?","?","T","R","?","?","M","?","R","BOSS","M","?","M","M","$","R","M","?","T","R","?","R","M","?","R","BOSS"],"build_version":"2018-02-15-PROD1","purchased_purges":0,"victory":false,"master_deck":["Strike_R","Strike_R","Strike_R","Defend_R+1","Defend_R+1","Defend_R","Defend_R","Bash+1","Reaper","Exhume","Flex+1","Normality","Shrug It Off","Uppercut+1","Bash","Pummel+1","Offering","Twin Strike+1","Limit Break","Demon Form+1","Flame Barrier+1","Inflame","Fiend Fire"],"max_hp_per_floor":[80,80,80,80,80,80,80,80,80,80,80,80,80,80,80,80,80,80,80,80,80,80,80,80,80,80,80,80,80,80,80,80],"relics":["Burning Blood","Shuriken","Regal Pillow","Golden Idol","Mark of Pain","Bronze Scales","Prayer Wheel","Nloth\u0027s Gift","Anchor"],"card_choices":[{"not_picked":["Iron Wave","Burning Pact"],"picked":"Flex"},{"not_picked":["Havoc","Wild Strike"],"picked":"Shrug It Off"},{"not_picked":["Flex","Fire Breathing"],"picked":"Pummel"},{"not_picked":["Impervious","Exhume"],"picked":"Offering"},{"not_picked":["Iron Wave","Cleave"],"picked":"Twin Strike"},{"not_picked":["Armaments","Cleave"],"picked":"Limit Break"},{"not_picked":["Havoc","Headbutt"],"picked":"Demon Form"},{"not_picked":["Inflame","Shrug It Off"],"picked":"Flame Barrier"}],"player_experience":74050,"potions_floor_usage":[33,33,33],"damage_taken":[{"damage":3,"enemies":"Cultist","floor":1,"turns":5},{"damage":18,"enemies":"Jaw Worm","floor":3,"turns":8},{"damage":1,"enemies":"2 Louse","floor":11,"turns":3},{"damage":2,"enemies":"Blue Slaver","floor":13,"turns":6},{"damage":22,"enemies":"Slime Boss","floor":16,"turns":9},{"damage":20,"enemies":"Shell Parasite","floor":18,"turns":7},{"damage":20,"enemies":"Spheric Guardian","floor":20,"turns":4},{"damage":61,"enemies":"3 Cultists","floor":21,"turns":7},{"damage":37,"enemies":"Slaver and Parasite","floor":24,"turns":5},{"damage":11,"enemies":"Centurion and Healer","floor":28,"turns":4},{"damage":10,"enemies":"Snake Plant","floor":30,"turns":4},{"damage":73,"enemies":"Automaton","floor":33,"turns":6}],"event_choices":[{"event_name":"Liars Game","player_choice":"disagreed","floor":2,"damage_taken":0},{"event_name":"Accursed Blacksmith","player_choice":"Rummage","floor":4,"damage_taken":0},{"event_name":"The Cleric","player_choice":"Leave","floor":7,"damage_taken":0},{"event_name":"Match and Keep!","player_choice":"2 cards matched","floor":12,"damage_taken":0},{"event_name":"Golden Idol","player_choice":"Take Damage","floor":14,"damage_taken":0},{"event_name":"Addict","player_choice":"Obtained Relic","floor":19,"damage_taken":0},{"event_name":"N\u0027loth","player_choice":"Traded a War Paint","floor":25,"damage_taken":0},{"event_name":"Match and Keep!","player_choice":"2 cards matched","floor":31,"damage_taken":0}],"boss_relics":[{"not_picked":["Astrolabe","Runic Pyramid"],"picked":"Mark of Pain"}],"potions_floor_spawned":[1,3,13,21,30],"seed_played":"8899381913619064687","killed_by":"Automaton","ascension_level":0,"is_trial":false}