{"gold_per_floor":[214,227,240,252,252,252,252,252,252,275,275,306,306,320,320,439,439,459,484,684,97,115,115,156,180,180,201,215,228,30,48,48,48],"floor_reached":33,"playtime":1558,"items_purged":["Strike_B","Strike_B"],"score":298,"play_id":"188ceb41-d29c-4127-8f53-05c0797e02fd","local_time":"20190224193117","is_ascension_mode":false,"campfire_choices":[{"data":"Zap","floor":6,"key":"SMITH"},{"data":"Redo","floor":8,"key":"SMITH"},{"floor":13,"key":"REST"},{"data":"FTL","floor":15,"key":"SMITH"},{"data":"Defragment","floor":23,"key":"SMITH"},{"floor":32,"key":"REST"}],"neow_cost":"NONE","seed_source_timestamp":39942262319433,"circlet_count":0,"master_deck":["Strike_B+1","Strike_B+1","Defend_B","Defend_B","Defend_B","Defend_B+1","Zap+1","Dualcast","Ball Lightning","Ball Lightning","Glacier+1","Redo+1","Sunder","FTL+1","Turbo","Electrodynamics","Leap+1","Heatsinks+1","Defragment+1","Madness","Hologram","Scrape","Undo","Gash","Rebound+1","Gash","Gash","Conserve Battery","Chaos+1"],"relics":["Cracked Core","Golden Idol","Question Card","Matryoshka","Velvet Choker","HandDrill","Dream Catcher","War Paint","Smiling Mask","Whetstone","Strawberry"],"potions_floor_usage":[12,19,22,22,24,29,29,29],"damage_taken":[{"damage":1,"enemies":"2 Louse","floor":1,"turns":2},{"damage":6,"enemies":"Jaw Worm","floor":2,"turns":2},{"damage":0,"enemies":"Cultist","floor":3,"turns":2},{"damage":2,"enemies":"Red Slaver","floor":4,"turns":3},{"damage":2,"enemies":"3 Louse","floor":10,"turns":3},{"damage":14,"enemies":"3 Sentries","floor":12,"turns":6},{"damage":0,"enemies":"Blue Slaver","floor":14,"turns":2},{"damage":35,"enemies":"The Guardian","floor":16,"turns":10},{"damage":0,"enemies":"Chosen","floor":18,"turns":4},{"damage":2,"enemies":"3 Byrds","floor":19,"turns":3},{"damage":3,"enemies":"3 Cultists","floor":22,"turns":5},{"damage":0,"enemies":"Gremlin Leader","floor":24,"turns":6},{"damage":18,"enemies":"Snake Plant","floor":25,"turns":3},{"damage":18,"enemies":"Shelled Parasite and Fungi","floor":27,"turns":4},{"damage":0,"enemies":"Snecko","floor":28,"turns":3},{"damage":20,"enemies":"Snake Plant","floor":29,"turns":4},{"damage":0,"enemies":"Centurion and Healer","floor":31,"turns":5},{"damage":60,"enemies":"Champ","floor":33,"turns":8}],"seed_played":"-3289108975624817599","potions_obtained":[{"floor":1,"key":"LiquidBronze"},{"floor":10,"key":"Weak Potion"},{"floor":12,"key":"Block Potion"},{"floor":18,"key":"SkillPotion"},{"floor":19,"key":"Explosive Potion"},{"floor":22,"key":"Fruit Juice"},{"floor":25,"key":"SpeedPotion"},{"floor":27,"key":"SpeedPotion"}],"is_trial":false,"path_per_floor":["M","M","M","M","?","R","?","R","T","M","?","E","R","M","R","B",null,"M","M","?","$","M","R","E","M","T","M","M","M","$","M","R","B"],"character_chosen":"DEFECT","items_purchased":["Defragment","Madness","HandDrill","Dream Catcher","Hologram","Strawberry"],"campfire_rested":2,"item_purchase_floors":[21,21,21,21,21,30],"current_hp_per_floor":[74,68,68,66,66,66,48,48,48,46,46,32,54,54,54,19,75,75,73,73,73,70,70,70,52,52,34,34,19,26,26,52,0],"gold":48,"neow_bonus":"HUNDRED_GOLD","is_prod":false,"is_daily":false,"chose_seed":false,"campfire_upgraded":4,"win_rate":0,"timestamp":1551058277,"path_taken":["M","M","M","M","?","R","?","R","T","?","?","E","R","M","R","BOSS","M","M","?","$","M","R","E","M","T","?","M","M","$","M","R","BOSS"],"build_version":"2019-01-23","purchased_purges":2,"victory":false,"max_hp_per_floor":[75,75,75,75,75,75,75,75,75,75,75,75,75,75,75,75,75,75,75,75,75,75,75,75,75,75,75,75,80,87,87,87,87],"card_choices":[{"not_picked":["Coolheaded","Leap"],"picked":"Ball Lightning","floor":1},{"not_picked":["Fusion","Defragment"],"picked":"Ball Lightning","floor":2},{"not_picked":["Go for the Eyes","Leap"],"picked":"Glacier","floor":3},{"not_picked":["Blizzard","Go for the Eyes"],"picked":"Redo","floor":4},{"not_picked":["Coolheaded","Leap","Compile Driver"],"picked":"Sunder","floor":10},{"not_picked":["Capacitor","Recycle","Core Surge"],"picked":"FTL","floor":12},{"not_picked":["Streamline","Force Field","Compile Driver"],"picked":"Turbo","floor":14},{"not_picked":["Creative AI","Biased Cognition","Thunder Strike"],"picked":"Electrodynamics","floor":16},{"not_picked":["Coolheaded","Sweeping Beam","Redo"],"picked":"Leap","floor":18},{"not_picked":["Electrodynamics","Barrage","Beam Cell"],"picked":"Heatsinks+1","floor":19},{"not_picked":["Darkness","Redo","Hologram"],"picked":"Scrape","floor":22},{"not_picked":["Hologram","Go for the Eyes","Steam"],"picked":"Undo","floor":24},{"not_picked":["Scrape","Coolheaded+1","Sweeping Beam"],"picked":"Gash","floor":25},{"not_picked":["Rainbow","Cold Snap","Barrage+1"],"picked":"Rebound+1","floor":27},{"not_picked":["Melter","Recycle","Go for the Eyes"],"picked":"Gash","floor":28},{"not_picked":["Stack","Auto Shields+1","Coolheaded"],"picked":"Gash","floor":29},{"not_picked":["Turbo","Amplify","Rebound"],"picked":"Conserve Battery","floor":31},{"not_picked":["Rebound","Ball Lightning","Conserve Battery+1"],"picked":"Chaos+1","floor":32}],"player_experience":363118,"relics_obtained":[{"floor":9,"key":"Question Card"},{"floor":12,"key":"Matryoshka"},{"floor":24,"key":"War Paint"},{"floor":26,"key":"Smiling Mask"},{"floor":26,"key":"Whetstone"}],"event_choices":[{"damage_healed":0,"gold_gain":0,"player_choice":"Grow","damage_taken":0,"max_hp_gain":0,"max_hp_loss":0,"event_name":"Living Wall","floor":5,"gold_loss":0,"cards_upgraded":["Glacier"]},{"damage_healed":0,"gold_gain":0,"player_choice":"Take Damage","damage_taken":18,"relics_obtained":["Golden Idol"],"max_hp_gain":0,"max_hp_loss":0,"event_name":"Golden Idol","floor":7,"gold_loss":0},{"damage_healed":0,"gold_gain":0,"player_choice":"Bought 0 Potions","damage_taken":0,"max_hp_gain":0,"max_hp_loss":0,"event_name":"The Woman in Blue","floor":11,"gold_loss":0},{"damage_healed":0,"gold_gain":250,"player_choice":"Bet on Owner","damage_taken":0,"max_hp_gain":0,"max_hp_loss":0,"event_name":"The Joust","floor":20,"gold_loss":50}],"is_beta":false,"boss_relics":[{"not_picked":["Ectoplasm","FrozenCore"],"picked":"Velvet Choker"}],"items_purged_floors":[21,30],"is_endless":false,"potions_floor_spawned":[1,10,12,18,19,22,25,27],"killed_by":"Champ","ascension_level":0}