{"gold_per_floor":[109,127,144,163,0,0,16,29,78,78,78,110,130,145,145,145],"floor_reached":16,"playtime":758,"items_purged":["Defend_R"],"score":106,"play_id":"7cd22e16-acb0-4cd7-9bff-0bf7c6331d9f","local_time":"20181008164124","is_ascension_mode":false,"campfire_choices":[{"data":"Pommel Strike","floor":6,"key":"SMITH"},{"data":"Clash","floor":15,"key":"SMITH"}],"neow_cost":"NONE","seed_source_timestamp":29643824752100,"circlet_count":0,"master_deck":["Strike_R","Strike_R","Strike_R","Strike_R","Strike_R","Defend_R","Defend_R","Defend_R","Bash","Pommel Strike+1","Clash+1","Dramatic Entrance+1","Limit Break","Intimidate","Bloodletting"],"relics":["Burning Blood","Bag of Marbles","Art of War","Bottled Flame"],"potions_floor_usage":[4,16,16],"damage_taken":[{"damage":1,"enemies":"Cultist","floor":1,"turns":4},{"damage":6,"enemies":"Jaw Worm","floor":2,"turns":3},{"damage":5,"enemies":"Small Slimes","floor":3,"turns":4},{"damage":13,"enemies":"Exordium Wildlife","floor":4,"turns":5},{"damage":10,"enemies":"Lots of Slimes","floor":7,"turns":3},{"damage":20,"enemies":"Gremlin Gang","floor":8,"turns":3},{"damage":3,"enemies":"Gremlin Nob","floor":12,"turns":3},{"damage":0,"enemies":"3 Louse","floor":13,"turns":1},{"damage":3,"enemies":"Looter","floor":14,"turns":1},{"damage":85,"enemies":"Slime Boss","floor":16,"turns":11}],"seed_played":"-991294787771426421","potions_obtained":[{"floor":0,"key":"FairyPotion"},{"floor":0,"key":"PowerPotion"},{"floor":0,"key":"SmokeBomb"},{"floor":12,"key":"Swift Potion"},{"floor":14,"key":"PowerPotion"}],"is_trial":false,"path_per_floor":["M","M","M","M","$","R","M","M","T","?","T","E","M","M","R"],"character_chosen":"IRONCLAD","items_purchased":["Dramatic Entrance"],"campfire_rested":0,"item_purchase_floors":[5],"current_hp_per_floor":[80,80,80,73,73,73,69,55,55,55,55,58,64,67,67,0],"gold":145,"neow_bonus":"THREE_SMALL_POTIONS","is_prod":false,"is_daily":false,"chose_seed":false,"campfire_upgraded":2,"win_rate":0,"timestamp":1539009684,"path_taken":["M","M","M","M","$","R","M","M","T","?","?","E","M","?","R","BOSS"],"build_version":"2018-10-04v2","purchased_purges":1,"victory":false,"max_hp_per_floor":[80,80,80,80,80,80,80,80,80,80,80,80,80,80,80,80],"card_choices":[{"not_picked":["Body Slam","Shrug It Off"],"picked":"Pommel Strike","floor":1},{"not_picked":["Entrench","Thunderclap"],"picked":"Clash","floor":2},{"not_picked":["Armaments","Perfected Strike","Wild Strike"],"picked":"SKIP","floor":3},{"not_picked":["Sever Soul","Body Slam","Shockwave"],"picked":"SKIP","floor":4},{"not_picked":["Whirlwind","Pummel"],"picked":"Limit Break","floor":7},{"not_picked":["Wild Strike","Combust"],"picked":"Intimidate","floor":8},{"not_picked":["Combust","Dual Wield"],"picked":"Bloodletting","floor":12},{"not_picked":["Pommel Strike","Armaments","Warcry"],"picked":"SKIP","floor":13},{"not_picked":["Metallicize","Shockwave","Sentinel"],"picked":"SKIP","floor":14}],"player_experience":85223,"relics_obtained":[{"floor":9,"key":"Bag of Marbles"},{"floor":11,"key":"Art of War"},{"floor":12,"key":"Bottled Flame"}],"event_choices":[{"event_name":"Living Wall","player_choice":"Grow","floor":10,"damage_taken":0}],"is_beta":false,"boss_relics":[],"items_purged_floors":[5],"is_endless":false,"potions_floor_spawned":[1,3,12,14],"killed_by":"Slime Boss","ascension_level":0}