{"gold_per_floor":[118,133,146,156,168,203,203,234,234,234,234],"floor_reached":11,"playtime":434,"items_purged":[],"score":149,"play_id":"9368ecc4-3c27-4897-873d-a6d1f7753fcf","local_time":"20190111175337","is_ascension_mode":true,"campfire_choices":[{"floor":7,"key":"REST"}],"neow_cost":"NONE","seed_source_timestamp":220067912039576,"circlet_count":0,"master_deck":["Strike_B","Strike_B","Strike_B","Strike_B","Defend_B","Defend_B","Defend_B","Defend_B","Zap","Dualcast","Buffer","Glacier","Defragment","Conserve Battery","Glacier","Injury"],"relics":["Cracked Core","StoneCalendar","Singing Bowl","Unceasing Top","Golden Idol"],"potions_floor_usage":[6,11],"damage_taken":[{"damage":0,"enemies":"Jaw Worm","floor":1,"turns":4},{"damage":5,"enemies":"Small Slimes","floor":2,"turns":5},{"damage":0,"enemies":"Cultist","floor":3,"turns":4},{"damage":0,"enemies":"Looter","floor":4,"turns":4},{"damage":15,"enemies":"3 Louse","floor":5,"turns":6},{"damage":41,"enemies":"Gremlin Nob","floor":6,"turns":8},{"damage":0,"enemies":"Lagavulin","floor":8,"turns":7},{"damage":39,"enemies":"Gremlin Nob","floor":11,"turns":5}],"seed_played":"-2567515275219888032","potions_obtained":[{"floor":2,"key":"Energy Potion"},{"floor":5,"key":"LiquidBronze"},{"floor":8,"key":"SteroidPotion"}],"is_trial":false,"path_per_floor":["M","M","M","M","M","E","R","E","T","?","E"],"character_chosen":"DEFECT","items_purchased":[],"campfire_rested":1,"item_purchase_floors":[],"current_hp_per_floor":[68,63,63,63,48,7,29,31,31,31,0],"gold":234,"neow_bonus":"ONE_RANDOM_RARE_CARD","is_prod":false,"is_daily":false,"chose_seed":false,"campfire_upgraded":0,"win_rate":0,"timestamp":1547225617,"path_taken":["M","M","M","M","M","E","R","E","T","?","E"],"build_version":"2019-01-10","purchased_purges":0,"victory":false,"max_hp_per_floor":[75,75,75,75,75,75,75,77,77,77,77],"card_choices":[{"not_picked":["Go for the Eyes","Gash"],"picked":"Glacier","floor":1},{"not_picked":["Stack","Chill"],"picked":"Defragment","floor":2},{"not_picked":["Go for the Eyes","Steam Power"],"picked":"Conserve Battery","floor":3},{"not_picked":["Streamline","Conserve Battery"],"picked":"Glacier","floor":4},{"not_picked":["Reinforced Body","Stack","Gash"],"picked":"SKIP","floor":5},{"not_picked":["Go for the Eyes","Hologram","Ball Lightning"],"picked":"SKIP","floor":6},{"not_picked":["Double Energy","Reprogram","Fission"],"picked":"Singing Bowl","floor":8}],"player_experience":669857,"relics_obtained":[{"floor":6,"key":"StoneCalendar"},{"floor":8,"key":"Singing Bowl"},{"floor":9,"key":"Unceasing Top"}],"event_choices":[{"damage_healed":0,"gold_gain":0,"player_choice":"Take Wound","damage_taken":0,"relics_obtained":["Golden Idol"],"max_hp_gain":0,"max_hp_loss":0,"event_name":"Golden Idol","floor":10,"gold_loss":0,"cards_obtained":["Injury"]}],"is_beta":false,"boss_relics":[],"items_purged_floors":[],"is_endless":false,"potions_floor_spawned":[2,5,8],"killed_by":"Gremlin Nob","ascension_level":7}