{"gold_per_floor":[114,134,146,160,160,160,189,189,242,252,103,129,129,142,142,241,241,254,273,65,75,85,85,103,122,122,122],"floor_reached":27,"playtime":1633,"items_purged":[],"score":219,"play_id":"4e796997-7b83-4d6f-9ace-61b1483ce66e","local_time":"20190212135610","is_ascension_mode":false,"campfire_choices":[{"floor":6,"key":"REST"},{"floor":13,"key":"REST"},{"data":"Reinforced Body","floor":15,"key":"SMITH"},{"floor":23,"key":"REST"}],"neow_cost":"NONE","seed_source_timestamp":7974515198285,"circlet_count":0,"master_deck":["Strike_B","Strike_B","Strike_B","Defend_B","Defend_B","Defend_B","Defend_B","Zap","Dualcast","Conserve Battery","Barrage","Redo","BootSequence","Rebound+1","Reinforced Body+1","Hologram","Electrodynamics","Barrage","Sunder","Leap","Self Repair","Self Repair"],"relics":["Cracked Core","Odd Mushroom","Bag of Preparation","Pen Nib","Art of War","Sozu","Lee\u0027s Waffle","Question Card"],"potions_floor_usage":[3,4,10,16,25],"damage_taken":[{"damage":1,"enemies":"2 Louse","floor":1,"turns":3},{"damage":1,"enemies":"Small Slimes","floor":2,"turns":4},{"damage":0,"enemies":"Cultist","floor":3,"turns":3},{"damage":26,"enemies":"Gremlin Gang","floor":4,"turns":5},{"damage":23,"enemies":"The Mushroom Lair","floor":7,"turns":6},{"damage":0,"enemies":"Exordium Thugs","floor":10,"turns":6},{"damage":17,"enemies":"3 Sentries","floor":12,"turns":5},{"damage":0,"enemies":"3 Louse","floor":14,"turns":4},{"damage":50,"enemies":"Hexaghost","floor":16,"turns":12},{"damage":14,"enemies":"Spheric Guardian","floor":18,"turns":4},{"damage":0,"enemies":"Shell Parasite","floor":19,"turns":5},{"damage":34,"enemies":"3 Cultists","floor":21,"turns":7},{"damage":29,"enemies":"Shelled Parasite and Fungi","floor":22,"turns":8},{"damage":17,"enemies":"Snecko","floor":24,"turns":6},{"damage":21,"enemies":"Cultist and Chosen","floor":25,"turns":6},{"damage":18,"enemies":"Snake Plant","floor":27,"turns":3}],"seed_played":"5681636739372416083","potions_obtained":[{"floor":1,"key":"GamblersBrew"},{"floor":2,"key":"AttackPotion"},{"floor":7,"key":"PowerPotion"},{"floor":14,"key":"Strength Potion"},{"floor":16,"key":"SneckoOil"}],"is_trial":false,"path_per_floor":["M","M","M","M","?","R","?","?","T","M","$","E","R","M","R","B",null,"M","M","$","M","M","R","M","M","T","M"],"character_chosen":"DEFECT","items_purchased":["Pen Nib","Lee\u0027s Waffle"],"campfire_rested":3,"item_purchase_floors":[11,20],"current_hp_per_floor":[74,73,73,47,47,69,46,46,46,46,46,29,51,51,51,1,75,61,61,82,48,19,43,26,12,12,0],"gold":122,"neow_bonus":"REMOVE_CARD","is_prod":false,"is_daily":false,"chose_seed":false,"campfire_upgraded":1,"win_rate":0.0,"timestamp":1550001370,"path_taken":["M","M","M","M","?","R","?","?","T","M","$","E","R","?","R","BOSS","M","M","$","M","M","R","M","M","T","?"],"build_version":"2019-01-23","purchased_purges":0,"victory":false,"max_hp_per_floor":[75,75,75,75,75,75,75,75,75,75,75,75,75,75,75,75,75,75,75,82,82,82,82,82,82,82,82],"card_choices":[{"not_picked":["Cold Snap","Rebound"],"picked":"Conserve Battery","floor":1},{"not_picked":["Beam Cell","Cold Snap"],"picked":"Barrage","floor":2},{"not_picked":["Sweeping Beam","Go for the Eyes"],"picked":"Redo","floor":3},{"not_picked":["Hyperbeam","Beam Cell"],"picked":"BootSequence","floor":4},{"not_picked":["Cold Snap","Compile Driver"],"picked":"Rebound","floor":7},{"not_picked":["Conserve Battery","Beam Cell"],"picked":"Reinforced Body","floor":10},{"not_picked":["Storm","Tempest","Steam Power"],"picked":"SKIP","floor":12},{"not_picked":["Doom and Gloom","Sweeping Beam"],"picked":"Hologram","floor":14},{"not_picked":["Multi-Cast","Hyperbeam"],"picked":"Electrodynamics","floor":16},{"not_picked":["Turbo","Redo"],"picked":"Barrage","floor":18},{"not_picked":["Coolheaded","Hologram+1"],"picked":"Sunder","floor":19},{"not_picked":["Sweeping Beam+1","Hologram"],"picked":"Leap","floor":21},{"not_picked":["Gash","Blizzard","Go for the Eyes"],"picked":"SKIP","floor":22},{"not_picked":["Loop","Buffer"],"picked":"Self Repair","floor":24},{"not_picked":["Fusion","Defragment"],"picked":"Self Repair","floor":25}],"player_experience":78009,"relics_obtained":[{"floor":7,"key":"Odd Mushroom"},{"floor":9,"key":"Bag of Preparation"},{"floor":12,"key":"Art of War"},{"floor":26,"key":"Question Card"}],"event_choices":[{"damage_healed":0,"gold_gain":0,"player_choice":"Ignored","damage_taken":0,"max_hp_gain":0,"max_hp_loss":0,"event_name":"Liars Game","floor":5,"gold_loss":0},{"damage_healed":0,"gold_gain":0,"player_choice":"Fought Mushrooms","damage_taken":0,"max_hp_gain":0,"max_hp_loss":0,"event_name":"Mushrooms","floor":7,"gold_loss":0},{"damage_healed":0,"gold_gain":0,"player_choice":"Forge","damage_taken":0,"max_hp_gain":0,"max_hp_loss":0,"event_name":"Accursed Blacksmith","floor":8,"gold_loss":0,"cards_upgraded":["Rebound"]}],"is_beta":false,"boss_relics":[{"not_picked":["Snecko Eye","Runic Dome"],"picked":"Sozu"}],"items_purged_floors":[],"is_endless":false,"potions_floor_spawned":[1,2,7,14,16,22,24],"killed_by":"Snake Plant","ascension_level":0}