{"gold_per_floor":[119,119,130,148,160,160,85,85,111,131,160,175,175,175,175,175],"floor_reached":16,"playtime":653,"items_purged":["Defend_R"],"score":175,"play_id":"56593625-d768-4869-b389-71dbd44be463","local_time":"20181114191007","is_ascension_mode":true,"campfire_choices":[{"data":"Shrug It Off","floor":6,"key":"SMITH"},{"floor":13,"key":"REST"},{"data":"Rage","floor":15,"key":"SMITH"}],"neow_cost":"NONE","seed_source_timestamp":868062280154268,"circlet_count":0,"master_deck":["Strike_R","Strike_R","Strike_R","Strike_R","Strike_R","Defend_R","Defend_R","Defend_R","Bash","Rage+1","Headbutt","Shrug It Off+1","Thunderclap","Armaments"],"relics":["Burning Blood","Omamori","Ancient Tea Set","PreservedInsect"],"potions_floor_usage":[5,12],"damage_taken":[{"damage":0,"enemies":"Small Slimes","floor":1,"turns":4},{"damage":7,"enemies":"Cultist","floor":3,"turns":6},{"damage":3,"enemies":"Jaw Worm","floor":4,"turns":3},{"damage":16,"enemies":"Lots of Slimes","floor":5,"turns":2},{"damage":13,"enemies":"Large Slime","floor":10,"turns":8},{"damage":32,"enemies":"Gremlin Nob","floor":11,"turns":5},{"damage":8,"enemies":"Blue Slaver","floor":12,"turns":2}],"seed_played":"3500475265328946595","potions_obtained":[{"floor":1,"key":"FearPotion"},{"floor":3,"key":"AttackPotion"},{"floor":11,"key":"Energy Potion"}],"is_trial":false,"path_per_floor":["M","?","M","M","M","R","$","$","T","M","E","M","R","?","R","B"],"character_chosen":"IRONCLAD","items_purchased":[],"campfire_rested":1,"item_purchase_floors":[],"current_hp_per_floor":[80,80,79,80,70,70,70,70,70,63,37,35,59,59,59,0],"gold":175,"neow_bonus":"RANDOM_COLORLESS","is_prod":false,"is_daily":false,"chose_seed":false,"campfire_upgraded":2,"win_rate":0,"timestamp":1542240607,"path_taken":["M","?","M","?","?","R","?","$","T","M","E","M","R","?","R","BOSS"],"build_version":"2018-11-13","purchased_purges":1,"victory":false,"max_hp_per_floor":[80,80,80,80,80,80,80,80,80,80,80,80,80,80,80,80],"card_choices":[{"not_picked":["Cleave","Clothesline"],"picked":"Rage","floor":1},{"not_picked":["True Grit","Combust","Fire Breathing"],"picked":"SKIP","floor":3},{"not_picked":["Blood for Blood","Wild Strike"],"picked":"Headbutt","floor":4},{"not_picked":["Rampage","Corruption"],"picked":"Shrug It Off","floor":5},{"not_picked":["Flex","Wild Strike"],"picked":"Thunderclap","floor":10},{"not_picked":["Havoc","Clothesline"],"picked":"Armaments","floor":11},{"not_picked":["Limit Break","Sever Soul","Anger"],"picked":"SKIP","floor":12}],"player_experience":367045,"relics_obtained":[{"floor":9,"key":"Ancient Tea Set"},{"floor":11,"key":"PreservedInsect"}],"event_choices":[{"damage_healed":0,"gold_gain":0,"player_choice":"Gave Potion","damage_taken":0,"relics_obtained":["Omamori"],"max_hp_gain":0,"max_hp_loss":0,"event_name":"WeMeetAgain","floor":2,"gold_loss":0},{"cards_removed":["Forethought"],"damage_healed":0,"gold_gain":0,"player_choice":"Purged","damage_taken":0,"max_hp_gain":0,"max_hp_loss":0,"event_name":"Purifier","floor":14,"gold_loss":0}],"is_beta":true,"boss_relics":[],"items_purged_floors":[7],"is_endless":false,"potions_floor_spawned":[1,3,11],"killed_by":"The Guardian","ascension_level":3}