{"path_per_floor":["M","?","M","M","M","E","M","M","T","E","$"],"character_chosen":"IRONCLAD","items_purchased":[],"gold_per_floor":[110,110,120,130,145,180,194,207,233,259,259,259],"floor_reached":12,"campfire_rested":0,"playtime":1195,"current_hp_per_floor":[80,80,79,80,80,36,40,46,46,51,51,0],"items_purged":[],"gold":259,"score":92,"play_id":"1caf8d1c-2e20-44a0-b6c9-7d22d4e1ee74","local_time":"20180519202800","is_prod":false,"is_daily":false,"chose_seed":false,"is_ascension_mode":false,"campfire_upgraded":0,"timestamp":1526754480,"campfire_choices":[],"path_taken":["M","?","?","M","M","E","M","M","T","E","?","E"],"build_version":"2018-05-17","seed_source_timestamp":2571518197312,"purchased_purges":0,"victory":false,"master_deck":["Strike_R","Strike_R","Strike_R","Defend_R","Defend_R","Defend_R","Defend_R","Bash","Pummel","Flame Barrier","Ghostly Armor","Power Through","Iron Wave","Fire Breathing","Ghostly Armor"],"max_hp_per_floor":[80,80,80,80,80,80,80,80,80,80,80,80],"relics":["Burning Blood","Kunai","Bag of Marbles","Regal Pillow"],"card_choices":[{"not_picked":["Thunderclap","Carnage"],"picked":"Flame Barrier","floor":1},{"not_picked":["Twin Strike","Disarm"],"picked":"Ghostly Armor","floor":3},{"not_picked":["Reckless Charge","True Grit"],"picked":"Power Through","floor":4},{"not_picked":["Cleave","Flex","Shrug It Off"],"picked":"SKIP","floor":5},{"not_picked":["Heavy Blade","True Grit","Cleave"],"picked":"SKIP","floor":6},{"not_picked":["Intimidate","Clothesline"],"picked":"Iron Wave","floor":7},{"not_picked":["Seeing Red","Shockwave"],"picked":"Fire Breathing","floor":8},{"not_picked":["Corruption","Heavy Blade"],"picked":"Ghostly Armor","floor":10}],"player_experience":249011,"potions_floor_usage":[3,6,6,6,6,12,12],"damage_taken":[{"damage":1,"enemies":"Cultist","floor":1,"turns":4},{"damage":7,"enemies":"2 Louse","floor":3,"turns":2},{"damage":2,"enemies":"Jaw Worm","floor":4,"turns":5},{"damage":0,"enemies":"3 Louse","floor":5,"turns":4},{"damage":65,"enemies":"Lagavulin","floor":6,"turns":12},{"damage":2,"enemies":"Blue Slaver","floor":7,"turns":7},{"damage":0,"enemies":"Large Slime","floor":8,"turns":8},{"damage":1,"enemies":"3 Sentries","floor":10,"turns":11},{"damage":82,"enemies":"Gremlin Nob","floor":12,"turns":8}],"relics_obtained":[{"floor":6,"key":"Kunai"},{"floor":9,"key":"Bag of Marbles"},{"floor":10,"key":"Regal Pillow"}],"event_choices":[{"event_name":"Purifier","player_choice":"One Purge","floor":2,"damage_taken":0}],"boss_relics":[],"potions_floor_spawned":[1,6,7],"seed_played":"8386634641800597388","killed_by":"Gremlin Nob","ascension_level":0,"potions_obtained":[{"floor":1,"key":"EntropicBrew"},{"floor":6,"key":"Dexterity Potion"},{"floor":7,"key":"SpeedPotion"}],"is_trial":false}