{"gold_per_floor":[112,112,129,304,121,121,121,150,203,203,228,228,238,267,267,366,366,385,415,375,389,25,25,25,25,78,113,125,143,176,191,191,296,296,311,331,350,361,361,361,376,376,376,376],"floor_reached":44,"playtime":2089,"items_purged":["Doubt"],"score":688,"play_id":"acdb907a-6766-4962-b4e7-1b8536bd6af4","local_time":"20190304184531","is_ascension_mode":true,"campfire_choices":[{"data":"Shrug It Off","floor":6,"key":"SMITH"},{"floor":10,"key":"REST"},{"data":"Iron Wave","floor":12,"key":"SMITH"},{"floor":15,"key":"REST"},{"floor":23,"key":"RECALL"},{"data":"Defend_R","floor":25,"key":"SMITH"},{"floor":32,"key":"REST"},{"floor":40,"key":"REST"},{"data":"Strike_R","floor":42,"key":"SMITH"}],"neow_cost":"NONE","seed_source_timestamp":30927619690440,"circlet_count":0,"master_deck":["Strike_R","Strike_R+1","Strike_R+1","Strike_R","Strike_R+1","Defend_R+1","Defend_R+1","Defend_R+1","Defend_R+1","Bash","Shrug It Off+1","Iron Wave+1","Pummel+1","Wild Strike+1","Immolate+1","Iron Wave+1","Uppercut+1","PiercingWail+1","Cloak And Dagger+1","Panacea+1","Stack+1","Feed+1","Bandage Up+1","Rebound+1","Leap+1"],"relics":["Burning Blood","The Courier","Blood Vial","Molten Egg 2","Bag of Preparation","Happy Flower","Centennial Puzzle","Mark of Pain","Red Mask","PrismaticShard","Toxic Egg 2","Pen Nib","Mango","Black Star","Bottled Flame"],"potions_floor_usage":[8,8,11,14,16,28,28,33,36,37,44,44],"damage_taken":[{"damage":0,"enemies":"Small Slimes","floor":1,"turns":3},{"damage":1,"enemies":"Cultist","floor":3,"turns":3},{"damage":28,"enemies":"Lagavulin","floor":8,"turns":8},{"damage":32,"enemies":"Gremlin Nob","floor":11,"turns":5},{"damage":0,"enemies":"2 Louse","floor":13,"turns":3},{"damage":15,"enemies":"3 Sentries","floor":14,"turns":10},{"damage":44,"enemies":"The Guardian","floor":16,"turns":15},{"damage":1,"enemies":"Chosen","floor":18,"turns":4},{"damage":0,"enemies":"Masked Bandits","floor":19,"turns":2},{"damage":9,"enemies":"Shell Parasite","floor":21,"turns":4},{"damage":0,"enemies":"Gremlin Leader","floor":27,"turns":3},{"damage":0,"enemies":"Snake Plant","floor":28,"turns":2},{"damage":0,"enemies":"Centurion and Healer","floor":29,"turns":5},{"damage":13,"enemies":"Book of Stabbing","floor":30,"turns":4},{"damage":16,"enemies":"Sentry and Sphere","floor":31,"turns":4},{"damage":34,"enemies":"Champ","floor":33,"turns":9},{"damage":0,"enemies":"Orb Walker","floor":35,"turns":3},{"damage":15,"enemies":"3 Darklings","floor":36,"turns":7},{"damage":12,"enemies":"Sphere and 2 Shapes","floor":37,"turns":4},{"damage":31,"enemies":"Maw","floor":38,"turns":11},{"damage":6,"enemies":"3 Darklings","floor":41,"turns":2},{"damage":118,"enemies":"Giant Head","floor":44,"turns":8}],"seed_played":"-4310378308889649236","potions_obtained":[{"floor":0,"key":"Ancient Potion"},{"floor":0,"key":"BloodPotion"},{"floor":0,"key":"EssenceOfSteel"},{"floor":3,"key":"Poison Potion"},{"floor":8,"key":"Regen Potion"},{"floor":11,"key":"FearPotion"},{"floor":14,"key":"Ancient Potion"},{"floor":19,"key":"PowerPotion"},{"floor":27,"key":"Block Potion"},{"floor":31,"key":"Strength Potion"},{"floor":33,"key":"GamblersBrew"},{"floor":35,"key":"Strength Potion"},{"floor":36,"key":"Explosive Potion"}],"is_trial":false,"path_per_floor":["M","?","M","?","$","R","?","E","T","R","E","R","M","E","R","B",null,"M","?","?","M","$","R","?","R","T","E","M","M","E","M","R","B",null,"M","M","M","M","?","R","M","R","T","E"],"character_chosen":"IRONCLAD","items_purchased":["Blood Vial","PrismaticShard","Toxic Egg 2"],"campfire_rested":4,"item_purchase_floors":[5,22,22],"current_hp_per_floor":[78,78,80,80,80,80,64,44,44,68,58,58,66,59,80,42,71,78,80,80,77,77,77,77,77,77,80,80,80,87,79,94,66,87,94,85,91,73,73,98,102,102,102,0],"gold":376,"neow_bonus":"THREE_SMALL_POTIONS","is_prod":false,"is_daily":false,"chose_seed":false,"campfire_upgraded":4,"win_rate":0,"timestamp":1551746731,"path_taken":["M","?","?","?","$","R","?","E","T","R","E","R","M","E","R","BOSS","M","?","?","?","$","R","?","R","T","E","?","M","E","M","R","BOSS","M","M","M","M","?","R","M","R","T","E"],"build_version":"2019-01-23","purchased_purges":1,"victory":false,"max_hp_per_floor":[80,80,80,80,80,80,80,80,80,80,80,80,80,80,80,80,80,80,80,80,80,80,80,80,80,80,80,80,80,94,94,94,94,94,94,94,98,98,98,98,102,102,102,102],"card_choices":[{"not_picked":["Rage","Warcry"],"picked":"Shrug It Off","floor":1},{"not_picked":["Rupture","Body Slam"],"picked":"Iron Wave","floor":3},{"not_picked":["Reckless Charge","Sentinel"],"picked":"Pummel","floor":8},{"not_picked":["Flex","Perfected Strike+1","Flame Barrier"],"picked":"SKIP","floor":11},{"not_picked":["Perfected Strike+1","Fire Breathing","Burning Pact"],"picked":"SKIP","floor":13},{"not_picked":["Shrug It Off","Reckless Charge+1"],"picked":"Wild Strike+1","floor":14},{"not_picked":["Berserk","Offering"],"picked":"Immolate+1","floor":16},{"not_picked":["Heavy Blade+1","Havoc","Wild Strike+1"],"picked":"SKIP","floor":18},{"not_picked":["Perfected Strike+1","Second Wind+1"],"picked":"Iron Wave+1","floor":19},{"not_picked":["Perfected Strike+1","Twin Strike+1"],"picked":"Uppercut+1","floor":21},{"not_picked":["Anger+1","Eviscerate+1"],"picked":"PiercingWail+1","floor":27},{"not_picked":["Riddle With Holes+1","Bane+1"],"picked":"Cloak And Dagger+1","floor":28},{"not_picked":["Acrobatics+1","Bane+1"],"picked":"Panacea+1","floor":29},{"not_picked":["Steam Power+1","A Thousand Cuts","Redo+1"],"picked":"SKIP","floor":30},{"not_picked":["Quick Slash+1","Gash+1"],"picked":"Stack+1","floor":31},{"not_picked":["Sadistic Nature","Glass Knife+1"],"picked":"Feed+1","floor":33},{"not_picked":["Armaments+1","Genetic Algorithm+1"],"picked":"Bandage Up+1","floor":35},{"not_picked":["Storm+1","Clash+1","Good Instincts+1"],"picked":"SKIP","floor":36},{"not_picked":["Dagger Throw+1","Evolve+1"],"picked":"Rebound+1","floor":37},{"not_picked":["Armaments+1","Havoc+1","Uppercut+1"],"picked":"SKIP","floor":38},{"not_picked":["Reaper+1","Deflect+1"],"picked":"Leap+1","floor":41}],"player_experience":525105,"relics_obtained":[{"floor":8,"key":"Molten Egg 2"},{"floor":9,"key":"Bag of Preparation"},{"floor":11,"key":"Happy Flower"},{"floor":14,"key":"Centennial Puzzle"},{"floor":19,"key":"Red Mask"},{"floor":27,"key":"Pen Nib"},{"floor":30,"key":"Mango"},{"floor":43,"key":"Bottled Flame"}],"event_choices":[{"damage_healed":0,"gold_gain":0,"player_choice":"Gave Potion","damage_taken":0,"relics_obtained":["The Courier"],"max_hp_gain":0,"max_hp_loss":0,"event_name":"WeMeetAgain","floor":2,"gold_loss":0},{"damage_healed":0,"gold_gain":175,"player_choice":"AGREE","damage_taken":0,"max_hp_gain":0,"max_hp_loss":0,"event_name":"Liars Game","floor":4,"gold_loss":0,"cards_obtained":["Doubt"]},{"damage_healed":0,"gold_gain":0,"player_choice":"Entered Light","damage_taken":16,"max_hp_gain":0,"max_hp_loss":0,"event_name":"Shining Light","floor":7,"gold_loss":0,"cards_upgraded":["Defend_R","Defend_R"]},{"damage_healed":0,"gold_gain":0,"player_choice":"Fought Bandits","damage_taken":0,"max_hp_gain":0,"max_hp_loss":0,"event_name":"Masked Bandits","floor":19,"gold_loss":0},{"damage_healed":0,"gold_gain":0,"player_choice":"Upgraded Two","damage_taken":0,"max_hp_gain":0,"max_hp_loss":0,"event_name":"Designer","floor":20,"gold_loss":40,"cards_upgraded":["Strike_R","Strike_R"]},{"damage_healed":0,"gold_gain":0,"player_choice":"Upgraded","damage_taken":0,"max_hp_gain":0,"max_hp_loss":0,"event_name":"Upgrade Shrine","floor":24,"gold_loss":0,"cards_upgraded":["Defend_R"]},{"damage_healed":0,"gold_gain":0,"player_choice":"Ignored","damage_taken":0,"max_hp_gain":0,"max_hp_loss":0,"event_name":"Mysterious Sphere","floor":39,"gold_loss":0}],"is_beta":false,"boss_relics":[{"not_picked":["Runic Pyramid","Fusion Hammer"],"picked":"Mark of Pain"},{"not_picked":["Tiny House","Eternal Feather"],"picked":"Black Star"}],"items_purged_floors":[5],"is_endless":false,"potions_floor_spawned":[3,8,11,14,19,27,31,33,35,36],"killed_by":"Giant Head","ascension_level":7}