{"gold_per_floor":[99,99,99,99,99,99,99,69,69,69,69,39,39,39,39,39,39,39,39,39,39,39],"floor_reached":22,"playtime":2028,"items_purged":[],"score":273,"play_id":"86f822d2-6dc6-468f-9d04-c4f000365551","local_time":"20190107232648","is_ascension_mode":true,"campfire_choices":[{"floor":10.0,"key":"RECALL"},{"floor":15.0,"key":"REST"}],"neow_cost":"NONE","seed_source_timestamp":267490327464599,"circlet_count":0,"master_deck":["Zap","Dualcast","Cold Snap","Tempest","Leap","Cold Snap","Darkness","Darkness","Redo","Capacitor","Electrodynamics","Rainbow","Steam Power","Stack","FTL","Aggregate","Consume","Genetic Algorithm","Coolheaded","Static Discharge+1","Hologram+1"],"special_seed":0,"relics":["Ectoplasm","Potion Belt","Bottled Lightning","Mango","Pandora\u0027s Box","Sundial"],"potions_floor_usage":[22],"damage_taken":[{"damage":4.0,"enemies":"Jaw Worm","floor":1.0,"turns":4.0},{"damage":0.0,"enemies":"Cultist","floor":3.0,"turns":4.0},{"damage":2.0,"enemies":"2 Louse","floor":4.0,"turns":2.0},{"damage":2.0,"enemies":"Red Slaver","floor":5.0,"turns":3.0},{"damage":12.0,"enemies":"Lagavulin","floor":6.0,"turns":8.0},{"damage":5.0,"enemies":"3 Louse","floor":7.0,"turns":3.0},{"damage":2.0,"enemies":"Exordium Thugs","floor":8.0,"turns":4.0},{"damage":14.0,"enemies":"Gremlin Nob","floor":11.0,"turns":4.0},{"damage":0.0,"enemies":"Looter","floor":12.0,"turns":3.0},{"damage":1.0,"enemies":"2 Fungi Beasts","floor":13.0,"turns":3.0},{"damage":8.0,"enemies":"3 Sentries","floor":14.0,"turns":7.0},{"damage":10.0,"enemies":"Hexaghost","floor":16.0,"turns":7.0},{"damage":12.0,"enemies":"Shell Parasite","floor":18.0,"turns":4.0},{"damage":42.0,"enemies":"Colosseum Slavers","floor":19.0,"turns":6.0},{"damage":12.0,"enemies":"Spheric Guardian","floor":21.0,"turns":5.0},{"damage":22,"enemies":"Snecko","floor":22,"turns":3}],"seed_played":"5772548178972703807","potions_obtained":[{"floor":3.0,"key":"EssenceOfSteel"},{"floor":4.0,"key":"Weak Potion"},{"floor":6.0,"key":"Strength Potion"},{"floor":8.0,"key":"SpeedPotion"},{"floor":13.0,"key":"SteroidPotion"},{"floor":14.0,"key":"FocusPotion"},{"floor":21.0,"key":"Poison Potion"}],"is_trial":false,"path_per_floor":["M","?","M","M","M","E","M","M","T","R","E","M","M","E","R","B",null,"M","?","T","M","M"],"character_chosen":"DEFECT","items_purchased":[],"campfire_rested":1,"item_purchase_floors":[],"current_hp_per_floor":[64,64,64,62,60,48,43,41,41,41,27,27,26,32,58,48,79,67,25,25,13,0],"gold":39,"neow_bonus":"BOSS_RELIC","is_prod":false,"is_daily":false,"chose_seed":false,"campfire_upgraded":0,"win_rate":0,"timestamp":1546928808,"path_taken":["M","?","M","?","M","E","M","M","T","R","E","M","?","E","R","BOSS","M","?","?","M","M"],"build_version":"2019-01-03v4","purchased_purges":0,"victory":false,"max_hp_per_floor":[75,75,75,75,75,75,75,75,75,75,75,75,75,89,89,89,89,89,89,89,89,89],"card_choices":[{"not_picked":["Beam Cell","Barrage"],"picked":"Cold Snap","floor":1.0},{"not_picked":["Barrage","Hyperbeam"],"picked":"Tempest","floor":3.0},{"not_picked":["White Noise","Skim"],"picked":"Leap","floor":4.0},{"not_picked":["Heatsinks","Streamline"],"picked":"Cold Snap","floor":5.0},{"not_picked":["Chill","Rebound"],"picked":"Darkness","floor":6.0},{"not_picked":["Gash","Double Energy"],"picked":"Darkness","floor":7.0},{"not_picked":["Rebound","Heatsinks","Stack"],"picked":"SKIP","floor":8.0},{"not_picked":["Barrage","Beam Cell","Conserve Battery"],"picked":"SKIP","floor":11.0},{"not_picked":["BootSequence","Rebound"],"picked":"Redo","floor":12.0},{"not_picked":["Redo","FTL"],"picked":"Capacitor","floor":13.0},{"not_picked":["Sunder","Compile Driver"],"picked":"Electrodynamics","floor":14.0},{"not_picked":["Hyperbeam","Reboot"],"picked":"Rainbow","floor":16.0},{"not_picked":["Gash+1","White Noise+1"],"picked":"Static Discharge+1","floor":18.0},{"not_picked":["Static Discharge+1","Fusion"],"picked":"Hologram+1","floor":21.0}],"player_experience":344931,"relics_obtained":[{"floor":6.0,"key":"Potion Belt"},{"floor":11.0,"key":"Bottled Lightning"},{"floor":14.0,"key":"Mango"},{"floor":20.0,"key":"Sundial"}],"event_choices":[{"cards_removed":["Strike_B"],"damage_healed":0.0,"max_hp_gain":0.0,"max_hp_loss":0.0,"gold_gain":0.0,"event_name":"Purifier","player_choice":"Purged","floor":2.0,"gold_loss":0.0,"damage_taken":0.0},{"damage_healed":0.0,"max_hp_gain":0.0,"max_hp_loss":0.0,"gold_gain":0.0,"event_name":"Colosseum","player_choice":"Fight","floor":19.0,"gold_loss":0.0,"damage_taken":0.0},{"damage_healed":0.0,"max_hp_gain":0.0,"max_hp_loss":0.0,"gold_gain":0.0,"event_name":"Colosseum","player_choice":"Fled From Nobs","floor":19.0,"gold_loss":0.0,"damage_taken":0.0}],"is_beta":false,"boss_relics":[{"not_picked":["Runic Dome","Coffee Dripper"],"picked":"Pandora\u0027s Box"}],"items_purged_floors":[],"is_endless":false,"potions_floor_spawned":[3,4,6,8,13,14,21],"killed_by":"Snecko","ascension_level":6}