{"gold_per_floor":[360,70,70,89,154,154,172,215,241,272,272,5,5,21,21,151,151,171,171,191,214,237,237,278,278,278,278,291,206,206,222,222,341,341,366,382,715,715,731,731,761,861,861,861,873,873,384,404,404,404],"floor_reached":51,"playtime":2718,"items_purged":["Strike_G","Strike_G"],"score":1243,"play_id":"dcd4fa8b-e4d0-4148-8508-f5b7b16a0891","local_time":"20190126224652","is_ascension_mode":true,"campfire_choices":[{"data":"Neutralize","floor":6.0,"key":"SMITH"},{"floor":11.0,"key":"REST"},{"data":"Bouncing Flask","floor":15.0,"key":"SMITH"},{"floor":23.0,"key":"REST"},{"data":"Malaise","floor":27.0,"key":"SMITH"},{"data":"Wraith Form v2","floor":30.0,"key":"SMITH"},{"data":"Well Laid Plans","floor":32.0,"key":"SMITH"},{"data":"Corpse Explosion","floor":40,"key":"SMITH"},{"data":"Survivor","floor":44,"key":"SMITH"},{"data":"Defend_G","floor":49,"key":"PURGE"}],"neow_cost":"TEN_PERCENT_HP_LOSS","seed_source_timestamp":87305406021700,"circlet_count":0,"master_deck":["AscendersBane","Defend_G","Defend_G","Defend_G","Defend_G","Strike_G","Strike_G","Survivor+1","Neutralize+1","All Out Attack","Caltrops","Slice","Wraith Form v2+1","Corpse Explosion+1","Well Laid Plans+1","Bouncing Flask+1","Malaise+1","Acrobatics+1","PiercingWail","Leg Sweep+1","Backstab","Noxious Fumes","Catalyst+1"],"special_seed":0,"relics":["Ring of the Snake","Thread and Needle","Lantern","Boot","Anchor","Happy Flower","Philosopher\u0027s Stone","Kunai","Bird Faced Urn","Singing Bowl","Velvet Choker","Nunchaku","Bottled Lightning","FossilizedHelix","Ornamental Fan","Membership Card","Peace Pipe"],"potions_floor_usage":[33,41,42,50],"damage_taken":[{"damage":7.0,"enemies":"Jaw Worm","floor":1.0,"turns":6.0},{"damage":0.0,"enemies":"2 Louse","floor":4.0,"turns":4.0},{"damage":0.0,"enemies":"Cultist","floor":7.0,"turns":4.0},{"damage":23.0,"enemies":"Lagavulin","floor":8.0,"turns":9.0},{"damage":16.0,"enemies":"Gremlin Nob","floor":10.0,"turns":5.0},{"damage":0.0,"enemies":"Red Slaver","floor":14.0,"turns":4.0},{"damage":1.0,"enemies":"The Guardian","floor":16.0,"turns":8.0},{"damage":11.0,"enemies":"3 Byrds","floor":18.0,"turns":3.0},{"damage":0.0,"enemies":"Chosen","floor":20.0,"turns":6.0},{"damage":6.0,"enemies":"Centurion and Healer","floor":21.0,"turns":6.0},{"damage":0.0,"enemies":"Cultist and Chosen","floor":22.0,"turns":5.0},{"damage":0.0,"enemies":"Gremlin Leader","floor":24.0,"turns":7.0},{"damage":0.0,"enemies":"Snake Plant","floor":28.0,"turns":6.0},{"damage":0.0,"enemies":"Centurion and Healer","floor":31.0,"turns":7.0},{"damage":32,"enemies":"Champ","floor":33,"turns":15},{"damage":18,"enemies":"3 Darklings","floor":35,"turns":4},{"damage":0,"enemies":"3 Shapes","floor":36,"turns":1},{"damage":0,"enemies":"Maw","floor":39,"turns":8},{"damage":18,"enemies":"Giant Head","floor":41,"turns":11},{"damage":6,"enemies":"Mind Bloom Boss Battle","floor":42,"turns":10},{"damage":0,"enemies":"Spire Growth","floor":45,"turns":7},{"damage":0,"enemies":"Writhing Mass","floor":48,"turns":6},{"damage":2,"enemies":"Time Eater","floor":50,"turns":9}],"seed_played":"-2358143152411877340","potions_obtained":[{"floor":1.0,"key":"Poison Potion"},{"floor":8.0,"key":"SpeedPotion"},{"floor":10.0,"key":"SpeedPotion"},{"floor":14.0,"key":"Ancient Potion"},{"floor":18.0,"key":"Fire Potion"},{"floor":22.0,"key":"SteroidPotion"},{"floor":31.0,"key":"Energy Potion"},{"floor":33,"key":"GhostInAJar"},{"floor":36,"key":"EntropicBrew"},{"floor":41,"key":"Regen Potion"},{"floor":48,"key":"Fire Potion"}],"is_trial":false,"path_per_floor":["M","$","?","M","?","R","M","E","T","E","R","$","?","M","R","B",null,"M","?","M","M","M","R","E","?","T","R","M","?","R","M","R","B",null,"M","M","?","?","M","R","E","?","T","R","M","?","$","M","R","B",null],"character_chosen":"THE_SILENT","items_purchased":["Thread and Needle","Well Laid Plans","Happy Flower","Membership Card","Noxious Fumes","Peace Pipe","Energy Potion","Weak Potion"],"campfire_rested":2,"item_purchase_floors":[2,12,12,47,47,47,47,47],"current_hp_per_floor":[56,56,56,56,56,56,56,33,33,17,34,34,34,34,34,33,52,41,41,41,35,35,52,52,52,52,52,56,56,56,60,60,32,55,43,45,45,45,53,53,43,60,60,60,68,68,68,74,74,72],"gold":404,"neow_bonus":"TWO_FIFTY_GOLD","is_prod":false,"is_daily":false,"chose_seed":false,"campfire_upgraded":7,"win_rate":0,"timestamp":1548560812,"path_taken":["M","$","?","M","?","R","M","E","T","E","R","$","?","?","R","BOSS","M","?","?","M","M","R","E","?","T","R","M","?","R","M","R","BOSS","M","M","?","?","?","R","E","?","T","R","M","?","$","M","R","BOSS"],"build_version":"2019-01-23","purchased_purges":2,"victory":true,"max_hp_per_floor":[63,63,58,58,58,58,58,58,58,58,58,58,58,58,58,58,58,58,58,58,58,58,58,58,58,58,58,58,58,58,60,60,62,62,64,66,66,66,68,68,70,72,72,72,74,74,74,74,74,74],"card_choices":[{"not_picked":["Blade Dance","Skewer"],"picked":"All Out Attack","floor":1.0},{"not_picked":["Deflect","Quick Slash"],"picked":"Caltrops","floor":4.0},{"not_picked":["Blade Dance","PiercingWail"],"picked":"Slice","floor":7.0},{"not_picked":["Dagger Spray","Prepared"],"picked":"Wraith Form v2","floor":8.0},{"not_picked":["Dagger Throw","Backflip"],"picked":"Corpse Explosion","floor":10.0},{"not_picked":["Outmaneuver","Eviscerate"],"picked":"Bouncing Flask","floor":14.0},{"not_picked":["Die Die Die","Corpse Explosion"],"picked":"Malaise","floor":16.0},{"not_picked":["Blade Dance+1","Predator"],"picked":"Acrobatics+1","floor":18.0},{"not_picked":["Blade Dance+1","Acrobatics"],"picked":"PiercingWail","floor":20.0},{"not_picked":["Endless Agony","Backflip"],"picked":"Leg Sweep+1","floor":21.0},{"not_picked":["Underhanded Strike","Outmaneuver","Bane"],"picked":"SKIP","floor":22.0},{"not_picked":["Quick Slash","Blade Dance","Outmaneuver"],"picked":"SKIP","floor":24.0},{"not_picked":["Tactician","Sucker Punch"],"picked":"Backstab","floor":28.0},{"not_picked":["Quick Slash","Setup","Cloak And Dagger"],"picked":"Singing Bowl","floor":31.0},{"not_picked":["Glass Knife","Storm of Steel","Doppelganger"],"picked":"Singing Bowl","floor":33},{"not_picked":["Riddle With Holes","Masterful Stab+1","Dagger Spray+1"],"picked":"Singing Bowl","floor":35},{"not_picked":["Choke","Underhanded Strike+1","Acrobatics"],"picked":"Singing Bowl","floor":36},{"not_picked":["PiercingWail+1","Bane","Deflect+1"],"picked":"Singing Bowl","floor":39},{"not_picked":["Endless Agony","Dodge and Roll","Dash"],"picked":"Singing Bowl","floor":41},{"not_picked":["Well Laid Plans","Blade Dance+1","Underhanded Strike"],"picked":"Singing Bowl","floor":42},{"not_picked":["Dagger Throw+1","Distraction","Blade Dance+1"],"picked":"Singing Bowl","floor":45},{"not_picked":["Terror+1","Bouncing Flask+1"],"picked":"Catalyst+1","floor":48}],"player_experience":538354,"relics_obtained":[{"floor":8.0,"key":"Lantern"},{"floor":9.0,"key":"Boot"},{"floor":10.0,"key":"Anchor"},{"floor":24.0,"key":"Kunai"},{"floor":26.0,"key":"Bird Faced Urn"},{"floor":41,"key":"Bottled Lightning"},{"floor":42,"key":"FossilizedHelix"},{"floor":43,"key":"Ornamental Fan"}],"event_choices":[{"damage_healed":0.0,"max_hp_gain":0.0,"max_hp_loss":5.0,"gold_gain":0.0,"event_name":"Golden Idol","player_choice":"Lose Max HP","floor":3.0,"gold_loss":0.0,"damage_taken":0.0,"relics_obtained":["Golden Idol"]},{"damage_healed":0.0,"max_hp_gain":0.0,"max_hp_loss":0.0,"gold_gain":65.0,"event_name":"Golden Wing","player_choice":"Gained Gold","floor":5.0,"gold_loss":0.0,"damage_taken":0.0},{"damage_healed":0.0,"max_hp_gain":0.0,"max_hp_loss":0.0,"gold_gain":0.0,"event_name":"Liars Game","player_choice":"Ignored","floor":13.0,"gold_loss":0.0,"damage_taken":0.0},{"cards_removed":["Strike_G"],"damage_healed":0.0,"max_hp_gain":0.0,"max_hp_loss":0.0,"gold_gain":0.0,"event_name":"Purifier","player_choice":"Purged","floor":19.0,"gold_loss":0.0,"damage_taken":0.0},{"damage_healed":0.0,"max_hp_gain":0.0,"max_hp_loss":0.0,"gold_gain":0.0,"event_name":"Vampires","player_choice":"Ignored","floor":25.0,"gold_loss":0.0,"damage_taken":0.0},{"damage_healed":0.0,"max_hp_gain":0.0,"max_hp_loss":0.0,"gold_gain":0.0,"event_name":"Addict","player_choice":"Obtained Relic","floor":29.0,"gold_loss":85.0,"damage_taken":0.0,"relics_obtained":["Singing Bowl"]},{"damage_healed":0,"gold_gain":333,"player_choice":"Gave Idol","damage_taken":0,"max_hp_gain":0,"max_hp_loss":0,"event_name":"The Moai Head","floor":37,"relics_lost":["Golden Idol"],"gold_loss":0},{"damage_healed":0,"gold_gain":0,"player_choice":"Gave Potion","damage_taken":0,"relics_obtained":["Nunchaku"],"max_hp_gain":0,"max_hp_loss":0,"event_name":"WeMeetAgain","floor":38,"gold_loss":0},{"damage_healed":0,"gold_gain":0,"player_choice":"Fight","damage_taken":0,"max_hp_gain":0,"max_hp_loss":0,"event_name":"MindBloom","floor":42,"gold_loss":0},{"damage_healed":0,"gold_gain":0,"player_choice":"Ignored","damage_taken":0,"max_hp_gain":0,"max_hp_loss":0,"event_name":"Tomb of Lord Red Mask","floor":46,"gold_loss":0}],"is_beta":true,"boss_relics":[{"not_picked":["WristBlade","Ectoplasm"],"picked":"Philosopher\u0027s Stone"},{"not_picked":["Tiny House","Lizard Tail"],"picked":"Velvet Choker"}],"items_purged_floors":[12,47],"is_endless":false,"potions_floor_spawned":[1,8,10,14,18,22,31,33,36,41,48],"ascension_level":11}