{"path_per_floor":["M","M","M","?","?","E","M","?","T","M","$","M","M","M","R"],"character_chosen":"IRONCLAD","items_purchased":["Anchor"],"gold_per_floor":[118,129,141,141,141,174,190,190,190,214,69,94,112,131,131,131],"floor_reached":16,"campfire_rested":0,"playtime":1346,"current_hp_per_floor":[79,75,80,73,53,51,53,53,53,40,40,44,35,34,34,0],"items_purged":[],"gold":131,"score":106,"play_id":"49c583ce-de33-43c3-903c-24a58fa0132e","local_time":"20180519205038","is_prod":false,"is_daily":false,"chose_seed":false,"is_ascension_mode":false,"campfire_upgraded":1,"timestamp":1526755838,"campfire_choices":[{"data":"Metallicize","floor":15,"key":"SMITH"}],"path_taken":["M","M","M","?","?","E","M","?","T","?","?","?","?","M","R","BOSS"],"build_version":"2018-05-17","seed_source_timestamp":3780803875989,"purchased_purges":0,"victory":false,"master_deck":["Strike_R","Strike_R","Strike_R","Strike_R","Defend_R","Defend_R","Defend_R","Defend_R","Bash","Pummel","Rampage","Ghostly Armor","Disarm","Normality","Dark Embrace","Shockwave","Feel No Pain","Metallicize+1","Seeing Red","Iron Wave"],"max_hp_per_floor":[80,80,80,80,80,80,80,80,80,80,80,80,80,80,80,80],"relics":["Burning Blood","Golden Idol","Sundial","Prayer Wheel","Gambling Chip","Anchor"],"card_choices":[{"not_picked":["Perfected Strike","Entrench"],"picked":"Pummel","floor":1},{"not_picked":["Armaments","Warcry","Wild Strike"],"picked":"SKIP","floor":2},{"not_picked":["Armaments","Disarm"],"picked":"Rampage","floor":3},{"not_picked":["Perfected Strike","Burning Pact"],"picked":"Ghostly Armor","floor":6},{"not_picked":["Clothesline","Havoc"],"picked":"Disarm","floor":7},{"not_picked":["Intimidate","Reckless Charge"],"picked":"Dark Embrace","floor":10},{"not_picked":["Combust","Havoc","Reckless Charge"],"picked":"SKIP","floor":10},{"not_picked":["Corruption","Flex"],"picked":"Shockwave","floor":12},{"not_picked":["Heavy Blade","Havoc"],"picked":"Feel No Pain","floor":12},{"not_picked":["Ghostly Armor","True Grit"],"picked":"Metallicize","floor":13},{"not_picked":["Reckless Charge","Wild Strike"],"picked":"Seeing Red","floor":13},{"not_picked":["Twin Strike","Burning Pact"],"picked":"Iron Wave","floor":14},{"not_picked":["Shrug It Off","Combust","Flex"],"picked":"SKIP","floor":14}],"player_experience":250206,"potions_floor_usage":[6,16],"damage_taken":[{"damage":7,"enemies":"2 Louse","floor":1,"turns":3},{"damage":10,"enemies":"Small Slimes","floor":2,"turns":5},{"damage":1,"enemies":"Jaw Worm","floor":3,"turns":4},{"damage":23,"enemies":"3 Sentries","floor":6,"turns":11},{"damage":4,"enemies":"Blue Slaver","floor":7,"turns":5},{"damage":19,"enemies":"2 Fungi Beasts","floor":10,"turns":5},{"damage":2,"enemies":"Looter","floor":12,"turns":4},{"damage":15,"enemies":"Gremlin Gang","floor":13,"turns":6},{"damage":7,"enemies":"Red Slaver","floor":14,"turns":7},{"damage":35,"enemies":"Hexaghost","floor":16,"turns":15}],"relics_obtained":[{"floor":6,"key":"Sundial"},{"floor":9,"key":"Gambling Chip"}],"event_choices":[{"event_name":"Golden Wing","player_choice":"Card Removal","floor":4,"damage_taken":0},{"event_name":"Golden Idol","player_choice":"Take Damage","floor":5,"damage_taken":0},{"event_name":"Accursed Blacksmith","player_choice":"Rummage","floor":8,"damage_taken":0}],"boss_relics":[],"potions_floor_spawned":[1,3,14],"seed_played":"6839486257455761140","killed_by":"Hexaghost","ascension_level":0,"potions_obtained":[{"floor":1,"key":"Dexterity Potion"},{"floor":3,"key":"Regen Potion"},{"floor":14,"key":"Fire Potion"}],"is_trial":false}