{"gold_per_floor":[111,131,142,153,171,203,203,229,229,262,278,278,293,308,308,408,408,420,435,448,458,89,89,109,143,213,213],"floor_reached":27,"playtime":1241,"items_purged":["Strike_B"],"score":392,"play_id":"801ef0eb-21b5-4140-a79c-6b6631a60341","local_time":"20190124164848","is_ascension_mode":true,"campfire_choices":[{"data":"Streamline","floor":7,"key":"SMITH"},{"floor":15,"key":"REST"},{"floor":23,"key":"REST"}],"neow_cost":"NONE","seed_source_timestamp":425116451061051,"circlet_count":0,"master_deck":["AscendersBane","Strike_B","Strike_B","Strike_B","Defend_B","Defend_B","Defend_B","Defend_B","Zap","Dualcast","Dramatic Entrance","Streamline+1","White Noise","Conserve Battery","Cold Snap","Coolheaded","Glacier","Core Surge","Capacitor","FTL","BootSequence","Sunder","Conserve Battery+1","Barrage+1","Buffer"],"relics":["Cracked Core","Mummified Hand","Bronze Scales","Matryoshka","Pocketwatch","Letter Opener","Ginger","Philosopher\u0027s Stone","Thread and Needle","Gambling Chip","Lantern","Molten Egg 2"],"potions_floor_usage":[8,16,16,21,25,25,27,27],"damage_taken":[{"damage":0,"enemies":"Cultist","floor":1,"turns":3},{"damage":0,"enemies":"Small Slimes","floor":2,"turns":2},{"damage":2,"enemies":"Jaw Worm","floor":3,"turns":3},{"damage":9,"enemies":"2 Fungi Beasts","floor":4,"turns":4},{"damage":4,"enemies":"Lots of Slimes","floor":5,"turns":3},{"damage":23,"enemies":"3 Sentries","floor":6,"turns":10},{"damage":9,"enemies":"Gremlin Nob","floor":8,"turns":3},{"damage":9,"enemies":"3 Sentries","floor":10,"turns":8},{"damage":1,"enemies":"Exordium Wildlife","floor":11,"turns":3},{"damage":2,"enemies":"2 Fungi Beasts","floor":13,"turns":3},{"damage":1,"enemies":"Looter","floor":14,"turns":2},{"damage":7,"enemies":"Hexaghost","floor":16,"turns":9},{"damage":9,"enemies":"Spheric Guardian","floor":18,"turns":3},{"damage":22,"enemies":"3 Byrds","floor":19,"turns":3},{"damage":5,"enemies":"Centurion and Healer","floor":20,"turns":6},{"damage":7,"enemies":"Snecko","floor":21,"turns":4},{"damage":0,"enemies":"Snake Plant","floor":24,"turns":3},{"damage":23,"enemies":"Gremlin Leader","floor":25,"turns":7},{"damage":18,"enemies":"Shelled Parasite and Fungi","floor":27,"turns":3}],"seed_played":"332469810139935118","potions_obtained":[{"floor":4,"key":"Strength Potion"},{"floor":5,"key":"SneckoOil"},{"floor":6,"key":"FocusPotion"},{"floor":8,"key":"Poison Potion"},{"floor":19,"key":"SkillPotion"},{"floor":20,"key":"EntropicBrew"}],"is_trial":false,"path_per_floor":["M","M","M","M","M","E","R","E","T","E","M","T","M","M","R","B",null,"M","M","M","M","$","R","M","E","T","M"],"character_chosen":"DEFECT","items_purchased":["Thread and Needle"],"campfire_rested":2,"item_purchase_floors":[22],"current_hp_per_floor":[68,68,66,57,53,30,30,21,21,12,11,11,9,8,30,23,62,53,31,26,19,19,41,41,18,18,0],"gold":213,"neow_bonus":"RANDOM_COLORLESS","is_prod":false,"is_daily":false,"chose_seed":false,"campfire_upgraded":1,"win_rate":0,"timestamp":1548344928,"path_taken":["M","M","M","M","M","E","R","E","T","E","M","?","M","M","R","BOSS","M","M","M","?","?","R","M","E","T","M"],"build_version":"2019-01-23","purchased_purges":1,"victory":false,"max_hp_per_floor":[75,75,75,75,75,75,75,75,75,75,75,75,75,75,75,75,75,75,75,75,75,75,75,75,75,75,75],"card_choices":[{"not_picked":["Barrage","Turbo"],"picked":"Streamline","floor":1},{"not_picked":["Steam","Hologram"],"picked":"White Noise","floor":2},{"not_picked":["Streamline","Sweeping Beam"],"picked":"Conserve Battery","floor":3},{"not_picked":["Reinforced Body","Biased Cognition"],"picked":"Cold Snap","floor":4},{"not_picked":["Steam","Streamline"],"picked":"Coolheaded","floor":5},{"not_picked":["Stack","Cold Snap"],"picked":"Glacier","floor":6},{"not_picked":["Undo","Steam"],"picked":"Core Surge","floor":8},{"not_picked":["Sunder","Leap"],"picked":"Capacitor","floor":10},{"not_picked":["Aggregate","Cold Snap"],"picked":"FTL","floor":11},{"not_picked":["Redo","Stack"],"picked":"BootSequence","floor":13},{"not_picked":["Streamline","Rebound"],"picked":"Sunder","floor":14},{"not_picked":["Rebound","Undo"],"picked":"Conserve Battery+1","floor":18},{"not_picked":["Ball Lightning","Turbo","Compile Driver"],"picked":"SKIP","floor":19},{"not_picked":["Scrape","Skim"],"picked":"Barrage+1","floor":20},{"not_picked":["Steam","Force Field","Cold Snap+1"],"picked":"SKIP","floor":21},{"not_picked":["Hologram","Genetic Algorithm","Static Discharge"],"picked":"SKIP","floor":24},{"not_picked":["Melter","Hologram"],"picked":"Buffer","floor":25}],"player_experience":693004,"relics_obtained":[{"floor":6,"key":"Mummified Hand"},{"floor":8,"key":"Bronze Scales"},{"floor":9,"key":"Matryoshka"},{"floor":10,"key":"Pocketwatch"},{"floor":12,"key":"Letter Opener"},{"floor":12,"key":"Ginger"},{"floor":25,"key":"Gambling Chip"},{"floor":26,"key":"Lantern"},{"floor":26,"key":"Molten Egg 2"}],"event_choices":[],"is_beta":false,"boss_relics":[{"not_picked":["Busted Crown","Nuclear Battery"],"picked":"Philosopher\u0027s Stone"}],"items_purged_floors":[22],"is_endless":false,"potions_floor_spawned":[4,5,6,8,19,20],"killed_by":"Shelled Parasite and Fungi","ascension_level":10}