{"gold_per_floor":[113,132,147,147,163,163,193,193,193,193,193,193,193,207,207,336,336,357,396,495,32,52,52,92,92,174,194,233,258,23,23,23,153,153,176,176,176,190,51,51,92,92,92,107,232,232],"floor_reached":46,"playtime":1977,"items_purged":["Strike_R","Strike_R","Writhe"],"score":712,"play_id":"1c7c0d36-aee9-4aaa-bfbc-569787515aca","local_time":"20181206201827","is_ascension_mode":true,"campfire_choices":[{"data":"Heavy Blade","floor":6,"key":"SMITH"},{"data":"Flex","floor":8,"key":"SMITH"},{"data":"Flex","floor":10,"key":"SMITH"},{"floor":12,"key":"REST"},{"data":"Inflame","floor":15,"key":"SMITH"},{"floor":23,"key":"REST"},{"floor":25,"key":"REST"},{"floor":32,"key":"REST"},{"data":"Shrug It Off","floor":40,"key":"SMITH"},{"floor":42,"key":"REST"}],"neow_cost":"PERCENT_DAMAGE","seed_source_timestamp":280878015851522,"circlet_count":0,"master_deck":["Strike_R","Strike_R","Strike_R","Defend_R","Defend_R","Defend_R","Bash","Flex+1","Heavy Blade+1","Flex+1","Inflame+1","Sword Boomerang","Headbutt","Fiend Fire","Spot Weakness","Shrug It Off+1","Inflame+1","Mayhem","Demon Form","Iron Wave","Spot Weakness+1","Uppercut"],"relics":["Burning Blood","Ginger","Anchor","The Courier","Potion Belt","Golden Idol","White Beast Statue","Red Mask","DollysMirror","Pen Nib","Mercury Hourglass","Regal Pillow","Question Card","Runic Dome","Smiling Mask","Self Forming Clay","StoneCalendar"],"potions_floor_usage":[7,7,16,18,18,22,22,24,24,27,27,27,28,29,29,33,33,33,38,41,41,46,46],"damage_taken":[{"damage":0,"enemies":"Small Slimes","floor":1,"turns":3},{"damage":0,"enemies":"Cultist","floor":2,"turns":2},{"damage":1,"enemies":"2 Louse","floor":3,"turns":3},{"damage":0,"enemies":"2 Fungi Beasts","floor":5,"turns":3},{"damage":20,"enemies":"Gremlin Nob","floor":7,"turns":4},{"damage":0,"enemies":"Exordium Wildlife","floor":14,"turns":3},{"damage":48,"enemies":"The Guardian","floor":16,"turns":8},{"damage":21,"enemies":"3 Byrds","floor":18,"turns":3},{"damage":43,"enemies":"Masked Bandits","floor":19,"turns":4},{"damage":4,"enemies":"2 Thieves","floor":22,"turns":4},{"damage":21,"enemies":"Book of Stabbing","floor":24,"turns":3},{"damage":3,"enemies":"Snake Plant","floor":27,"turns":2},{"damage":25,"enemies":"Gremlin Leader","floor":28,"turns":5},{"damage":18,"enemies":"Chosen and Byrds","floor":29,"turns":4},{"damage":42,"enemies":"Collector","floor":33,"turns":6},{"damage":21,"enemies":"3 Shapes","floor":35,"turns":3},{"damage":42,"enemies":"3 Darklings","floor":38,"turns":5},{"damage":41,"enemies":"Giant Head","floor":41,"turns":6},{"damage":5,"enemies":"Maw","floor":44,"turns":4},{"damage":0,"enemies":"Mind Bloom Boss Battle","floor":45,"turns":3},{"damage":63,"enemies":"Writhing Mass","floor":46,"turns":4}],"seed_played":"-98704160424012974","potions_obtained":[{"floor":1,"key":"Block Potion"},{"floor":3,"key":"Poison Potion"},{"floor":7,"key":"Strength Potion"},{"floor":16,"key":"LiquidBronze"},{"floor":18,"key":"Fruit Juice"},{"floor":19,"key":"Poison Potion"},{"floor":22,"key":"Poison Potion"},{"floor":24,"key":"EntropicBrew"},{"floor":27,"key":"Ancient Potion"},{"floor":28,"key":"Poison Potion"},{"floor":29,"key":"AttackPotion"},{"floor":33,"key":"Block Potion"},{"floor":35,"key":"LiquidBronze"},{"floor":38,"key":"FearPotion"},{"floor":41,"key":"EssenceOfSteel"},{"floor":44,"key":"Ancient Potion"},{"floor":45,"key":"Ancient Potion"}],"is_trial":false,"path_per_floor":["M","M","M","?","M","R","E","R","T","R","?","R","?","M","R","B",null,"M","?","?","$","M","R","E","R","T","M","E","M","$","T","R","B",null,"M","?","?","M","$","R","E","R","T","M","?","M"],"character_chosen":"IRONCLAD","items_purchased":["DollysMirror","Pen Nib","FearPotion","Explosive Potion","Strength Potion","Mayhem","Weak Potion"],"campfire_rested":5,"item_purchase_floors":[21,21,21,21,21,30,39],"current_hp_per_floor":[57,63,68,61,67,67,53,53,53,53,33,57,57,63,63,21,65,55,18,18,18,20,45,30,55,55,58,39,27,27,27,67,31,72,57,57,78,42,42,42,15,55,55,56,62,0],"gold":232,"neow_bonus":"ONE_RARE_RELIC","is_prod":false,"is_daily":false,"chose_seed":false,"campfire_upgraded":5,"win_rate":0,"timestamp":1544145507,"path_taken":["M","M","M","?","M","R","E","R","T","R","?","R","?","?","R","BOSS","M","?","?","?","M","R","E","R","T","?","E","M","$","?","R","BOSS","M","?","?","M","$","R","E","R","T","M","?","?"],"build_version":"2018-12-06","purchased_purges":3,"victory":false,"max_hp_per_floor":[80,80,80,80,80,80,80,80,80,80,80,80,80,80,80,80,80,85,85,85,85,85,85,85,85,85,85,85,85,85,85,85,85,85,85,85,85,85,85,85,85,85,85,85,85,85],"card_choices":[{"not_picked":["Sever Soul","Rupture"],"picked":"Flex","floor":1},{"not_picked":["Sentinel","Perfected Strike"],"picked":"Heavy Blade","floor":2},{"not_picked":["Thunderclap","Wild Strike"],"picked":"Flex","floor":3},{"not_picked":["Reckless Charge","Havoc"],"picked":"Inflame","floor":5},{"not_picked":["Body Slam","Bludgeon"],"picked":"Sword Boomerang","floor":7},{"not_picked":["Perfected Strike","Anger"],"picked":"Headbutt","floor":14},{"not_picked":["Offering","Juggernaut"],"picked":"Fiend Fire","floor":16},{"not_picked":["Body Slam+1","Anger+1"],"picked":"Spot Weakness","floor":18},{"not_picked":["Clothesline","Cleave"],"picked":"Shrug It Off","floor":19},{"not_picked":["Fiend Fire","Cleave+1","Armaments"],"picked":"SKIP","floor":22},{"not_picked":["Thunderclap","Brutality","Bloodletting"],"picked":"SKIP","floor":24},{"not_picked":["Rupture","Perfected Strike","Flame Barrier"],"picked":"SKIP","floor":27},{"not_picked":["Warcry","Evolve+1","Ghostly Armor"],"picked":"SKIP","floor":28},{"not_picked":["Bloodletting+1","Sword Boomerang","Shrug It Off"],"picked":"SKIP","floor":29},{"not_picked":["Berserk","Juggernaut","Dark Embrace"],"picked":"Demon Form","floor":33},{"not_picked":["Clash+1","Twin Strike+1","Anger+1","Thunderclap"],"picked":"SKIP","floor":35},{"not_picked":["Sword Boomerang","Warcry","Combust+1"],"picked":"Iron Wave","floor":38},{"not_picked":["Perfected Strike+1","Sever Soul","Clash"],"picked":"Spot Weakness+1","floor":41},{"not_picked":["Headbutt+1","Anger+1","Clothesline"],"picked":"Uppercut","floor":44}],"player_experience":395454,"relics_obtained":[{"floor":7,"key":"The Courier"},{"floor":9,"key":"Potion Belt"},{"floor":19,"key":"Red Mask"},{"floor":24,"key":"Mercury Hourglass"},{"floor":28,"key":"Regal Pillow"},{"floor":31,"key":"Question Card"},{"floor":41,"key":"Smiling Mask"},{"floor":43,"key":"Self Forming Clay"},{"floor":45,"key":"StoneCalendar"}],"event_choices":[{"damage_healed":0,"gold_gain":0,"player_choice":"Success","damage_taken":7,"relics_obtained":["Anchor"],"max_hp_gain":0,"max_hp_loss":0,"event_name":"Scrap Ooze","floor":4,"gold_loss":0},{"damage_healed":0,"gold_gain":0,"player_choice":"Take Damage","damage_taken":20,"relics_obtained":["Golden Idol"],"max_hp_gain":0,"max_hp_loss":0,"event_name":"Golden Idol","floor":11,"gold_loss":0},{"cards_removed":["Defend_R"],"damage_healed":0,"gold_gain":0,"player_choice":"Offered Basic","damage_taken":0,"max_hp_gain":0,"max_hp_loss":0,"event_name":"Bonfire Elementals","floor":13,"gold_loss":0},{"damage_healed":0,"gold_gain":0,"player_choice":"Fought Bandits","damage_taken":0,"max_hp_gain":0,"max_hp_loss":0,"event_name":"Masked Bandits","floor":19,"gold_loss":0},{"damage_healed":0,"gold_gain":99,"player_choice":"Stole From Cult","damage_taken":0,"max_hp_gain":0,"max_hp_loss":0,"event_name":"Nest","floor":20,"gold_loss":0},{"damage_healed":0,"gold_gain":0,"player_choice":"Ignored","damage_taken":0,"max_hp_gain":0,"max_hp_loss":0,"event_name":"Mysterious Sphere","floor":36,"gold_loss":0},{"damage_healed":21,"gold_gain":0,"player_choice":"Writhe","damage_taken":0,"max_hp_gain":0,"max_hp_loss":0,"event_name":"Winding Halls","floor":37,"gold_loss":0,"cards_obtained":["Writhe"]},{"damage_healed":0,"gold_gain":0,"player_choice":"Fight","damage_taken":0,"max_hp_gain":0,"max_hp_loss":0,"event_name":"MindBloom","floor":45,"gold_loss":0}],"is_beta":true,"boss_relics":[{"not_picked":["Orrery","Runic Cube"],"picked":"White Beast Statue"},{"not_picked":["Tiny House","Black Blood"],"picked":"Runic Dome"}],"items_purged_floors":[21,30,39],"is_endless":false,"potions_floor_spawned":[1,3,7,16,18,19,22,24,27,28,29,33,35,38,41,44,45],"killed_by":"Writhing Mass","ascension_level":7}