{"path_per_floor":["M","M","$","?","$","E","M","E","T","M","M","R","?","M","R","B",null,"M","M","?","$","T","E","M","$","T"],"character_chosen":"IRONCLAD","items_purchased":["Metallicize","Happy Flower","Seeing Red"],"gold_per_floor":[112,123,123,123,123,158,177,206,285,305,323,323,323,338,338,436,436,449,468,468,135,162,192,212,112,112],"floor_reached":27,"campfire_rested":0,"playtime":2229,"current_hp_per_floor":[80,80,80,80,80,65,71,50,50,56,54,54,54,60,60,63,80,80,64,48,48,48,22,24,24,24],"items_purged":["Strike_R","Pain"],"gold":112,"score":243,"play_id":"9ad2ed16-6902-4233-87dd-20a1ec7cd206","is_prod":false,"is_daily":false,"is_ascension_mode":false,"campfire_upgraded":2,"path_taken":["M","M","?","?","$","E","M","E","T","?","M","R","?","M","R","BOSS","M","M","?","$","?","E","M","$","T","M"],"build_version":"2018-02-15-PROD1","purchased_purges":2,"victory":false,"master_deck":["Strike_R","Strike_R","Defend_R+1","Defend_R","Defend_R+1","Defend_R","Bash+1","Infernal Blade","Rage+1","Body Slam+1","Inflame","Flame Barrier+1","Flame Barrier+1","Juggernaut","Intimidate+1","Metallicize","Seeing Red+1","Iron Wave+1"],"max_hp_per_floor":[80,80,80,80,80,80,80,80,80,80,80,80,80,80,80,80,80,80,80,80,80,80,80,80,80,80],"relics":["Burning Blood","Toxic Egg 2","War Paint","Matryoshka","Cursed Key","Nilry\u0027s Codex","Happy Flower","Oddly Smooth Stone","Omamori","Bag of Marbles","Singing Bowl","Prayer Wheel"],"card_choices":[{"not_picked":["Warcry","Intimidate"],"picked":"Infernal Blade"},{"not_picked":["Dropkick","Immolate"],"picked":"Rage"},{"not_picked":["Headbutt","Twin Strike"],"picked":"Body Slam"},{"not_picked":["Headbutt","Corruption"],"picked":"Inflame"},{"not_picked":["Battle Trance","Bloodletting"],"picked":"Flame Barrier"},{"not_picked":["Flex","Power Through"],"picked":"Flame Barrier"},{"not_picked":["Offering","Berserk"],"picked":"Juggernaut"},{"not_picked":["Perfected Strike","Warcry"],"picked":"Intimidate"},{"not_picked":["Fire Breathing","Burning Pact"],"picked":"Iron Wave"}],"player_experience":96553,"potions_floor_usage":[6,8,8,23,23],"damage_taken":[{"damage":1,"enemies":"Cultist","floor":1,"turns":3},{"damage":0,"enemies":"2 Louse","floor":2,"turns":2},{"damage":21,"enemies":"3 Sentries","floor":6,"turns":10},{"damage":0,"enemies":"Small Slimes","floor":7,"turns":3},{"damage":42,"enemies":"Lagavulin","floor":8,"turns":9},{"damage":0,"enemies":"3 Louse","floor":10,"turns":5},{"damage":8,"enemies":"Exordium Thugs","floor":11,"turns":6},{"damage":0,"enemies":"Blue Slaver","floor":14,"turns":3},{"damage":3,"enemies":"The Guardian","floor":16,"turns":12},{"damage":0,"enemies":"3 Byrds","floor":18,"turns":3},{"damage":22,"enemies":"Spheric Guardian","floor":19,"turns":5},{"damage":32,"enemies":"Slavers","floor":23,"turns":8},{"damage":4,"enemies":"Centurion and Healer","floor":24,"turns":8},{"damage":29,"enemies":"Chosen and Byrds","floor":27,"turns":4}],"event_choices":[{"event_name":"Living Wall","player_choice":"Grow","floor":4,"damage_taken":0},{"event_name":"Purifier","player_choice":"One Purge","floor":13,"damage_taken":0},{"event_name":"Cursed Tome","player_choice":"Obtained Book","floor":20,"damage_taken":0}],"boss_relics":[{"not_picked":["Runic Cube","White Beast Statue"],"picked":"Cursed Key"}],"potions_floor_spawned":[2,6,7,10,11,18,24],"seed_played":"3093101816249730247","killed_by":"Chosen and Byrds","ascension_level":0,"is_trial":false}