{"gold_per_floor":[367,367,8,83,98,98,110,120,143,143,143,143,156,170,170,272,272,282,312,412,426,426],"floor_reached":22,"playtime":895,"items_purged":["Strike_B"],"score":185,"play_id":"659ec3c9-ba2f-4b4c-8065-5b28edc83806","local_time":"20190218215618","is_ascension_mode":true,"campfire_choices":[{"floor":6,"key":"REST"},{"data":"White Noise","floor":12,"key":"SMITH"},{"floor":15,"key":"REST"}],"neow_cost":"CURSE","seed_source_timestamp":41955494806550,"circlet_count":0,"master_deck":["Strike_B","Strike_B","Strike_B","Defend_B","Defend_B","Defend_B","Defend_B","Zap","Dualcast","Shame","Tempest","Regret","Defragment+1","Redo","White Noise+1","Gash","Reinforced Body","Leap","Seek","Leap","Static Discharge","Gash+1"],"relics":["Cracked Core","Bronze Scales","Chemical X","Smiling Mask","Runic Pyramid","Red Mask"],"potions_floor_usage":[16,16,21],"damage_taken":[{"damage":2,"enemies":"2 Louse","floor":1,"turns":4},{"damage":2,"enemies":"Small Slimes","floor":5,"turns":2},{"damage":14,"enemies":"Jaw Worm","floor":7,"turns":2},{"damage":10,"enemies":"2 Fungi Beasts","floor":8,"turns":2},{"damage":17,"enemies":"Exordium Wildlife","floor":13,"turns":3},{"damage":2,"enemies":"Lots of Slimes","floor":14,"turns":3},{"damage":24,"enemies":"The Guardian","floor":16,"turns":7},{"damage":24,"enemies":"3 Byrds","floor":18,"turns":3},{"damage":45,"enemies":"Masked Bandits","floor":19,"turns":5},{"damage":3,"enemies":"Chosen","floor":21,"turns":3},{"damage":17,"enemies":"Centurion and Healer","floor":22,"turns":2}],"seed_played":"-263260520762914535","potions_obtained":[{"floor":1,"key":"Dexterity Potion"},{"floor":14,"key":"EssenceOfSteel"},{"floor":19,"key":"Regen Potion"},{"floor":21,"key":"Swift Potion"}],"is_trial":false,"path_per_floor":["M","?","$","?","M","R","M","M","T","?","$","R","M","M","R","B",null,"M","?","?","M","M"],"character_chosen":"DEFECT","items_purchased":["Defragment","Redo","Chemical X"],"campfire_rested":2,"item_purchase_floors":[3,3,3],"current_hp_per_floor":[73,73,73,62,60,75,61,51,51,51,51,51,34,32,54,30,75,51,6,6,8,0],"gold":426,"neow_bonus":"TWO_FIFTY_GOLD","is_prod":false,"is_daily":false,"chose_seed":false,"campfire_upgraded":1,"win_rate":0,"timestamp":1550548578,"path_taken":["M","?","$","?","M","R","M","M","T","?","?","R","M","M","R","BOSS","M","?","?","M","?"],"build_version":"2019-01-23","purchased_purges":1,"victory":false,"max_hp_per_floor":[75,75,75,75,75,75,75,75,75,75,75,75,75,75,75,75,75,75,75,75,75,75],"card_choices":[{"not_picked":["Beam Cell","Self Repair"],"picked":"Tempest","floor":1},{"not_picked":["Force Field","Streamline"],"picked":"White Noise","floor":5},{"not_picked":["Go for the Eyes","Sweeping Beam"],"picked":"Gash","floor":7},{"not_picked":["Leap","Creative AI"],"picked":"Reinforced Body","floor":8},{"not_picked":["Stack","Rebound"],"picked":"Leap","floor":13},{"not_picked":["Barrage","BootSequence","Scrape"],"picked":"SKIP","floor":14},{"not_picked":["Hyperbeam","Core Surge"],"picked":"Seek","floor":16},{"not_picked":["Self Repair","Recycle"],"picked":"Leap","floor":18},{"not_picked":["Compile Driver","Melter"],"picked":"Static Discharge","floor":19},{"not_picked":["Hologram+1","Barrage"],"picked":"Gash+1","floor":21}],"player_experience":223403,"relics_obtained":[{"floor":9,"key":"Smiling Mask"},{"floor":19,"key":"Red Mask"}],"event_choices":[{"damage_healed":0,"gold_gain":0,"player_choice":"Box","damage_taken":0,"relics_obtained":["Bronze Scales"],"max_hp_gain":0,"max_hp_loss":0,"event_name":"Big Fish","floor":2,"gold_loss":0,"cards_obtained":["Regret"]},{"damage_healed":0,"gold_gain":75,"player_choice":"Gather Gold","damage_taken":11,"max_hp_gain":0,"max_hp_loss":0,"event_name":"World of Goop","floor":4,"gold_loss":0},{"damage_healed":0,"gold_gain":0,"player_choice":"Grow","damage_taken":0,"max_hp_gain":0,"max_hp_loss":0,"event_name":"Living Wall","floor":10,"gold_loss":0,"cards_upgraded":["Defragment"]},{"damage_healed":0,"gold_gain":0,"player_choice":"Fought Bandits","damage_taken":0,"max_hp_gain":0,"max_hp_loss":0,"event_name":"Masked Bandits","floor":19,"gold_loss":0},{"damage_healed":0,"gold_gain":100,"player_choice":"Pray","damage_taken":0,"max_hp_gain":0,"max_hp_loss":0,"event_name":"Golden Shrine","floor":20,"gold_loss":0}],"is_beta":false,"boss_relics":[{"not_picked":["Calling Bell","Busted Crown"],"picked":"Runic Pyramid"}],"items_purged_floors":[3],"is_endless":false,"potions_floor_spawned":[1,14,19,21],"killed_by":"Centurion and Healer","ascension_level":1}