{"gold_per_floor":[112,212,224,59,77,111,129,129,129,129,186,197,217,240,240,339,389,402,415,429,51,51,51,62,62,62,92,92,102,102,119,119,214,214,232,332,342,362,379,397,397],"floor_reached":41,"playtime":2341,"items_purged":["Defend_B","Strike_B"],"score":474,"play_id":"eb9d31c5-95fb-4645-9e30-7c2e59469a8c","local_time":"20181208093316","is_ascension_mode":false,"campfire_choices":[{"data":"Zap","floor":8,"key":"SMITH"},{"data":"Genetic Algorithm","floor":10,"key":"SMITH"},{"data":"Dualcast","floor":15,"key":"SMITH"},{"data":"Conserve Battery","floor":23,"key":"SMITH"},{"data":"Ball Lightning","floor":25,"key":"SMITH"},{"floor":32,"key":"REST"}],"neow_cost":"NONE","seed_source_timestamp":95830783375900,"circlet_count":0,"master_deck":["Defend_B","Defend_B","Defend_B","Zap+1","Dualcast+1","Sweeping Beam","Genetic Algorithm+1","Conserve Battery+1","Panacea","Cold Snap","Reinforced Body","Coolheaded","Ball Lightning+1","Seek","Conserve Battery","Go for the Eyes","Echo Form+1","Cold Snap","Ball Lightning+1","Leap","FTL","Bite","Bite","Bite","Bite","Bite","Core Surge","Ball Lightning+1","Turbo+1","Electrodynamics","Cold Snap+1","Loop+1","Leap","Hologram+1","Cold Snap+1"],"relics":["Cracked Core","Shuriken","Ginger","Odd Mushroom","Tiny House","Runic Capacitor","Letter Opener","Tiny Chest","Inserter"],"potions_floor_usage":[24,38,38],"damage_taken":[{"damage":1,"enemies":"Jaw Worm","floor":1,"turns":3},{"damage":1,"enemies":"Cultist","floor":3,"turns":3},{"damage":1,"enemies":"2 Louse","floor":5,"turns":2},{"damage":19,"enemies":"3 Sentries","floor":6,"turns":8},{"damage":0,"enemies":"Blue Slaver","floor":7,"turns":3},{"damage":19,"enemies":"Lagavulin Event","floor":11,"turns":8},{"damage":8,"enemies":"3 Louse","floor":12,"turns":3},{"damage":0,"enemies":"2 Fungi Beasts","floor":13,"turns":3},{"damage":0,"enemies":"The Mushroom Lair","floor":14,"turns":4},{"damage":6,"enemies":"Hexaghost","floor":16,"turns":11},{"damage":0,"enemies":"3 Byrds","floor":18,"turns":4},{"damage":33,"enemies":"2 Thieves","floor":19,"turns":4},{"damage":4,"enemies":"3 Cultists","floor":20,"turns":6},{"damage":7,"enemies":"Centurion and Healer","floor":24,"turns":8},{"damage":19,"enemies":"Colosseum Slavers","floor":28,"turns":3},{"damage":14,"enemies":"Snecko","floor":29,"turns":6},{"damage":3,"enemies":"Sentry and Sphere","floor":31,"turns":5},{"damage":25,"enemies":"Collector","floor":33,"turns":8},{"damage":6,"enemies":"Orb Walker","floor":35,"turns":4},{"damage":27,"enemies":"3 Darklings","floor":37,"turns":6},{"damage":32,"enemies":"Writhing Mass","floor":38,"turns":8},{"damage":0,"enemies":"Maw","floor":39,"turns":9},{"damage":13,"enemies":"Spire Growth","floor":40,"turns":7},{"damage":28,"enemies":"3 Darklings","floor":41,"turns":3}],"seed_played":"6767278054734242331","potions_obtained":[{"floor":1,"key":"SteroidPotion"},{"floor":5,"key":"Ancient Potion"},{"floor":13,"key":"Swift Potion"},{"floor":16,"key":"Fire Potion"},{"floor":24,"key":"PowerPotion"},{"floor":33,"key":"PowerPotion"},{"floor":38,"key":"Weak Potion"}],"is_trial":false,"path_per_floor":["M","?","M","$","M","E","M","R","T","R","?","M","M","?","R","B",null,"M","M","M","$","?","R","M","R","T","?","?","M","$","M","R","B",null,"M","?","M","M","M","M","M"],"character_chosen":"DEFECT","items_purchased":["Panacea","Runic Capacitor","FTL"],"campfire_rested":1,"item_purchase_floors":[4,21,21],"current_hp_per_floor":[74,74,73,73,72,53,53,53,53,53,34,26,26,26,26,20,80,80,47,43,43,43,43,52,52,52,52,39,29,29,34,50,45,56,52,52,29,15,31,24,0],"gold":397,"neow_bonus":"THREE_CARDS","is_prod":false,"is_daily":false,"chose_seed":false,"campfire_upgraded":5,"win_rate":0,"timestamp":1544257996,"path_taken":["M","?","M","?","?","E","M","R","T","R","?","M","M","?","R","BOSS","M","M","M","$","?","R","M","R","T","?","?","M","$","M","R","BOSS","M","?","M","?","?","M","?"],"build_version":"2018-12-06","purchased_purges":2,"victory":false,"max_hp_per_floor":[75,75,75,75,75,75,75,75,75,75,75,75,75,75,75,75,80,80,80,80,80,56,56,56,56,56,56,56,56,56,56,56,56,56,56,56,56,56,56,56,56],"card_choices":[{"not_picked":["Go for the Eyes","Heatsinks"],"picked":"Sweeping Beam","floor":0},{"not_picked":["Stack","Lockon"],"picked":"Genetic Algorithm","floor":1},{"not_picked":["Stack","Cold Snap"],"picked":"Conserve Battery","floor":3},{"not_picked":["Blizzard","Rebound"],"picked":"Cold Snap","floor":5},{"not_picked":["Beam Cell","Compile Driver"],"picked":"Reinforced Body","floor":6},{"not_picked":["Streamline","Hello World"],"picked":"Coolheaded","floor":7},{"not_picked":["Heatsinks","Turbo"],"picked":"Ball Lightning","floor":11},{"not_picked":["Streamline","Turbo"],"picked":"Seek","floor":12},{"not_picked":["Consume","Turbo"],"picked":"Conserve Battery","floor":13},{"not_picked":["Redo","Heatsinks"],"picked":"Go for the Eyes","floor":14},{"not_picked":["Electrodynamics","Core Surge"],"picked":"Echo Form","floor":16},{"not_picked":["Leap","Streamline"],"picked":"Cold Snap","floor":17},{"not_picked":["Sweeping Beam","FTL"],"picked":"Ball Lightning+1","floor":18},{"not_picked":["Streamline","Recycle+1"],"picked":"Leap","floor":19},{"not_picked":["Gash","Steam","Rip and Tear+1"],"picked":"SKIP","floor":20},{"not_picked":["Gash","Ball Lightning"],"picked":"Core Surge","floor":24},{"not_picked":["Turbo","Hello World+1"],"picked":"Ball Lightning+1","floor":29},{"not_picked":["Conserve Battery","Stack"],"picked":"Turbo+1","floor":31},{"not_picked":["All For One","Multi-Cast"],"picked":"Electrodynamics","floor":33},{"not_picked":["Darkness","Steam Power"],"picked":"Cold Snap+1","floor":35},{"not_picked":["Stack+1","Sweeping Beam"],"picked":"Loop+1","floor":37},{"not_picked":["Barrage","Rebound+1"],"picked":"Leap","floor":38},{"not_picked":["Coolheaded","Barrage"],"picked":"Hologram+1","floor":39},{"not_picked":["Hyperbeam","Conserve Battery"],"picked":"Cold Snap+1","floor":40}],"player_experience":234573,"relics_obtained":[{"floor":6,"key":"Shuriken"},{"floor":14,"key":"Odd Mushroom"},{"floor":26,"key":"Letter Opener"}],"event_choices":[{"damage_healed":0,"gold_gain":100,"player_choice":"Pray","damage_taken":0,"max_hp_gain":0,"max_hp_loss":0,"event_name":"Golden Shrine","floor":2,"gold_loss":0},{"damage_healed":0,"gold_gain":30,"player_choice":"Searched \u00273\u0027 times","damage_taken":0,"relics_obtained":["Ginger"],"max_hp_gain":0,"max_hp_loss":0,"event_name":"Dead Adventurer","floor":11,"gold_loss":0},{"damage_healed":0,"gold_gain":0,"player_choice":"Fought Mushrooms","damage_taken":0,"max_hp_gain":0,"max_hp_loss":0,"event_name":"Mushrooms","floor":14,"gold_loss":0},{"damage_healed":0,"gold_gain":0,"player_choice":"Became a vampire","damage_taken":0,"max_hp_gain":0,"max_hp_loss":24,"event_name":"Vampires","floor":22,"gold_loss":0,"cards_obtained":["Bite","Bite","Bite","Bite","Bite"]},{"damage_healed":0,"gold_gain":0,"player_choice":"Opened","damage_taken":0,"relics_obtained":["Tiny Chest"],"max_hp_gain":0,"max_hp_loss":0,"event_name":"The Mausoleum","floor":27,"gold_loss":0},{"damage_healed":0,"gold_gain":0,"player_choice":"Fight","damage_taken":0,"max_hp_gain":0,"max_hp_loss":0,"event_name":"Colosseum","floor":28,"gold_loss":0},{"damage_healed":0,"gold_gain":0,"player_choice":"Fled From Nobs","damage_taken":0,"max_hp_gain":0,"max_hp_loss":0,"event_name":"Colosseum","floor":28,"gold_loss":0},{"damage_healed":0,"gold_gain":100,"player_choice":"Pray","damage_taken":0,"max_hp_gain":0,"max_hp_loss":0,"event_name":"Golden Shrine","floor":36,"gold_loss":0}],"is_beta":false,"boss_relics":[{"not_picked":["Ectoplasm","Lizard Tail"],"picked":"Tiny House"},{"not_picked":["Snecko Eye","Empty Cage"],"picked":"Inserter"}],"items_purged_floors":[4,21],"is_endless":false,"potions_floor_spawned":[1,5,13,16,19,24,33,37,38],"killed_by":"3 Darklings","ascension_level":0}