{"gold_per_floor":[213,213,227,102,112,129,129,139,139,139,154,154,154,11,11,115,115,134,152,187,20,37,37,37],"floor_reached":24,"playtime":1212,"items_purged":["Strike_B","Defend_B"],"score":188,"play_id":"8a94529c-37ea-4d80-8c29-2ceba7df1aa8","local_time":"20181125011532","is_ascension_mode":false,"campfire_choices":[{"data":"Fusion","floor":7,"key":"SMITH"},{"data":"Redo","floor":10,"key":"SMITH"},{"floor":15,"key":"REST"},{"floor":23,"key":"REST"}],"neow_cost":"NONE","seed_source_timestamp":797972059967873,"circlet_count":0,"master_deck":["Strike_B","Strike_B","Strike_B","Defend_B","Defend_B","Defend_B","Zap","Dualcast","Cold Snap","Conserve Battery","Fusion+1","Reinforced Body","Redo+1","Reboot+1","Ball Lightning+1","Auto Shields+1","Glacier+1","Glacier+1"],"relics":["Cracked Core","Shuriken","Mummified Hand","Toxic Egg 2","Juzu Bracelet","Inserter","Red Mask"],"potions_floor_usage":[5,20,24],"damage_taken":[{"damage":1,"enemies":"Jaw Worm","floor":1,"turns":4},{"damage":0,"enemies":"Cultist","floor":3,"turns":3},{"damage":0,"enemies":"2 Louse","floor":5,"turns":1},{"damage":17,"enemies":"Exordium Wildlife","floor":6,"turns":8},{"damage":11,"enemies":"Exordium Thugs","floor":8,"turns":6},{"damage":6,"enemies":"Large Slime","floor":11,"turns":11},{"damage":39,"enemies":"The Guardian","floor":16,"turns":22},{"damage":19,"enemies":"Chosen","floor":18,"turns":6},{"damage":0,"enemies":"3 Byrds","floor":19,"turns":5},{"damage":29,"enemies":"Masked Bandits","floor":20,"turns":4},{"damage":15,"enemies":"Snake Plant","floor":22,"turns":6},{"damage":54,"enemies":"3 Cultists","floor":24,"turns":9}],"seed_played":"4659628998180021787","potions_obtained":[{"floor":1,"key":"AttackPotion"},{"floor":8,"key":"Regen Potion"},{"floor":11,"key":"Explosive Potion"}],"is_trial":false,"path_per_floor":["M","?","M","$","M","M","R","M","T","R","M","T","T","$","R","B",null,"M","M","?","$","M","R","M"],"character_chosen":"DEFECT","items_purchased":["Explosive Potion","Juzu Bracelet","Glacier+1"],"campfire_rested":2,"item_purchase_floors":[4,14,21],"current_hp_per_floor":[74,74,74,74,74,57,57,46,46,46,40,40,40,40,62,23,75,56,56,27,27,12,34,0],"gold":37,"neow_bonus":"HUNDRED_GOLD","is_prod":false,"is_daily":false,"chose_seed":false,"campfire_upgraded":2,"win_rate":0,"timestamp":1543126532,"path_taken":["M","?","M","$","M","M","R","?","T","R","M","?","?","?","R","BOSS","M","M","?","$","M","R","M"],"build_version":"2018-11-15","purchased_purges":2,"victory":false,"max_hp_per_floor":[75,75,75,75,75,75,75,75,75,75,75,75,75,75,75,75,75,75,75,75,75,75,75,75],"card_choices":[{"not_picked":["Double Energy","Turbo"],"picked":"Cold Snap","floor":1},{"not_picked":["Sweeping Beam","Barrage"],"picked":"Conserve Battery","floor":3},{"not_picked":["Tempest","Skim"],"picked":"Fusion","floor":5},{"not_picked":["Hologram","Gash"],"picked":"Reinforced Body","floor":6},{"not_picked":["Compile Driver","Steam"],"picked":"Redo","floor":8},{"not_picked":["Sweeping Beam","Stack","Redo"],"picked":"SKIP","floor":11},{"not_picked":["Hyperbeam","Machine Learning"],"picked":"Reboot+1","floor":16},{"not_picked":["Sunder","Cold Snap+1"],"picked":"Ball Lightning+1","floor":18},{"not_picked":["Turbo+1","Sweeping Beam+1","Double Energy+1"],"picked":"SKIP","floor":19},{"not_picked":["FTL+1","Double Energy+1"],"picked":"Auto Shields+1","floor":20},{"not_picked":["Conserve Battery+1","Barrage"],"picked":"Glacier+1","floor":22}],"player_experience":381637,"relics_obtained":[{"floor":12,"key":"Mummified Hand"},{"floor":13,"key":"Toxic Egg 2"},{"floor":20,"key":"Red Mask"}],"event_choices":[{"damage_healed":0,"gold_gain":0,"player_choice":"Gave Potion","damage_taken":0,"relics_obtained":["Shuriken"],"max_hp_gain":0,"max_hp_loss":0,"event_name":"WeMeetAgain","floor":2,"gold_loss":0},{"damage_healed":0,"gold_gain":0,"player_choice":"Fought Bandits","damage_taken":0,"max_hp_gain":0,"max_hp_loss":0,"event_name":"Masked Bandits","floor":20,"gold_loss":0}],"is_beta":true,"boss_relics":[{"not_picked":["Velvet Choker","Pandora\u0027s Box"],"picked":"Inserter"}],"items_purged_floors":[4,21],"is_endless":false,"potions_floor_spawned":[1,8,11],"killed_by":"3 Cultists","ascension_level":0}