{"path_per_floor":["M","?","M","$","M","R","E","M","T","M","R","M","$","?","R","B",null,"M","M","?","M","M","M","R","M","T","R","$","R","T","M","R"],"character_chosen":"THE_SILENT","items_purchased":["Shovel","Poisoned Stab","Footwork","Regen Potion","Block Potion"],"gold_per_floor":[363,438,449,41,60,60,85,98,98,118,118,133,14,14,14,115,115,132,149,99,112,124,143,143,159,159,159,11,11,11,31,31],"floor_reached":33,"campfire_rested":4,"playtime":3060,"current_hp_per_floor":[59,48,48,48,46,46,44,22,22,22,22,15,15,15,33,27,63,52,52,52,30,23,3,21,8,8,26,26,44,44,51,51],"items_purged":["Strike_G","Strike_G","Strike_G"],"gold":31,"play_id":"a6685d2d-411e-46e0-80f3-4e707c66520b","is_prod":false,"is_daily":false,"campfire_rituals":0,"campfire_upgraded":1,"is_hardmode":false,"path_taken":["M","?","M","$","M","R","E","M","T","?","R","M","$","?","R","BOSS","M","M","?","M","?","?","R","M","T","R","$","R","?","M","R","BOSS"],"build_version":"2018-01-18-PROD3","purchased_purges":3,"victory":false,"master_deck":["Defend_G","Defend_G","Defend_G","Defend_G","Defend_G","Strike_G","Strike_G","Survivor","Neutralize","Bouncing Flask","Dodge and Roll","Poisoned Stab","Catalyst","Acrobatics","Dagger Throw","Backflip","Prepared","Footwork","Swift Strike","Neutralize","Die Die Die","Escape Plan","Deadly Poison","Adrenaline","Bane","Bouncing Flask","Footwork","Backstab"],"max_hp_per_floor":[63,63,63,63,63,63,63,63,63,63,63,63,63,63,63,63,63,63,63,63,63,63,63,63,63,63,63,63,63,63,63,63],"relics":["Ring of the Snake","Shovel","Girya","Smiling Mask","Toxic Egg","Darkstone Periapt","Velvet Choker","Tough Bandages","Bird Faced Urn"],"campfire_meditates":0,"card_choices":[{"not_picked":["Crippling Poison","Quick Slash"],"picked":"Bouncing Flask"},{"not_picked":["Riddle With Holes","Eviscerate"],"picked":"Dodge and Roll"},{"not_picked":["Acrobatics","Eviscerate"],"picked":"Catalyst"},{"not_picked":["Finisher","Doppelganger"],"picked":"Acrobatics"},{"not_picked":["Quick Slash","Heel Hook"],"picked":"Dagger Throw"},{"not_picked":["Blade Dance","Quick Slash"],"picked":"Backflip"},{"not_picked":["Dodge and Roll","Choke"],"picked":"Prepared"},{"not_picked":["Glass Knife","Wraith Form"],"picked":"Die Die Die"},{"not_picked":["Eviscerate","Backstab"],"picked":"Escape Plan"},{"not_picked":["Outmaneuver","Prepared"],"picked":"Deadly Poison"},{"not_picked":["Backstab","Deadly Poison"],"picked":"Adrenaline"},{"not_picked":["Reflex","PiercingWail"],"picked":"Bane"},{"not_picked":["Underhanded Strike","Heel Hook"],"picked":"Bouncing Flask"},{"not_picked":["Backflip","Backstab"],"picked":"Footwork"},{"not_picked":["Heel Hook","Quick Slash"],"picked":"Backstab"}],"player_experience":44709,"potions_floor_usage":[7,10,18,18,31,31,33],"damage_taken":[{"damage":4,"enemies":"Cultist","floor":1,"turns":5},{"damage":0,"enemies":"Jaw Worm","floor":3,"turns":5},{"damage":2,"enemies":"Small Slimes","floor":5,"turns":5},{"damage":2,"enemies":"Gremlin Nob","floor":7,"turns":4},{"damage":22,"enemies":"Gremlin Gang","floor":8,"turns":10},{"damage":0,"enemies":"Looter","floor":10,"turns":1},{"damage":7,"enemies":"Red Slaver","floor":12,"turns":5},{"damage":6,"enemies":"Hexaghost","floor":16,"turns":7},{"damage":11,"enemies":"2 Thieves","floor":18,"turns":5},{"damage":0,"enemies":"Chosen","floor":19,"turns":5},{"damage":22,"enemies":"3 Cultists","floor":21,"turns":9},{"damage":7,"enemies":"Snake Plant","floor":22,"turns":4},{"damage":20,"enemies":"Chosen and Byrds","floor":23,"turns":5},{"damage":13,"enemies":"Snecko","floor":25,"turns":4},{"damage":12,"enemies":"Slaver and Parasite","floor":31,"turns":5},{"damage":75,"enemies":"Collector","floor":33,"turns":5}],"event_choices":[{"event_name":"World of Goop","player_choice":"Gather Gold","floor":2,"damage_taken":0},{"event_name":"Match and Keep!","player_choice":"2 cards matched","floor":14,"damage_taken":0},{"event_name":"The Joust","player_choice":"Bet on Murderer","floor":20,"damage_taken":0}],"boss_relics":[{"not_picked":["Runic Pyramid","Question Card"],"picked":"Velvet Choker"}],"potions_floor_spawned":[1,8,12,16,21,31],"seed_played":"-4611248485858680650","killed_by":"Collector","is_trial":false}