{"gold_per_floor":[369,444,196,196,196,196,161,161,188,188,203,6,22,40,40,160,160,185,201,217,241,241],"floor_reached":22,"playtime":872,"items_purged":[],"score":176,"play_id":"78bd2bf4-1ca8-47d5-bf18-39f11b9a4968","local_time":"20190219115414","is_ascension_mode":false,"campfire_choices":[{"floor":6,"key":"REST"},{"data":"Cloak And Dagger","floor":8,"key":"SMITH"},{"data":"Accuracy","floor":15,"key":"SMITH"}],"neow_cost":"TEN_PERCENT_HP_LOSS","seed_source_timestamp":11773320004976,"circlet_count":0,"master_deck":["Defend_G","Defend_G","Defend_G","Defend_G","Defend_G","Strike_G","Strike_G","Strike_G","Strike_G","Strike_G","Survivor","Neutralize","Cloak And Dagger+1","Flying Knee","Accuracy+1","Corpse Explosion","PiercingWail","Dodge and Roll","A Thousand Cuts","Outmaneuver","Finisher","Dagger Spray+1","Accuracy"],"relics":["Ring of the Snake","Shuriken","Golden Idol","Boot","Sozu"],"potions_floor_usage":[22],"damage_taken":[{"damage":2,"enemies":"Small Slimes","floor":1,"turns":5},{"damage":0,"enemies":"Jaw Worm","floor":11,"turns":3},{"damage":0,"enemies":"2 Louse","floor":13,"turns":3},{"damage":0,"enemies":"2 Fungi Beasts","floor":14,"turns":2},{"damage":46,"enemies":"The Guardian","floor":16,"turns":14},{"damage":7,"enemies":"Shell Parasite","floor":18,"turns":5},{"damage":8,"enemies":"Chosen","floor":19,"turns":5},{"damage":28,"enemies":"Snake Plant","floor":20,"turns":5},{"damage":30,"enemies":"Snecko","floor":21,"turns":6},{"damage":9,"enemies":"Centurion and Healer","floor":22,"turns":5}],"seed_played":"1166853134575339335","potions_obtained":[{"floor":1,"key":"SteroidPotion"},{"floor":14,"key":"FairyPotion"}],"is_trial":false,"path_per_floor":["M","?","$","?","?","R","?","R","T","?","M","$","M","M","R","B",null,"M","M","M","M","M"],"character_chosen":"THE_SILENT","items_purchased":["Shuriken","Accuracy","Corpse Explosion","PiercingWail"],"campfire_rested":1,"item_purchase_floors":[3,12,12,12],"current_hp_per_floor":[61,50,50,50,35,53,63,63,63,63,63,63,63,63,63,17,63,56,48,20,6,0],"gold":241,"neow_bonus":"TWO_FIFTY_GOLD","is_prod":false,"is_daily":false,"chose_seed":false,"campfire_upgraded":2,"win_rate":0,"timestamp":1550598854,"path_taken":["M","?","$","?","?","R","?","R","T","?","M","$","?","M","R","BOSS","M","M","M","M","M"],"build_version":"2019-01-23","purchased_purges":0,"victory":false,"max_hp_per_floor":[63,63,63,63,63,63,63,63,63,63,63,63,63,63,63,63,63,63,63,63,63,63],"card_choices":[{"not_picked":["Calculated Gamble","Concentrate"],"picked":"Cloak And Dagger","floor":1},{"not_picked":["Deflect","Endless Agony"],"picked":"Flying Knee","floor":11},{"not_picked":["Deflect","Quick Slash","Acrobatics"],"picked":"SKIP","floor":13},{"not_picked":["Sucker Punch","Bane"],"picked":"Dodge and Roll","floor":14},{"not_picked":["Grand Finale","Tools of the Trade"],"picked":"A Thousand Cuts","floor":16},{"not_picked":["Deflect","Dash"],"picked":"Outmaneuver","floor":18},{"not_picked":["Skewer","Flying Knee+1"],"picked":"Finisher","floor":19},{"not_picked":["Outmaneuver","Dodge and Roll"],"picked":"Dagger Spray+1","floor":20},{"not_picked":["Dagger Throw","Bouncing Flask"],"picked":"Accuracy","floor":21}],"player_experience":243935,"relics_obtained":[{"floor":9,"key":"Boot"}],"event_choices":[{"damage_healed":0,"gold_gain":75,"player_choice":"Gather Gold","damage_taken":11,"max_hp_gain":0,"max_hp_loss":0,"event_name":"World of Goop","floor":2,"gold_loss":0},{"damage_healed":0,"gold_gain":0,"player_choice":"Ignored","damage_taken":0,"max_hp_gain":0,"max_hp_loss":0,"event_name":"Liars Game","floor":4,"gold_loss":0},{"damage_healed":0,"gold_gain":0,"player_choice":"Take Damage","damage_taken":15,"relics_obtained":["Golden Idol"],"max_hp_gain":0,"max_hp_loss":0,"event_name":"Golden Idol","floor":5,"gold_loss":0},{"damage_healed":15,"gold_gain":0,"player_choice":"Healed","damage_taken":0,"max_hp_gain":0,"max_hp_loss":0,"event_name":"The Cleric","floor":7,"gold_loss":35},{"damage_healed":0,"gold_gain":0,"player_choice":"Ignored","damage_taken":0,"max_hp_gain":0,"max_hp_loss":0,"event_name":"Golden Wing","floor":10,"gold_loss":0}],"is_beta":false,"boss_relics":[{"not_picked":["Calling Bell","Runic Pyramid"],"picked":"Sozu"}],"items_purged_floors":[],"is_endless":false,"potions_floor_spawned":[1,14],"killed_by":"Centurion and Healer","ascension_level":0}