{"gold_per_floor":[110,110,123,73,88,88,114,126,153,153,153,187,187,202,202,297,297,317,328,328,340,255,255,289,289,289,317,13,30,48,0,0,97,97,109,109,109,109,21,21,0,0,25,25,51,51,64,97,97,97,97,97,47,78,78],"floor_reached":56,"playtime":10272,"items_purged":["Strike_G","Strike_G","Defend_G+1","Survivor+1"],"score":1632,"play_id":"5a256e52-32fd-4287-b977-3b58aa887976","local_time":"20190122125222","is_ascension_mode":true,"campfire_choices":[{"floor":6.0,"key":"REST"},{"floor":10.0,"key":"REST"},{"floor":13.0,"key":"REST"},{"floor":15.0,"key":"REST"},{"data":"Storm of Steel","floor":23.0,"key":"SMITH"},{"data":"Accuracy","floor":25.0,"key":"SMITH"},{"data":"Bullet Time","floor":32.0,"key":"SMITH"},{"floor":40.0,"key":"RECALL"},{"data":"Footwork","floor":42.0,"key":"SMITH"},{"data":"Finesse","floor":44.0,"key":"SMITH"},{"floor":46.0,"key":"REST"},{"floor":49.0,"key":"REST"},{"floor":52.0,"key":"REST"}],"neow_cost":"PERCENT_DAMAGE","seed_source_timestamp":417411067295300,"circlet_count":0,"master_deck":["Defend_G+1","Defend_G+1","Defend_G+1","Neutralize+1","Storm of Steel+1","Predator+1","Backflip+1","Cloak And Dagger+1","Blade Dance+1","Terror+1","Accuracy+1","Cloak And Dagger+1","Bullet Time+1","Caltrops+1","Blur+1","Footwork+1","Outmaneuver+1","Flying Knee+1","Tools of the Trade+1","Acrobatics+1","Finesse+1","Footwork+1","Blur+1","Accuracy"],"special_seed":0,"relics":["Ring of the Snake","Smiling Mask","Dream Catcher","Bag of Preparation","Strawberry","Runic Pyramid","Tough Bandages","Bottled Tornado","Mummified Hand","Lee\u0027s Waffle","Black Star","Mark of the Bloom","Red Mask","Bottled Lightning","Ancient Tea Set","Omamori","Potion Belt","Pantograph","Blue Candle"],"potions_floor_usage":[55,55,55],"damage_taken":[{"damage":1.0,"enemies":"Small Slimes","floor":1.0,"turns":3.0},{"damage":1.0,"enemies":"Jaw Worm","floor":3.0,"turns":3.0},{"damage":1.0,"enemies":"2 Louse","floor":5.0,"turns":2.0},{"damage":24.0,"enemies":"Gremlin Nob","floor":7.0,"turns":5.0},{"damage":1.0,"enemies":"Blue Slaver","floor":8.0,"turns":4.0},{"damage":19.0,"enemies":"Lagavulin","floor":12.0,"turns":6.0},{"damage":22.0,"enemies":"Exordium Wildlife","floor":14.0,"turns":6.0},{"damage":28.0,"enemies":"Hexaghost","floor":16.0,"turns":13.0},{"damage":3.0,"enemies":"3 Byrds","floor":18.0,"turns":4.0},{"damage":0.0,"enemies":"Spheric Guardian","floor":19.0,"turns":3.0},{"damage":18.0,"enemies":"3 Cultists","floor":21.0,"turns":5.0},{"damage":0.0,"enemies":"Book of Stabbing","floor":24.0,"turns":3.0},{"damage":10.0,"enemies":"Gremlin Leader","floor":27.0,"turns":4.0},{"damage":0.0,"enemies":"Snecko","floor":29.0,"turns":4.0},{"damage":0.0,"enemies":"Shelled Parasite and Fungi","floor":30.0,"turns":2.0},{"damage":36.0,"enemies":"Champ","floor":33.0,"turns":11.0},{"damage":0.0,"enemies":"3 Darklings","floor":35.0,"turns":7.0},{"damage":0.0,"enemies":"Giant Head","floor":45.0,"turns":4.0},{"damage":0.0,"enemies":"Orb Walker","floor":47.0,"turns":2.0},{"damage":0.0,"enemies":"Reptomancer","floor":48.0,"turns":4.0},{"damage":2.0,"enemies":"Donu and Deca","floor":50.0,"turns":8.0},{"damage":0,"enemies":"Shield and Spear","floor":54,"turns":6},{"damage":62,"enemies":"The Heart","floor":55,"turns":8}],"seed_played":"-3279737838245825210","potions_obtained":[{"floor":1.0,"key":"FairyPotion"},{"floor":7.0,"key":"Explosive Potion"},{"floor":12.0,"key":"Swift Potion"},{"floor":19.0,"key":"Ancient Potion"},{"floor":24.0,"key":"Weak Potion"},{"floor":30.0,"key":"SkillPotion"},{"floor":33.0,"key":"Energy Potion"},{"floor":35.0,"key":"Fire Potion"},{"floor":48.0,"key":"Fire Potion"}],"is_trial":false,"path_per_floor":["M","?","M","?","M","R","E","M","T","R","?","E","R","M","R","B",null,"M","M","?","M","$","R","E","R","T","E","$","M","M","$","R","B",null,"M","?","?","?","$","R","?","R","T","R","E","R","M","E","R","B",null,"R","$","E","B",null],"character_chosen":"THE_SILENT","items_purchased":["Footwork","Outmaneuver","Lee\u0027s Waffle","Flying Knee","Footwork"],"campfire_rested":7,"item_purchase_floors":[22,28,28,31,39],"current_hp_per_floor":[44,37,36,36,35,56,32,31,31,52,40,28,51,29,52,24,64,61,61,61,43,43,43,43,43,43,33,84,84,84,84,84,48,75,75,75,75,75,75,75,75,75,75,75,75,75,75,75,75,73,73,73,73,73,11],"gold":78,"neow_bonus":"TRANSFORM_TWO_CARDS","is_prod":false,"is_daily":false,"chose_seed":false,"campfire_upgraded":5,"win_rate":0,"timestamp":1548186742,"path_taken":["M","?","M","?","M","R","E","M","T","R","?","E","R","M","R","BOSS","M","M","?","M","$","R","E","R","T","E","$","M","M","?","R","BOSS","M","?","?","?","$","R","?","R","T","R","E","R","M","E","R","BOSS","R","$","E","BOSS"],"build_version":"2019-01-17v2","purchased_purges":4,"victory":true,"max_hp_per_floor":[70,70,70,70,70,70,70,70,70,70,70,77,77,77,77,77,77,77,77,77,77,77,77,77,77,77,77,84,84,84,84,84,84,84,84,84,80,80,80,80,80,80,80,80,80,80,80,80,80,80,80,80,80,80,80],"card_choices":[{"not_picked":["Outmaneuver","Calculated Gamble"],"picked":"Backflip","floor":1.0},{"not_picked":["Catalyst","Crippling Poison"],"picked":"Cloak And Dagger","floor":3.0},{"not_picked":["PiercingWail","Prepared"],"picked":"Blade Dance","floor":5.0},{"not_picked":["Heel Hook","Acrobatics","Dodge and Roll"],"picked":"SKIP","floor":7.0},{"not_picked":["Bane","Bouncing Flask"],"picked":"Terror","floor":8.0},{"not_picked":["Masterful Stab","Flechettes","Bouncing Flask"],"picked":"SKIP","floor":12.0},{"not_picked":["Eviscerate","Sucker Punch"],"picked":"Accuracy","floor":13.0},{"not_picked":["Flying Knee","Choke","Dagger Throw"],"picked":"SKIP","floor":14.0},{"not_picked":["Bane","Sucker Punch"],"picked":"Cloak And Dagger","floor":15.0},{"not_picked":["Unload","Grand Finale"],"picked":"Bullet Time","floor":16.0},{"not_picked":["Acrobatics","Poisoned Stab","Bane+1"],"picked":"SKIP","floor":18.0},{"not_picked":["Quick Slash","Eviscerate"],"picked":"Caltrops+1","floor":19.0},{"not_picked":["Well Laid Plans","Deflect","Dagger Spray"],"picked":"SKIP","floor":21.0},{"not_picked":["Noxious Fumes","Well Laid Plans","Dodge and Roll"],"picked":"SKIP","floor":24.0},{"not_picked":["Concentrate","Dagger Spray","Tactician"],"picked":"SKIP","floor":27.0},{"not_picked":["Finisher","Riddle With Holes+1","Leg Sweep"],"picked":"SKIP","floor":29.0},{"not_picked":["PiercingWail","Poisoned Stab","Distraction"],"picked":"SKIP","floor":30.0},{"not_picked":["Bullet Time","After Image"],"picked":"Tools of the Trade","floor":33.0},{"not_picked":["Deadly Poison","Well Laid Plans"],"picked":"Acrobatics+1","floor":35.0},{"not_picked":["Swift Strike","HandOfGreed"],"picked":"Finesse","floor":38.0},{"not_picked":["Heel Hook","Outmaneuver","Glass Knife"],"picked":"SKIP","floor":45.0},{"not_picked":["Dagger Throw","PiercingWail+1","Poisoned Stab+1"],"picked":"SKIP","floor":47.0},{"not_picked":["Catalyst","Die Die Die","Bane+1"],"picked":"SKIP","floor":48.0},{"not_picked":["Bane+1","Dodge and Roll"],"picked":"Blur+1","floor":52.0},{"not_picked":["Dagger Spray+1","Backflip+1"],"picked":"Accuracy","floor":54}],"player_experience":375637,"relics_obtained":[{"floor":7.0,"key":"Smiling Mask"},{"floor":9.0,"key":"Dream Catcher"},{"floor":12.0,"key":"Strawberry"},{"floor":24.0,"key":"Tough Bandages"},{"floor":26.0,"key":"Bottled Tornado"},{"floor":27.0,"key":"Mummified Hand"},{"floor":45.0,"key":"Bottled Lightning"},{"floor":45.0,"key":"Ancient Tea Set"},{"floor":48.0,"key":"Omamori"},{"floor":48.0,"key":"Potion Belt"},{"floor":54,"key":"Pantograph"},{"floor":54,"key":"Blue Candle"}],"event_choices":[{"cards_removed":["Defend_G"],"damage_healed":0.0,"max_hp_gain":0.0,"max_hp_loss":0.0,"gold_gain":0.0,"event_name":"Golden Wing","player_choice":"Card Removal","floor":2.0,"gold_loss":0.0,"damage_taken":7.0},{"cards_removed":["Strike_G"],"damage_healed":0.0,"max_hp_gain":0.0,"max_hp_loss":0.0,"gold_gain":0.0,"event_name":"The Cleric","player_choice":"Card Removal","floor":4.0,"gold_loss":50.0,"damage_taken":0.0},{"damage_healed":0.0,"max_hp_gain":0.0,"max_hp_loss":0.0,"gold_gain":0.0,"event_name":"Scrap Ooze","player_choice":"Success","floor":11.0,"gold_loss":0.0,"damage_taken":12.0,"relics_obtained":["Bag of Preparation"]},{"damage_healed":0.0,"max_hp_gain":0.0,"max_hp_loss":0.0,"gold_gain":0.0,"event_name":"The Library","player_choice":"Read","floor":20.0,"gold_loss":0.0,"damage_taken":0.0,"cards_obtained":["Blur"]},{"damage_healed":0.0,"max_hp_gain":0.0,"max_hp_loss":0.0,"gold_gain":0.0,"event_name":"MindBloom","player_choice":"Upgrade","floor":36.0,"gold_loss":0.0,"damage_taken":0.0,"cards_upgraded":["Defend_G","Defend_G","Defend_G","Defend_G","Survivor","Neutralize","Predator","Backflip","Cloak And Dagger","Blade Dance","Terror","Cloak And Dagger","Blur","Footwork","Outmaneuver","Flying Knee","Tools of the Trade"],"relics_obtained":["Mark of the Bloom"]},{"damage_healed":0.0,"max_hp_gain":0.0,"max_hp_loss":4.0,"gold_gain":0.0,"event_name":"Winding Halls","player_choice":"Max HP","floor":37.0,"gold_loss":0.0,"damage_taken":0.0},{"damage_healed":0.0,"max_hp_gain":0.0,"max_hp_loss":0.0,"gold_gain":0.0,"event_name":"SensoryStone","player_choice":"Memory 1","floor":38.0,"gold_loss":0.0,"damage_taken":0.0},{"damage_healed":0.0,"max_hp_gain":0.0,"max_hp_loss":0.0,"gold_gain":0.0,"event_name":"Tomb of Lord Red Mask","player_choice":"Paid","floor":41.0,"gold_loss":21.0,"damage_taken":0.0,"relics_obtained":["Red Mask"]}],"is_beta":false,"boss_relics":[{"not_picked":["Ectoplasm","Cursed Key"],"picked":"Runic Pyramid"},{"not_picked":["Pandora\u0027s Box","Coffee Dripper"],"picked":"Black Star"}],"items_purged_floors":[22,28,39,53],"is_endless":false,"potions_floor_spawned":[1,7,12,19,24,30,33,35,48],"ascension_level":7}