{"gold_per_floor":[119,119,137,62,36,67,84,84,138,157,157,157,184,200,200,305,305,324,344,259,269,75,75,95,95,174,192,112,112,137,137,137,137],"floor_reached":33,"playtime":1185,"items_purged":["Strike_R","Defend_R"],"score":455,"play_id":"9d4fb26a-5a70-4a4d-9ba2-ef746d7ce22c","local_time":"20190103141626","is_ascension_mode":true,"campfire_choices":[{"data":"Flex","floor":8,"key":"SMITH"},{"data":"Warcry","floor":11,"key":"SMITH"},{"data":"Uppercut","floor":15,"key":"SMITH"},{"data":"Feed","floor":23,"key":"SMITH"},{"data":"Feed","floor":25,"key":"SMITH"},{"data":"Ghostly Armor","floor":29,"key":"SMITH"},{"floor":32,"key":"REST"}],"neow_cost":"TEN_PERCENT_HP_LOSS","seed_source_timestamp":1216723718805949,"circlet_count":0,"master_deck":["Strike_R","Strike_R+1","Strike_R","Strike_R","Defend_R","Defend_R","Defend_R","Bash+1","Immolate+1","Flex+1","Ghostly Armor+1","Twin Strike","Warcry+1","Uppercut+1","Feed+1","Burning Pact","Feed+1","Pommel Strike+1"],"relics":["Burning Blood","Orichalcum","Bronze Scales","Pen Nib","Mark of Pain","Omamori","DollysMirror","The Courier","PreservedInsect","Nilry\u0027s Codex"],"potions_floor_usage":[16,30,30],"damage_taken":[{"damage":8,"enemies":"Small Slimes","floor":1,"turns":4},{"damage":6,"enemies":"Cultist","floor":3,"turns":3},{"damage":15,"enemies":"3 Sentries","floor":6,"turns":3},{"damage":0,"enemies":"2 Louse","floor":7,"turns":1},{"damage":3,"enemies":"Blue Slaver","floor":10,"turns":2},{"damage":29,"enemies":"Lagavulin","floor":13,"turns":4},{"damage":7,"enemies":"Large Slime","floor":14,"turns":4},{"damage":0,"enemies":"Slime Boss","floor":16,"turns":6},{"damage":0,"enemies":"Shell Parasite","floor":18,"turns":1},{"damage":17,"enemies":"2 Thieves","floor":19,"turns":3},{"damage":8,"enemies":"Snake Plant","floor":21,"turns":2},{"damage":5,"enemies":"Chosen and Byrds","floor":24,"turns":4},{"damage":8,"enemies":"Snecko","floor":27,"turns":3},{"damage":18,"enemies":"Book of Stabbing","floor":30,"turns":4},{"damage":65,"enemies":"Collector","floor":33,"turns":6}],"seed_played":"-3087047775886272579","potions_obtained":[{"floor":6,"key":"Ancient Potion"},{"floor":10,"key":"Strength Potion"},{"floor":13,"key":"Energy Potion"},{"floor":19,"key":"SpeedPotion"},{"floor":27,"key":"Block Potion"},{"floor":30,"key":"GamblersBrew"}],"is_trial":false,"path_per_floor":["M","?","M","$","?","E","M","R","T","M","R","?","E","M","R","B",null,"M","M","?","M","$","R","M","R","T","M","$","R","E","?","R","B"],"character_chosen":"IRONCLAD","items_purchased":["DollysMirror"],"campfire_rested":1,"item_purchase_floors":[22],"current_hp_per_floor":[70,70,70,70,70,61,67,67,67,70,70,56,33,32,32,38,64,70,59,59,57,57,57,62,62,62,64,64,64,52,36,60,0],"gold":137,"neow_bonus":"THREE_RARE_CARDS","is_prod":false,"is_daily":false,"chose_seed":false,"campfire_upgraded":6,"win_rate":0,"timestamp":1546542986,"path_taken":["M","?","?","$","?","E","M","R","T","M","R","?","E","M","R","BOSS","M","M","?","M","$","R","M","R","T","M","$","R","E","?","R","BOSS"],"build_version":"2019-01-02","purchased_purges":2,"victory":false,"max_hp_per_floor":[72,72,72,72,72,72,72,72,72,72,72,72,72,72,72,72,72,72,72,72,72,72,72,76,76,76,80,80,80,80,80,80,80],"card_choices":[{"not_picked":["Reaper","Limit Break"],"picked":"Immolate","floor":0},{"not_picked":["Fire Breathing","Sword Boomerang"],"picked":"Flex","floor":1},{"not_picked":["Second Wind","Warcry"],"picked":"Ghostly Armor","floor":3},{"not_picked":["Entrench","Sword Boomerang","Reckless Charge"],"picked":"SKIP","floor":6},{"not_picked":["Body Slam","Havoc"],"picked":"Twin Strike","floor":7},{"not_picked":["True Grit","Wild Strike"],"picked":"Warcry","floor":10},{"not_picked":["Warcry","True Grit"],"picked":"Uppercut","floor":13},{"not_picked":["Sword Boomerang","Body Slam","Armaments"],"picked":"SKIP","floor":14},{"not_picked":["Juggernaut","Immolate"],"picked":"Feed","floor":16},{"not_picked":["Pommel Strike","Havoc+1","Sword Boomerang"],"picked":"SKIP","floor":18},{"not_picked":["Entrench","Perfected Strike"],"picked":"Burning Pact","floor":19},{"not_picked":["Pummel+1","Carnage","Rupture"],"picked":"SKIP","floor":21},{"not_picked":["Cleave","Headbutt+1"],"picked":"Pommel Strike+1","floor":24},{"not_picked":["Power Through","Dropkick","Thunderclap"],"picked":"SKIP","floor":27},{"not_picked":["Anger","Sword Boomerang+1","Pommel Strike"],"picked":"SKIP","floor":30}],"player_experience":431374,"relics_obtained":[{"floor":6,"key":"Orichalcum"},{"floor":9,"key":"Bronze Scales"},{"floor":13,"key":"Pen Nib"},{"floor":26,"key":"The Courier"},{"floor":30,"key":"PreservedInsect"},{"floor":31,"key":"Nilry\u0027s Codex"}],"event_choices":[{"damage_healed":0,"gold_gain":0,"player_choice":"Upgraded","damage_taken":0,"max_hp_gain":0,"max_hp_loss":0,"event_name":"Upgrade Shrine","floor":2,"gold_loss":0,"cards_upgraded":["Immolate"]},{"damage_healed":0,"gold_gain":0,"player_choice":"Left Gold","damage_taken":0,"max_hp_gain":0,"max_hp_loss":0,"event_name":"World of Goop","floor":5,"gold_loss":26},{"damage_healed":0,"gold_gain":0,"player_choice":"Entered Light","damage_taken":14,"max_hp_gain":0,"max_hp_loss":0,"event_name":"Shining Light","floor":12,"gold_loss":0,"cards_upgraded":["Strike_R","Bash"]},{"damage_healed":0,"gold_gain":0,"player_choice":"Obtained Relic","damage_taken":0,"relics_obtained":["Omamori"],"max_hp_gain":0,"max_hp_loss":0,"event_name":"Addict","floor":20,"gold_loss":85},{"damage_healed":0,"gold_gain":0,"player_choice":"Obtained Book","damage_taken":16,"max_hp_gain":0,"max_hp_loss":0,"event_name":"Cursed Tome","floor":31,"gold_loss":0}],"is_beta":true,"boss_relics":[{"not_picked":["Pandora\u0027s Box","Eternal Feather"],"picked":"Mark of Pain"}],"items_purged_floors":[4,28],"is_endless":false,"potions_floor_spawned":[6,10,13,19,27,30],"killed_by":"Collector","ascension_level":8}