{"gold_per_floor":[119,132,144,0,0,0,0,12,12,25,57,57,74,89,89,193,193,213,248,265,11,28,28,28,28,55,85,97,34,46,71,83,196,258,283,0,0,12,22,22,22,22],"floor_reached":42,"playtime":1862,"items_purged":[],"score":400,"play_id":"528fc0f5-6965-4bda-bfa9-4163178b8cf8","local_time":"20190224200229","is_ascension_mode":false,"campfire_choices":[{"data":"Sword Boomerang","floor":6,"key":"SMITH"},{"data":"Uppercut","floor":12,"key":"SMITH"},{"data":"Iron Wave","floor":15,"key":"SMITH"},{"floor":23,"key":"REST"},{"data":"Armaments","floor":25,"key":"SMITH"},{"data":"Feed","floor":30,"key":"SMITH"},{"floor":32,"key":"REST"},{"data":"Barricade","floor":40,"key":"SMITH"}],"neow_cost":"PERCENT_DAMAGE","seed_source_timestamp":41510589087290,"circlet_count":0,"master_deck":["Strike_R","Strike_R","Strike_R","Strike_R+1","Defend_R","Defend_R","Defend_R","Defend_R","Bash","Cleave","Sword Boomerang+1","Iron Wave+1","Reaper","Uppercut+1","Seeing Red","Feed+1","Armaments+1","Reaper+1","Body Slam+1","Doubt","Clash+1","Shrug It Off","Barricade+1","Shockwave+1","Madness","Madness","Sentinel+1"],"relics":["Burning Blood","Gambling Chip","Bronze Scales","Incense Burner","Ornamental Fan","Mummified Hand","Vajra","Cursed Key","Red Mask","Molten Egg 2","MawBank","Tiny House","Dead Branch","Shuriken"],"potions_floor_usage":[8,11,11,16,18,19,33,38,38,38],"damage_taken":[{"damage":3,"enemies":"2 Louse","floor":1,"turns":3},{"damage":9,"enemies":"Jaw Worm","floor":2,"turns":4},{"damage":5,"enemies":"Cultist","floor":3,"turns":4},{"damage":0,"enemies":"Exordium Thugs","floor":8,"turns":4},{"damage":6,"enemies":"Large Slime","floor":10,"turns":4},{"damage":2,"enemies":"Gremlin Nob","floor":11,"turns":3},{"damage":1,"enemies":"Looter","floor":13,"turns":2},{"damage":6,"enemies":"2 Fungi Beasts","floor":14,"turns":2},{"damage":30,"enemies":"Hexaghost","floor":16,"turns":7},{"damage":0,"enemies":"3 Byrds","floor":18,"turns":3},{"damage":0,"enemies":"Masked Bandits","floor":19,"turns":2},{"damage":0,"enemies":"Shell Parasite","floor":20,"turns":3},{"damage":40,"enemies":"Shelled Parasite and Fungi","floor":22,"turns":5},{"damage":14,"enemies":"Centurion and Healer","floor":27,"turns":7},{"damage":26,"enemies":"Snake Plant","floor":31,"turns":3},{"damage":78,"enemies":"Automaton","floor":33,"turns":10},{"damage":10,"enemies":"3 Darklings","floor":35,"turns":5},{"damage":14,"enemies":"3 Shapes","floor":38,"turns":2},{"damage":28,"enemies":"Sphere and 2 Shapes","floor":39,"turns":5},{"damage":87,"enemies":"Reptomancer","floor":42,"turns":3}],"seed_played":"-3791510468522961925","potions_obtained":[{"floor":2,"key":"AttackPotion"},{"floor":8,"key":"PowerPotion"},{"floor":10,"key":"Block Potion"},{"floor":13,"key":"EssenceOfSteel"},{"floor":16,"key":"SteroidPotion"},{"floor":18,"key":"Strength Potion"},{"floor":31,"key":"PowerPotion"},{"floor":33,"key":"Energy Potion"},{"floor":34,"key":"Swift Potion"},{"floor":35,"key":"PowerPotion"},{"floor":39,"key":"LiquidBronze"}],"is_trial":false,"path_per_floor":["M","M","M","$","?","R","T","M","T","M","E","R","M","M","R","B",null,"M","?","M","$","M","R","?","R","T","M","?","?","R","M","R","B",null,"M","$","?","M","M","R","?","E"],"character_chosen":"IRONCLAD","items_purchased":["Bronze Scales","Molten Egg 2","Dead Branch"],"campfire_rested":2,"item_purchase_floors":[4,21,36],"current_hp_per_floor":[59,56,57,57,45,45,45,51,51,51,55,55,67,77,77,53,80,83,83,83,83,54,78,78,78,78,80,80,80,80,60,83,12,88,88,88,77,83,76,76,76,0],"gold":22,"neow_bonus":"ONE_RARE_RELIC","is_prod":false,"is_daily":false,"chose_seed":false,"campfire_upgraded":6,"win_rate":0,"timestamp":1551060149,"path_taken":["M","M","M","$","?","R","?","M","T","M","E","R","M","?","R","BOSS","M","?","M","$","M","R","?","R","T","M","?","?","R","M","R","BOSS","M","$","?","M","M","R","?","E"],"build_version":"2019-01-23","purchased_purges":0,"victory":false,"max_hp_per_floor":[80,80,80,80,80,80,80,80,80,80,80,80,80,80,80,80,80,83,83,83,83,83,83,83,83,83,83,83,83,83,83,83,83,88,88,88,88,88,92,92,92,92],"card_choices":[{"not_picked":["Feel No Pain","Flex"],"picked":"Cleave","floor":1},{"not_picked":["Feel No Pain","Power Through"],"picked":"Sword Boomerang","floor":2},{"not_picked":["Sword Boomerang","Blood for Blood"],"picked":"Iron Wave","floor":3},{"not_picked":["Flex","Heavy Blade","Wild Strike"],"picked":"SKIP","floor":8},{"not_picked":["Dual Wield","Cleave"],"picked":"Reaper","floor":10},{"not_picked":["Thunderclap","Intimidate"],"picked":"Uppercut","floor":11},{"not_picked":["Burning Pact","Heavy Blade","True Grit"],"picked":"SKIP","floor":13},{"not_picked":["Infernal Blade","Battle Trance"],"picked":"Seeing Red","floor":14},{"not_picked":["Immolate","Demon Form"],"picked":"Feed","floor":16},{"not_picked":["Flex","Anger+1","Heavy Blade"],"picked":"SKIP","floor":18},{"not_picked":["Anger+1","Dual Wield"],"picked":"Armaments","floor":20},{"not_picked":["Clothesline+1","Reckless Charge+1"],"picked":"Reaper+1","floor":22},{"not_picked":["Warcry","Flex"],"picked":"Clash+1","floor":27},{"not_picked":["Warcry+1","Anger+1"],"picked":"Shrug It Off","floor":31},{"not_picked":["Limit Break","Impervious"],"picked":"Barricade","floor":33},{"not_picked":["Flex","Inflame"],"picked":"Shockwave+1","floor":34},{"not_picked":["Flame Barrier","Cleave+1","Iron Wave+1"],"picked":"SKIP","floor":35},{"not_picked":["Flex","Heavy Blade+1","Battle Trance"],"picked":"SKIP","floor":38},{"not_picked":["Perfected Strike+1","Entrench"],"picked":"Sentinel+1","floor":39}],"player_experience":364676,"relics_obtained":[{"floor":7,"key":"Ornamental Fan"},{"floor":9,"key":"Mummified Hand"},{"floor":11,"key":"Vajra"},{"floor":19,"key":"Red Mask"},{"floor":26,"key":"MawBank"}],"event_choices":[{"damage_healed":0,"gold_gain":0,"player_choice":"Success","damage_taken":12,"relics_obtained":["Incense Burner"],"max_hp_gain":0,"max_hp_loss":0,"event_name":"Scrap Ooze","floor":5,"gold_loss":0},{"damage_healed":0,"gold_gain":0,"player_choice":"Fought Bandits","damage_taken":0,"max_hp_gain":0,"max_hp_loss":0,"event_name":"Masked Bandits","floor":19,"gold_loss":0},{"damage_healed":0,"gold_gain":0,"player_choice":"Read","damage_taken":0,"max_hp_gain":0,"max_hp_loss":0,"event_name":"The Library","floor":24,"gold_loss":0,"cards_obtained":["Body Slam"]},{"damage_healed":0,"gold_gain":0,"player_choice":"Ignored","damage_taken":0,"max_hp_gain":0,"max_hp_loss":0,"event_name":"Ghosts","floor":28,"gold_loss":0},{"cards_removed":["Strike_R"],"damage_healed":0,"gold_gain":0,"player_choice":"Gave Gold","damage_taken":0,"max_hp_gain":0,"max_hp_loss":0,"event_name":"Beggar","floor":29,"gold_loss":75},{"damage_healed":0,"gold_gain":0,"player_choice":"Embrace Madness","damage_taken":11,"max_hp_gain":0,"max_hp_loss":0,"event_name":"Winding Halls","floor":37,"gold_loss":0,"cards_obtained":["Madness","Madness"]},{"damage_healed":0,"gold_gain":0,"player_choice":"Gave Potion","damage_taken":0,"relics_obtained":["Shuriken"],"max_hp_gain":0,"max_hp_loss":0,"event_name":"WeMeetAgain","floor":41,"gold_loss":0}],"is_beta":false,"boss_relics":[{"not_picked":["Snecko Eye","Coffee Dripper"],"picked":"Cursed Key"},{"not_picked":["Sozu","Astrolabe"],"picked":"Tiny House"}],"items_purged_floors":[],"is_endless":false,"potions_floor_spawned":[2,8,10,13,16,18,31,33,35,39],"killed_by":"Reptomancer","ascension_level":0}