{"path_per_floor":["M","M","M","?","?","E","R","M","T","E","M","E","M","M","R"],"character_chosen":"THE_SILENT","items_purchased":[],"gold_per_floor":[114,131,150,150,150,183,183,200,225,254,274,299,309,326,326],"floor_reached":16,"campfire_rested":0,"playtime":1684,"current_hp_per_floor":[69,69,69,69,55,40,40,40,40,30,30,23,23,23,23],"items_purged":[],"gold":326,"score":124,"play_id":"7b33702c-07d0-41db-a7ba-6976d9067e47","local_time":"20180307214727","is_prod":false,"is_daily":false,"is_ascension_mode":false,"campfire_upgraded":2,"timestamp":1520455647,"path_taken":["M","M","?","?","?","E","R","M","T","E","M","E","M","M","R","BOSS"],"build_version":"2018-03-01-PROD1","purchased_purges":0,"victory":false,"master_deck":["Defend_G","Defend_G","Defend_G","Defend_G","Defend_G","Strike_G+1","Strike_G+1","Strike_G","Strike_G+1","Survivor","Neutralize","Dash+1","Calculated Gamble+1","Terror","Poisoned Stab","All Out Attack","Footwork","Bouncing Flask+1"],"max_hp_per_floor":[70,70,70,70,70,70,70,70,70,70,70,70,70,70,70],"relics":["Ring of the Snake","Whetstone","Dream Catcher","Sundial","Prayer Wheel"],"card_choices":[{"not_picked":["Flying Knee","Dagger Spray"],"picked":"Dash"},{"not_picked":["Malaise","Quick Slash"],"picked":"Calculated Gamble"},{"not_picked":["Catalyst","Prepared"],"picked":"Terror"},{"not_picked":["Blade Dance","Deadly Poison"],"picked":"Poisoned Stab"},{"not_picked":["PiercingWail","Backflip"],"picked":"All Out Attack"},{"not_picked":["Predator","Dagger Throw"],"picked":"Footwork"},{"not_picked":["Distraction","Sucker Punch"],"picked":"Bouncing Flask"}],"player_experience":182095,"potions_floor_usage":[6,6,16,16,16],"damage_taken":[{"damage":1,"enemies":"Cultist","floor":1,"turns":4},{"damage":0,"enemies":"2 Louse","floor":2,"turns":3},{"damage":0,"enemies":"Small Slimes","floor":3,"turns":3},{"damage":15,"enemies":"Lagavulin","floor":6,"turns":9},{"damage":0,"enemies":"Looter","floor":8,"turns":3},{"damage":10,"enemies":"3 Sentries","floor":10,"turns":9},{"damage":0,"enemies":"Large Slime","floor":11,"turns":3},{"damage":7,"enemies":"Gremlin Nob","floor":12,"turns":4},{"damage":0,"enemies":"Red Slaver","floor":13,"turns":4},{"damage":0,"enemies":"Blue Slaver","floor":14,"turns":3},{"damage":23,"enemies":"Slime Boss","floor":16,"turns":8}],"event_choices":[{"event_name":"Purifier","player_choice":"One Purge","floor":4,"damage_taken":0},{"event_name":"Shining Light","player_choice":"Entered Light","floor":5,"damage_taken":0}],"boss_relics":[],"potions_floor_spawned":[1,2,10,11,14],"seed_played":"6600446817030350006","killed_by":"Slime Boss","ascension_level":0,"is_trial":false}