{"gold_per_floor":[119,131,146,161,161,161,179,179,248,248,266,295,309,18,18,120,120,135,135,147,147,157,157,183,183,183,183,183,183,200,200,200,300,300,316,336,356,7,24,24,24,24,24,36,0,14,14,29,29,29],"floor_reached":51,"playtime":2313,"items_purged":[],"score":875,"play_id":"37d97dbe-5f27-4acb-89a6-7a114aa9baa5","local_time":"20190224104645","is_ascension_mode":true,"campfire_choices":[{"data":"Body Slam","floor":6,"key":"SMITH"},{"data":"Iron Wave","floor":8,"key":"SMITH"},{"data":"Entrench","floor":15,"key":"SMITH"},{"data":"Bash","floor":23,"key":"SMITH"},{"floor":25,"key":"REST"},{"data":"Pommel Strike","floor":28,"key":"SMITH"},{"floor":32,"key":"REST"},{"data":"Inflame","floor":40,"key":"SMITH"},{"data":"Madness","floor":42,"key":"SMITH"},{"floor":49,"key":"REST"}],"neow_cost":"NONE","seed_source_timestamp":7707662799241,"circlet_count":0,"master_deck":["Strike_R+1","Strike_R+1","Strike_R+1","Strike_R+1","Strike_R+1","Defend_R+1","Defend_R+1","Defend_R+1","Defend_R+1","Bash+1","Battle Trance","Iron Wave+1","Body Slam+1","Cleave","Shrug It Off","Entrench+1","Impervious","Pommel Strike+1","Inflame+1","Barricade+1","Twin Strike+1","Shrug It Off","Shrug It Off","Entrench+1","Clothesline+1","Feed+1","Armaments+1","Twin Strike+1","Iron Wave+1","Madness+1","Iron Wave+1"],"relics":["Burning Blood","Paper Frog","Thread and Needle","Molten Egg 2","Mark of Pain","Art of War","Juzu Bracelet","Enchiridion","Snecko Eye","Lee\u0027s Waffle","Strawberry","Shuriken","Red Mask"],"potions_floor_usage":[12,16,18,33,37,48,48,50],"damage_taken":[{"damage":7,"enemies":"Jaw Worm","floor":1,"turns":3},{"damage":12,"enemies":"Small Slimes","floor":2,"turns":3},{"damage":0,"enemies":"Cultist","floor":3,"turns":5},{"damage":7,"enemies":"Large Slime","floor":4,"turns":7},{"damage":2,"enemies":"Looter","floor":7,"turns":3},{"damage":10,"enemies":"Lots of Slimes","floor":11,"turns":3},{"damage":16,"enemies":"Gremlin Nob","floor":12,"turns":4},{"damage":1,"enemies":"2 Fungi Beasts","floor":13,"turns":2},{"damage":33,"enemies":"Slime Boss","floor":16,"turns":11},{"damage":3,"enemies":"Shell Parasite","floor":18,"turns":4},{"damage":25,"enemies":"Spheric Guardian","floor":20,"turns":5},{"damage":3,"enemies":"Snake Plant","floor":22,"turns":3},{"damage":16,"enemies":"Gremlin Leader","floor":24,"turns":5},{"damage":19,"enemies":"3 Cultists","floor":30,"turns":8},{"damage":78,"enemies":"Collector","floor":33,"turns":11},{"damage":0,"enemies":"Orb Walker","floor":35,"turns":3},{"damage":0,"enemies":"3 Shapes","floor":36,"turns":5},{"damage":40,"enemies":"Spire Growth","floor":37,"turns":7},{"damage":4,"enemies":"4 Shapes","floor":39,"turns":6},{"damage":0,"enemies":"Writhing Mass","floor":44,"turns":3},{"damage":2,"enemies":"Maw","floor":46,"turns":7},{"damage":51,"enemies":"Transient","floor":48,"turns":5},{"damage":26,"enemies":"Time Eater","floor":50,"turns":12}],"seed_played":"8553950984481381456","potions_obtained":[{"floor":2,"key":"SpeedPotion"},{"floor":7,"key":"Swift Potion"},{"floor":16,"key":"SteroidPotion"},{"floor":20,"key":"GamblersBrew"},{"floor":33,"key":"Fire Potion"},{"floor":37,"key":"Regen Potion"},{"floor":39,"key":"Ancient Potion"},{"floor":44,"key":"Weak Potion"}],"is_trial":false,"path_per_floor":["M","M","M","M","?","R","M","R","T","?","M","E","M","$","R","B",null,"M","?","M","?","M","R","E","R","T","?","R","?","M","?","R","B",null,"M","M","M","$","M","R","?","R","T","M","?","M","$","M","R","B",null],"character_chosen":"IRONCLAD","items_purchased":["Molten Egg 2","Inflame","Lee\u0027s Waffle","Strawberry"],"campfire_rested":3,"item_purchase_floors":[14,14,38,38],"current_hp_per_floor":[87,81,87,86,91,91,93,93,93,93,89,79,84,84,84,57,93,93,93,74,74,77,77,67,93,93,93,93,77,64,64,91,19,93,97,97,63,111,115,115,115,115,115,115,115,115,115,79,113,93],"gold":29,"neow_bonus":"TEN_PERCENT_HP_BONUS","is_prod":false,"is_daily":false,"chose_seed":false,"campfire_upgraded":7,"win_rate":0,"timestamp":1551026805,"path_taken":["M","M","M","M","?","R","M","R","T","?","M","E","M","$","R","BOSS","M","?","M","?","M","R","E","R","T","?","R","?","M","?","R","BOSS","M","M","M","?","M","R","?","R","T","M","?","M","$","M","R","BOSS"],"build_version":"2019-01-23","purchased_purges":0,"victory":true,"max_hp_per_floor":[88,88,88,88,93,93,93,93,93,93,93,93,93,93,93,93,93,93,93,93,93,93,93,93,93,93,93,93,93,93,93,93,93,93,97,97,97,111,115,115,115,115,115,115,115,115,115,115,115,115],"card_choices":[{"not_picked":["Heavy Blade","Havoc"],"picked":"Battle Trance","floor":1},{"not_picked":["Flex","Thunderclap"],"picked":"Iron Wave","floor":2},{"not_picked":["Sever Soul","Perfected Strike"],"picked":"Body Slam","floor":3},{"not_picked":["Wild Strike","Warcry"],"picked":"Cleave","floor":4},{"not_picked":["Anger","Cleave"],"picked":"Shrug It Off","floor":7},{"not_picked":["Battle Trance","Thunderclap"],"picked":"Entrench","floor":11},{"not_picked":["Power Through","Searing Blow"],"picked":"Impervious","floor":12},{"not_picked":["Heavy Blade","Wild Strike"],"picked":"Pommel Strike","floor":13},{"not_picked":["Feed+1","Brutality"],"picked":"Barricade","floor":16},{"not_picked":["Shrug It Off","Cleave+1"],"picked":"Twin Strike+1","floor":18},{"not_picked":["Pummel+1","Twin Strike+1"],"picked":"Shrug It Off","floor":20},{"not_picked":["Warcry","Pommel Strike+1"],"picked":"Shrug It Off","floor":22},{"not_picked":["Perfected Strike+1","Demon Form"],"picked":"Entrench+1","floor":24},{"not_picked":["Intimidate","Wild Strike+1"],"picked":"Clothesline+1","floor":30},{"not_picked":["Fiend Fire+1","Immolate+1"],"picked":"Feed+1","floor":33},{"not_picked":["Havoc+1","Wild Strike+1"],"picked":"Armaments+1","floor":35},{"not_picked":["Dual Wield+1","Cleave+1","Juggernaut"],"picked":"SKIP","floor":36},{"not_picked":["Sword Boomerang+1","Sentinel"],"picked":"Twin Strike+1","floor":37},{"not_picked":["Battle Trance+1","Shrug It Off"],"picked":"Iron Wave+1","floor":39},{"not_picked":["Mayhem","Panacea"],"picked":"Madness","floor":41},{"not_picked":["Fire Breathing+1","Flex","Cleave+1"],"picked":"SKIP","floor":44},{"not_picked":["Headbutt+1","Pommel Strike+1"],"picked":"Iron Wave+1","floor":46},{"not_picked":["True Grit","Clash+1","Intimidate+1"],"picked":"SKIP","floor":48}],"player_experience":332582,"relics_obtained":[{"floor":9,"key":"Paper Frog"},{"floor":12,"key":"Thread and Needle"},{"floor":24,"key":"Art of War"},{"floor":26,"key":"Juzu Bracelet"},{"floor":29,"key":"Enchiridion"},{"floor":43,"key":"Shuriken"}],"event_choices":[{"damage_healed":0,"gold_gain":0,"player_choice":"Donut","damage_taken":0,"max_hp_gain":5,"max_hp_loss":0,"event_name":"Big Fish","floor":5,"gold_loss":0},{"damage_healed":0,"gold_gain":0,"player_choice":"Ignored","damage_taken":0,"max_hp_gain":0,"max_hp_loss":0,"event_name":"Liars Game","floor":10,"gold_loss":0},{"damage_healed":0,"gold_gain":0,"player_choice":"Ignored","damage_taken":0,"max_hp_gain":0,"max_hp_loss":0,"event_name":"The Mausoleum","floor":19,"gold_loss":0},{"damage_healed":0,"gold_gain":0,"player_choice":"Upgraded","damage_taken":0,"max_hp_gain":0,"max_hp_loss":0,"event_name":"Upgrade Shrine","floor":21,"gold_loss":0,"cards_upgraded":["Barricade"]},{"damage_healed":0,"gold_gain":0,"player_choice":"Simplicity","damage_taken":0,"max_hp_gain":0,"max_hp_loss":0,"event_name":"Back to Basics","floor":27,"gold_loss":0,"cards_upgraded":["Strike_R","Strike_R","Strike_R","Strike_R","Strike_R","Defend_R","Defend_R","Defend_R","Defend_R"]},{"damage_healed":0,"gold_gain":0,"player_choice":"Obtained Book","damage_taken":16,"max_hp_gain":0,"max_hp_loss":0,"event_name":"Cursed Tome","floor":29,"gold_loss":0},{"damage_healed":0,"gold_gain":0,"player_choice":"Leave","damage_taken":0,"max_hp_gain":0,"max_hp_loss":0,"event_name":"FaceTrader","floor":31,"gold_loss":0},{"damage_healed":0,"gold_gain":0,"player_choice":"Memory 1","damage_taken":0,"max_hp_gain":0,"max_hp_loss":0,"event_name":"SensoryStone","floor":41,"gold_loss":0},{"damage_healed":0,"gold_gain":0,"player_choice":"Paid","damage_taken":0,"relics_obtained":["Red Mask"],"max_hp_gain":0,"max_hp_loss":0,"event_name":"Tomb of Lord Red Mask","floor":45,"gold_loss":36}],"is_beta":false,"boss_relics":[{"not_picked":["Ectoplasm","Coffee Dripper"],"picked":"Mark of Pain"},{"not_picked":["Runic Cube","Black Blood"],"picked":"Snecko Eye"}],"items_purged_floors":[],"is_endless":false,"potions_floor_spawned":[2,7,16,20,33,37,39,44],"ascension_level":4}