{"gold_per_floor":[115,115,128,141,157,157,185,185,230,230],"floor_reached":10,"playtime":379,"items_purged":[],"score":92,"play_id":"d48efdf6-1652-4d5d-8976-ae02bc94d96f","local_time":"20190304185224","is_ascension_mode":true,"campfire_choices":[{"data":"Sword Boomerang","floor":6,"key":"SMITH"}],"neow_cost":"NONE","seed_source_timestamp":33050354520049,"circlet_count":0,"master_deck":["Strike_R","Strike_R","Strike_R","Strike_R","Defend_R","Defend_R","Defend_R","Defend_R","Bash","Sword Boomerang+1","Headbutt","Sever Soul","Fiend Fire"],"relics":["Burning Blood","Blood Vial","Turnip","Mummified Hand"],"potions_floor_usage":[3],"damage_taken":[{"damage":6,"enemies":"Cultist","floor":1,"turns":4},{"damage":3,"enemies":"Jaw Worm","floor":3,"turns":5},{"damage":3,"enemies":"2 Louse","floor":4,"turns":4},{"damage":7,"enemies":"2 Fungi Beasts","floor":5,"turns":4},{"damage":55,"enemies":"3 Sentries","floor":7,"turns":9},{"damage":61,"enemies":"Gremlin Gang","floor":10,"turns":3}],"seed_played":"6127644399585698417","potions_obtained":[{"floor":1,"key":"EssenceOfSteel"}],"is_trial":false,"path_per_floor":["M","?","M","M","M","R","E","T","T","M"],"character_chosen":"IRONCLAD","items_purchased":[],"campfire_rested":0,"item_purchase_floors":[],"current_hp_per_floor":[74,74,79,80,79,79,31,31,31,0],"gold":230,"neow_bonus":"RANDOM_COMMON_RELIC","is_prod":false,"is_daily":false,"chose_seed":false,"campfire_upgraded":1,"win_rate":0,"timestamp":1551747144,"path_taken":["M","?","M","?","?","R","E","?","T","?"],"build_version":"2019-01-23","purchased_purges":0,"victory":false,"max_hp_per_floor":[80,80,80,80,80,80,80,80,80,80],"card_choices":[{"not_picked":["Flame Barrier","Anger","Feel No Pain"],"picked":"SKIP","floor":1},{"not_picked":["Rampage","Body Slam"],"picked":"Sword Boomerang","floor":3},{"not_picked":["Dual Wield","Havoc"],"picked":"Headbutt","floor":4},{"not_picked":["Fire Breathing","Burning Pact"],"picked":"Sever Soul","floor":5},{"not_picked":["True Grit","Headbutt"],"picked":"Fiend Fire","floor":7}],"player_experience":527194,"relics_obtained":[{"floor":7,"key":"Turnip"},{"floor":8,"key":"Mummified Hand"}],"event_choices":[{"cards_removed":["Strike_R"],"damage_healed":0,"gold_gain":0,"player_choice":"Card Removal","damage_taken":0,"max_hp_gain":0,"max_hp_loss":0,"event_name":"Wheel of Change","floor":2,"gold_loss":0}],"is_beta":false,"boss_relics":[],"items_purged_floors":[],"is_endless":false,"potions_floor_spawned":[1],"killed_by":"Gremlin Gang","ascension_level":7}