{"path_per_floor":["M","M","?","$","M","R","E","R","T","M","E","?","E","M","R"],"character_chosen":"DEFECT","items_purchased":["Self Repair"],"gold_per_floor":[115,133,83,13,23,23,57,57,132,145,172,172,200,211,211,211],"floor_reached":16,"campfire_rested":0,"playtime":818,"item_purchase_floors":[4],"current_hp_per_floor":[68,68,68,68,74,74,73,73,73,75,75,75,56,54,54,0],"items_purged":[],"gold":211,"score":120,"play_id":"702cc09b-04f8-41ad-8a05-88813db2d10a","local_time":"20180602033326","is_prod":false,"is_daily":false,"chose_seed":false,"is_ascension_mode":false,"campfire_upgraded":3,"win_rate":0.0,"timestamp":1527903206,"campfire_choices":[{"data":"Streamline","floor":6,"key":"SMITH"},{"data":"Self Repair","floor":8,"key":"SMITH"},{"data":"Static Discharge","floor":15,"key":"SMITH"}],"path_taken":["M","M","?","?","M","R","E","R","T","?","E","?","E","M","R","BOSS"],"build_version":"2018-05-31","seed_source_timestamp":9728000613693,"purchased_purges":0,"victory":false,"master_deck":["Strike_B","Strike_B","Strike_B","Defend_B","Defend_B","Defend_B","Defend_B","Zap","Dualcast","Streamline+1","Reinforced Body","Self Repair+1","Chill","Capacitor","Static Discharge+1","Normality","Biased Cognition","Glacier"],"max_hp_per_floor":[75,75,75,75,75,75,75,75,75,75,75,75,75,75,75,75],"relics":["Cracked Core","Regal Pillow","Tiny Chest","Blue Candle","Dream Catcher","Dodecahedron"],"card_choices":[{"not_picked":["Ball Lightning","Cold Snap"],"picked":"Streamline","floor":1},{"not_picked":["Barrage","Conserve Battery"],"picked":"Reinforced Body","floor":2},{"not_picked":["Rebound","Coolheaded"],"picked":"Chill","floor":5},{"not_picked":["Hologram","Multi-Cast"],"picked":"Capacitor","floor":7},{"not_picked":["Beam Cell","Hologram","Coolheaded"],"picked":"SKIP","floor":10},{"not_picked":["Barrage","Go for the Eyes"],"picked":"Static Discharge","floor":11},{"not_picked":["Leap","Scrape"],"picked":"Biased Cognition","floor":13},{"not_picked":["Compile Driver","BootSequence"],"picked":"Glacier","floor":14}],"player_experience":294678,"potions_floor_usage":[13,16,16,16,16],"damage_taken":[{"damage":7,"enemies":"Jaw Worm","floor":1,"turns":4},{"damage":0,"enemies":"Small Slimes","floor":2,"turns":2},{"damage":1,"enemies":"Cultist","floor":5,"turns":3},{"damage":8,"enemies":"Lagavulin","floor":7,"turns":7},{"damage":2,"enemies":"2 Fungi Beasts","floor":10,"turns":3},{"damage":10,"enemies":"3 Sentries","floor":11,"turns":9},{"damage":29,"enemies":"Gremlin Nob","floor":13,"turns":5},{"damage":12,"enemies":"Gremlin Gang","floor":14,"turns":6},{"damage":61,"enemies":"Slime Boss","floor":16,"turns":11}],"relics_obtained":[{"floor":7,"key":"Regal Pillow"},{"floor":9,"key":"Tiny Chest"},{"floor":11,"key":"Blue Candle"},{"floor":13,"key":"Dodecahedron"}],"event_choices":[{"event_name":"The Cleric","player_choice":"Card Removal","floor":3,"damage_taken":0},{"event_name":"Accursed Blacksmith","player_choice":"Rummage","floor":12,"damage_taken":0}],"boss_relics":[],"items_purged_floors":[],"potions_floor_spawned":[2,7,10],"seed_played":"-3041403582344571044","killed_by":"Slime Boss","ascension_level":0,"potions_obtained":[{"floor":2,"key":"LiquidBronze"},{"floor":7,"key":"EntropicBrew"},{"floor":10,"key":"AttackPotion"}],"is_trial":false}