{"gold_per_floor":[11,30,46,63,80,80,92,92,145,145,1,1,11,43,43,139,139,150,162,178,178,194,194],"floor_reached":23,"playtime":1218,"items_purged":[],"score":222,"play_id":"85860abc-6a5c-458d-ab0d-e16735661de8","local_time":"20190224111018","is_ascension_mode":false,"campfire_choices":[{"data":"Whirlwind","floor":6,"key":"SMITH"},{"data":"Demon Form","floor":8,"key":"SMITH"},{"floor":10,"key":"RECALL"},{"floor":15,"key":"REST"}],"neow_cost":"NO_GOLD","seed_source_timestamp":10223258411470,"circlet_count":0,"master_deck":["Strike_R","Strike_R","Strike_R","Strike_R","Strike_R","Defend_R","Defend_R","Defend_R","Defend_R","Bash","Demon Form+1","Uppercut","Sword Boomerang","Infernal Blade","Whirlwind+1","Shrug It Off","Rampage","Searing Blow","Feed","Whirlwind+1","Shrug It Off"],"relics":["Burning Blood","Boot","PreservedInsect","Pear","Runic Pyramid"],"potions_floor_usage":[5,5,14,19,21,21,22,22],"damage_taken":[{"damage":10,"enemies":"Small Slimes","floor":1,"turns":5},{"damage":1,"enemies":"Jaw Worm","floor":2,"turns":5},{"damage":9,"enemies":"Cultist","floor":3,"turns":4},{"damage":16,"enemies":"2 Fungi Beasts","floor":4,"turns":3},{"damage":0,"enemies":"Blue Slaver","floor":5,"turns":1},{"damage":12,"enemies":"3 Louse","floor":7,"turns":2},{"damage":0,"enemies":"Gremlin Gang","floor":13,"turns":1},{"damage":31,"enemies":"Lagavulin","floor":14,"turns":4},{"damage":56,"enemies":"The Guardian","floor":16,"turns":8},{"damage":1,"enemies":"3 Byrds","floor":18,"turns":4},{"damage":10,"enemies":"2 Thieves","floor":19,"turns":2},{"damage":34,"enemies":"Centurion and Healer","floor":20,"turns":5},{"damage":25,"enemies":"Colosseum Slavers","floor":21,"turns":3},{"damage":36,"enemies":"Shelled Parasite and Fungi","floor":22,"turns":5},{"damage":26,"enemies":"Slavers","floor":23,"turns":3}],"seed_played":"-5754714409906729112","potions_obtained":[{"floor":3,"key":"FearPotion"},{"floor":4,"key":"SteroidPotion"},{"floor":7,"key":"Regen Potion"},{"floor":14,"key":"AttackPotion"},{"floor":20,"key":"EntropicBrew"},{"floor":22,"key":"Fruit Juice"}],"is_trial":false,"path_per_floor":["M","M","M","M","M","R","M","R","T","R","$","?","M","E","R","B",null,"M","M","M","?","M","E"],"character_chosen":"IRONCLAD","items_purchased":["PreservedInsect"],"campfire_rested":1,"item_purchase_floors":[11],"current_hp_per_floor":[76,80,77,67,73,73,67,67,67,67,67,67,73,68,90,40,90,90,86,61,45,20,0],"gold":194,"neow_bonus":"THREE_RARE_CARDS","is_prod":false,"is_daily":false,"chose_seed":false,"campfire_upgraded":2,"win_rate":0,"timestamp":1551028218,"path_taken":["M","M","M","M","M","R","M","R","T","R","$","?","M","E","R","BOSS","M","M","M","?","M","E"],"build_version":"2019-01-23","purchased_purges":0,"victory":false,"max_hp_per_floor":[80,80,80,80,80,80,80,80,80,80,80,80,80,90,90,90,90,90,90,93,96,101,104],"card_choices":[{"not_picked":["Brutality","Limit Break"],"picked":"Demon Form","floor":0},{"not_picked":["Perfected Strike","Wild Strike","Blood for Blood"],"picked":"SKIP","floor":1},{"not_picked":["Clash","Shrug It Off"],"picked":"Uppercut","floor":2},{"not_picked":["Evolve","Carnage"],"picked":"Sword Boomerang","floor":3},{"not_picked":["Wild Strike","Havoc"],"picked":"Infernal Blade","floor":4},{"not_picked":["Pommel Strike","Impervious"],"picked":"Whirlwind","floor":5},{"not_picked":["Sever Soul","Sentinel"],"picked":"Shrug It Off","floor":7},{"not_picked":["Anger","Clash"],"picked":"Rampage","floor":13},{"not_picked":["Havoc","Clothesline"],"picked":"Searing Blow","floor":14},{"not_picked":["Fiend Fire","Offering"],"picked":"Feed","floor":16},{"not_picked":["Pommel Strike","Reckless Charge"],"picked":"Whirlwind+1","floor":18},{"not_picked":["Carnage","Metallicize","Sword Boomerang"],"picked":"SKIP","floor":19},{"not_picked":["Clash+1","Thunderclap+1","Battle Trance"],"picked":"SKIP","floor":20},{"not_picked":["Clothesline","Wild Strike"],"picked":"Shrug It Off","floor":22}],"player_experience":334895,"relics_obtained":[{"floor":9,"key":"Boot"},{"floor":14,"key":"Pear"}],"event_choices":[{"damage_healed":0,"gold_gain":0,"player_choice":"Ignored","damage_taken":0,"max_hp_gain":0,"max_hp_loss":0,"event_name":"Liars Game","floor":12,"gold_loss":0},{"damage_healed":0,"gold_gain":0,"player_choice":"Fight","damage_taken":0,"max_hp_gain":0,"max_hp_loss":0,"event_name":"Colosseum","floor":21,"gold_loss":0},{"damage_healed":0,"gold_gain":0,"player_choice":"Fled From Nobs","damage_taken":0,"max_hp_gain":0,"max_hp_loss":0,"event_name":"Colosseum","floor":21,"gold_loss":0}],"is_beta":false,"boss_relics":[{"not_picked":["Coffee Dripper","Black Star"],"picked":"Runic Pyramid"}],"items_purged_floors":[],"is_endless":false,"potions_floor_spawned":[3,4,7,14,20,21,22],"killed_by":"Slavers","ascension_level":0}