{"gold_per_floor":[111,131,141,141,154,154,174,174,229,229,256,268,268,218,218,316,316,330,330,342,86,86,86,113,113,113,142,142,152,164,174,174,272,272,283,283,52,65,65,65,92,92,92,92,92,41,41,57,57,57],"floor_reached":51,"playtime":2328,"items_purged":[],"score":921,"play_id":"503ad606-c098-467a-b1f5-9c6c318531ba","local_time":"20190225183941","is_ascension_mode":true,"campfire_choices":[{"data":"Zap","floor":6,"key":"SMITH"},{"data":"Dualcast","floor":8,"key":"SMITH"},{"floor":10,"key":"REST"},{"data":"Echo Form","floor":13,"key":"SMITH"},{"data":"Lockon","floor":15,"key":"SMITH"},{"floor":23,"key":"DIG"},{"floor":25,"key":"REST"},{"floor":32,"key":"REST"},{"floor":40,"key":"REST"},{"floor":42,"key":"REST"},{"floor":44,"key":"REST"},{"floor":49,"key":"DIG"}],"neow_cost":"NONE","seed_source_timestamp":29071859429047,"circlet_count":0,"master_deck":["Strike_B+1","Strike_B+1","Strike_B+1","Defend_B+1","Defend_B+1","Defend_B+1","Zap+1","Dualcast+1","Beam Cell+1","Lockon+1","Doom and Gloom+1","Echo Form+1","Gash+1","Chill+1","Gash+1","Seek+1","Gash+1","Gash+1","Conserve Battery+1","Rebound+1","Ball Lightning+1","Go for the Eyes+1","Conserve Battery+1","Double Energy+1","Cold Snap+1","Stack+1","Self Repair+1","Auto Shields+1","Reinforced Body+1","All For One+1","Auto Shields+1","Leap+1","Thunder Strike+1","Loop+1","Cold Snap+1","Madness+1","Madness+1","Turbo+1","Steam+1","White Noise+1"],"relics":["Cracked Core","Tiny Chest","Pen Nib","Orrery","Strawberry","Shovel","Juzu Bracelet","Omamori","Cables","Thread and Needle","Lizard Tail","Potion Belt","Dead Branch","Symbiotic Virus","Mark of the Bloom","Mercury Hourglass"],"potions_floor_usage":[5,7,11,11,11,16,16,24,29,29,31,38,50],"damage_taken":[{"damage":3,"enemies":"2 Louse","floor":1,"turns":2},{"damage":0,"enemies":"Small Slimes","floor":2,"turns":2},{"damage":7,"enemies":"Jaw Worm","floor":3,"turns":2},{"damage":0,"enemies":"Exordium Thugs","floor":5,"turns":3},{"damage":10,"enemies":"Large Slime","floor":7,"turns":5},{"damage":10,"enemies":"Gremlin Nob","floor":11,"turns":3},{"damage":0,"enemies":"3 Louse","floor":12,"turns":1},{"damage":22,"enemies":"The Guardian","floor":16,"turns":7},{"damage":0,"enemies":"Spheric Guardian","floor":18,"turns":3},{"damage":12,"enemies":"Shell Parasite","floor":20,"turns":4},{"damage":41,"enemies":"Book of Stabbing","floor":24,"turns":6},{"damage":34,"enemies":"Gremlin Leader","floor":27,"turns":8},{"damage":4,"enemies":"3 Cultists","floor":29,"turns":5},{"damage":2,"enemies":"Chosen and Byrds","floor":30,"turns":5},{"damage":13,"enemies":"Snecko","floor":31,"turns":6},{"damage":36,"enemies":"Automaton","floor":33,"turns":9},{"damage":7,"enemies":"Orb Walker","floor":35,"turns":4},{"damage":22,"enemies":"3 Shapes","floor":38,"turns":8},{"damage":125,"enemies":"Reptomancer","floor":41,"turns":9},{"damage":12,"enemies":"Spire Growth","floor":48,"turns":6},{"damage":66,"enemies":"Donu and Deca","floor":50,"turns":10}],"seed_played":"-3911990184783353988","potions_obtained":[{"floor":0,"key":"EntropicBrew"},{"floor":0,"key":"Block Potion"},{"floor":0,"key":"Swift Potion"},{"floor":2,"key":"Dexterity Potion"},{"floor":3,"key":"SkillPotion"},{"floor":11,"key":"Block Potion"},{"floor":16,"key":"Weak Potion"},{"floor":20,"key":"Fruit Juice"},{"floor":27,"key":"SkillPotion"},{"floor":29,"key":"Strength Potion"},{"floor":35,"key":"Fire Potion"},{"floor":41,"key":"Dexterity Potion"}],"is_trial":false,"path_per_floor":["M","M","M","?","M","R","M","R","T","R","E","M","R","?","R","B",null,"M","?","M","$","T","R","E","R","T","E","?","M","M","M","R","B",null,"M","?","$","M","?","R","E","R","T","R","T","$","?","M","R","B",null],"character_chosen":"DEFECT","items_purchased":["Double Energy","Strawberry","Cold Snap","Leap","Thunder Strike","Loop","Steam"],"campfire_rested":6,"item_purchase_floors":[21,21,21,37,37,37,46],"current_hp_per_floor":[72,72,65,70,70,70,60,60,60,80,70,70,70,70,70,48,80,80,80,68,75,75,75,34,60,60,26,26,27,45,52,79,53,92,85,85,85,73,61,88,35,62,62,89,89,89,89,77,77,11],"gold":57,"neow_bonus":"THREE_SMALL_POTIONS","is_prod":false,"is_daily":false,"chose_seed":false,"campfire_upgraded":4,"win_rate":0,"timestamp":1551141581,"path_taken":["M","M","M","?","M","R","M","R","T","R","E","M","R","?","R","BOSS","M","?","M","$","?","R","E","R","T","E","?","M","M","M","R","BOSS","M","?","$","M","?","R","E","R","T","R","?","$","?","M","R","BOSS"],"build_version":"2019-01-23","purchased_purges":0,"victory":true,"max_hp_per_floor":[75,75,75,80,80,80,80,80,80,80,80,80,80,80,80,80,80,80,80,80,87,87,87,87,87,87,87,87,92,92,92,92,92,92,92,92,92,92,92,92,92,92,92,92,92,92,92,92,92,92],"card_choices":[{"not_picked":["Storm","Turbo"],"picked":"Beam Cell","floor":1},{"not_picked":["Stack","Leap"],"picked":"Lockon","floor":2},{"not_picked":["Turbo","Go for the Eyes"],"picked":"Doom and Gloom","floor":3},{"not_picked":["Conserve Battery","Beam Cell"],"picked":"Echo Form","floor":5},{"not_picked":["Hologram","Compile Driver"],"picked":"Gash","floor":7},{"not_picked":["Cold Snap","Sweeping Beam"],"picked":"Chill","floor":11},{"not_picked":["Loop","Redo"],"picked":"Gash","floor":12},{"not_picked":["Amplify","Meteor Strike"],"picked":"Seek","floor":16},{"not_picked":["Go for the Eyes","Reinforced Body"],"picked":"Gash","floor":17},{"not_picked":["Conserve Battery","Skim"],"picked":"Gash","floor":17},{"not_picked":["Rainbow","Steam"],"picked":"Conserve Battery","floor":17},{"not_picked":["Barrage","Streamline"],"picked":"Rebound","floor":17},{"not_picked":["Streamline","Chaos"],"picked":"Ball Lightning","floor":17},{"not_picked":["Redo","Storm"],"picked":"Go for the Eyes+1","floor":18},{"not_picked":["Reprogram","Sweeping Beam"],"picked":"Conserve Battery","floor":20},{"not_picked":["Machine Learning","Sunder"],"picked":"Stack","floor":24},{"not_picked":["Compile Driver","Sweeping Beam","Go for the Eyes"],"picked":"SKIP","floor":27},{"not_picked":["Coolheaded+1","Sweeping Beam+1"],"picked":"Self Repair+1","floor":29},{"not_picked":["Barrage+1","Chaos"],"picked":"Auto Shields","floor":30},{"not_picked":["Barrage+1","Rebound"],"picked":"Reinforced Body","floor":31},{"not_picked":["Thunder Strike","Amplify"],"picked":"All For One","floor":33},{"not_picked":["Barrage+1","Beam Cell+1"],"picked":"Auto Shields+1","floor":35},{"not_picked":["Beam Cell","Undo"],"picked":"Cold Snap+1","floor":38},{"not_picked":["Consume+1","Glacier"],"picked":"Turbo+1","floor":41},{"not_picked":["Redo","Chill+1"],"picked":"White Noise+1","floor":48}],"player_experience":409210,"relics_obtained":[{"floor":9,"key":"Tiny Chest"},{"floor":11,"key":"Pen Nib"},{"floor":22,"key":"Shovel"},{"floor":23,"key":"Juzu Bracelet"},{"floor":24,"key":"Omamori"},{"floor":26,"key":"Cables"},{"floor":27,"key":"Thread and Needle"},{"floor":41,"key":"Potion Belt"},{"floor":43,"key":"Dead Branch"},{"floor":45,"key":"Symbiotic Virus"},{"floor":49,"key":"Mercury Hourglass"}],"event_choices":[{"damage_healed":0,"gold_gain":0,"player_choice":"Donut","damage_taken":0,"max_hp_gain":5,"max_hp_loss":0,"event_name":"Big Fish","floor":4,"gold_loss":0},{"cards_removed":["Strike_B"],"damage_healed":0,"gold_gain":0,"player_choice":"Card Removal","damage_taken":0,"max_hp_gain":0,"max_hp_loss":0,"event_name":"The Cleric","floor":14,"gold_loss":50},{"damage_healed":0,"gold_gain":0,"player_choice":"Simplicity","damage_taken":0,"max_hp_gain":0,"max_hp_loss":0,"event_name":"Back to Basics","floor":19,"gold_loss":0,"cards_upgraded":["Strike_B","Strike_B","Strike_B","Defend_B","Defend_B","Defend_B","Defend_B"]},{"damage_healed":0,"gold_gain":0,"player_choice":"Ignored","damage_taken":0,"max_hp_gain":0,"max_hp_loss":0,"event_name":"Cursed Tome","floor":28,"gold_loss":0},{"cards_removed":["Defend_B"],"damage_healed":0,"gold_gain":0,"player_choice":"Removed Skill","damage_taken":0,"max_hp_gain":0,"max_hp_loss":0,"event_name":"Falling","floor":36,"gold_loss":0},{"damage_healed":0,"gold_gain":0,"player_choice":"Embrace Madness","damage_taken":12,"max_hp_gain":0,"max_hp_loss":0,"event_name":"Winding Halls","floor":39,"gold_loss":0,"cards_obtained":["Madness","Madness"]},{"damage_healed":0,"gold_gain":0,"player_choice":"Upgrade","damage_taken":0,"relics_obtained":["Mark of the Bloom"],"max_hp_gain":0,"max_hp_loss":0,"event_name":"MindBloom","floor":47,"gold_loss":0,"cards_upgraded":["Beam Cell","Doom and Gloom","Gash","Chill","Gash","Seek","Gash","Gash","Conserve Battery","Rebound","Ball Lightning","Conserve Battery","Double Energy","Cold Snap","Stack","Auto Shields","Reinforced Body","All For One","Leap","Thunder Strike","Loop","Madness","Madness","Steam"]}],"is_beta":false,"boss_relics":[{"not_picked":["Coffee Dripper","Ectoplasm"],"picked":"Orrery"},{"not_picked":["Inserter","Tiny House"],"picked":"Lizard Tail"}],"items_purged_floors":[],"is_endless":false,"potions_floor_spawned":[2,3,11,16,20,27,29,35,41],"ascension_level":4}