{"path_per_floor":["M","M","M","M","?","E","?","M","T","M"],"character_chosen":"DEFECT","items_purchased":[],"gold_per_floor":[110,122,135,148,148,180,145,162,162,176,176],"floor_reached":11,"campfire_rested":0,"playtime":443,"item_purchase_floors":[],"current_hp_per_floor":[74,73,73,68,68,36,54,40,40,22,0],"items_purged":[],"gold":176,"score":77,"play_id":"989df537-4c30-4523-8b27-66ba66d6dff2","local_time":"20180605145734","is_prod":false,"is_daily":false,"chose_seed":false,"is_ascension_mode":false,"campfire_upgraded":0,"win_rate":0.0,"timestamp":1528203454,"campfire_choices":[],"path_taken":["M","M","M","M","?","E","?","M","T","M","M"],"build_version":"2018-05-31","seed_source_timestamp":310383716637329,"purchased_purges":0,"victory":false,"master_deck":["Strike_B","Strike_B","Strike_B","Strike_B","Defend_B","Defend_B","Defend_B","Defend_B","Zap","Dualcast","Chaos","White Noise","Melter","Amplify","Regret","Loop","Recycle"],"max_hp_per_floor":[75,75,75,75,75,75,75,75,75,75,75],"relics":["Cracked Core","Art of War","Kunai","Matryoshka"],"card_choices":[{"not_picked":["Conserve Battery","Compile Driver"],"picked":"Chaos","floor":1},{"not_picked":["Scrape","Streamline"],"picked":"White Noise","floor":2},{"not_picked":["Defragment","Sweeping Beam"],"picked":"Melter","floor":3},{"not_picked":["Capacitor","Steam"],"picked":"Amplify","floor":4},{"not_picked":["Compile Driver","Streamline"],"picked":"Loop","floor":6},{"not_picked":["Leap","Steam","Turbo"],"picked":"SKIP","floor":8},{"not_picked":["Steam","Sweeping Beam"],"picked":"Recycle","floor":10}],"player_experience":315977,"potions_floor_usage":[],"damage_taken":[{"damage":1,"enemies":"2 Louse","floor":1,"turns":3},{"damage":1,"enemies":"Jaw Worm","floor":2,"turns":4},{"damage":0,"enemies":"Cultist","floor":3,"turns":5},{"damage":12,"enemies":"3 Louse","floor":4,"turns":3},{"damage":32,"enemies":"Lagavulin","floor":6,"turns":6},{"damage":14,"enemies":"Looter","floor":8,"turns":4},{"damage":18,"enemies":"Blue Slaver","floor":10,"turns":4},{"damage":26,"enemies":"Exordium Thugs","floor":11,"turns":3}],"relics_obtained":[{"floor":6,"key":"Kunai"},{"floor":9,"key":"Matryoshka"}],"event_choices":[{"event_name":"Big Fish","player_choice":"Box","floor":5,"damage_taken":0},{"event_name":"The Cleric","player_choice":"Healed","floor":7,"damage_taken":0}],"boss_relics":[],"items_purged_floors":[],"potions_floor_spawned":[4,8,10],"seed_played":"-7986052506832787581","killed_by":"Exordium Thugs","ascension_level":0,"potions_obtained":[{"floor":4,"key":"Explosive Potion"},{"floor":8,"key":"LiquidBronze"},{"floor":10,"key":"Explosive Potion"}],"is_trial":false}