{"path_per_floor":["M","$","M","?","M","R","E","R","T","?","R","M","?","?","R","B",null,"M","?","M","M","$","R","?","R","T","?","M","T","?","M","R"],"character_chosen":"IRONCLAD","items_purchased":["Paper Frog","Burning Pact"],"gold_per_floor":[118,43,59,59,74,74,108,108,108,283,283,302,372,372,372,467,497,512,437,449,468,40,40,40,40,93,93,109,136,136,151,151],"floor_reached":33,"campfire_rested":1,"playtime":2723,"current_hp_per_floor":[80,80,80,55,61,61,47,47,47,47,47,45,45,45,45,31,85,79,79,70,45,45,45,29,57,57,49,33,40,75,63,63],"items_purged":["Strike_R","Strike_R"],"gold":151,"play_id":"df3552f7-9640-4f04-a88d-7dd39844be4e","is_prod":false,"is_daily":false,"is_ascension_mode":false,"campfire_upgraded":4,"path_taken":["M","$","M","?","?","R","E","R","T","?","R","M","?","?","R","BOSS","M","?","M","M","$","R","?","R","T","?","M","?","?","M","R","BOSS"],"build_version":"2018-02-01-PROD3","purchased_purges":2,"victory":false,"master_deck":["Strike_R","Strike_R","Defend_R","Defend_R","Defend_R","Defend_R","Bash+1","Armaments+1","Sentinel","Metallicize","Body Slam+1","Metallicize","Feed+1","Thunderclap","Armaments+1","Cleave+1","Burning Pact+1","Necronomicurse","True Grit+1","Body Slam+1","Impervious+1"],"max_hp_per_floor":[80,80,80,80,80,80,80,80,80,80,80,80,80,80,80,80,85,89,89,93,96,96,96,96,96,96,96,100,107,107,111,111],"relics":["Burning Blood","NeowsBlessing","Prayer Wheel","Toxic Egg 2","Peace Pipe","Champion Belt","Tiny House","Paper Frog","Necronomicon","Bronze Scales","Strawberry"],"card_choices":[{"not_picked":["Clash","Sentinel"],"picked":"Armaments"},{"not_picked":["Rage","True Grit"],"picked":"Sentinel"},{"not_picked":["Dropkick","Sword Boomerang"],"picked":"Metallicize"},{"not_picked":["Bloodletting","Wild Strike"],"picked":"Body Slam"},{"not_picked":["Twin Strike","Bloodletting"],"picked":"Metallicize"},{"not_picked":["Fiend Fire","Immolate"],"picked":"Feed"},{"not_picked":["Whirlwind","Heavy Blade"],"picked":"Thunderclap"},{"not_picked":["Twin Strike","Dual Wield"],"picked":"Armaments"},{"not_picked":["Rupture","Flex"],"picked":"Cleave"},{"not_picked":["Battle Trance","Rupture"],"picked":"True Grit"},{"not_picked":["Shrug It Off","Clothesline"],"picked":"Body Slam"},{"not_picked":["Warcry","Twin Strike"],"picked":"Impervious"}],"player_experience":121414,"potions_floor_usage":[7,16,21,28,31],"damage_taken":[{"damage":0,"enemies":"2 Louse","floor":1,"turns":1},{"damage":0,"enemies":"Small Slimes","floor":3,"turns":1},{"damage":0,"enemies":"Cultist","floor":5,"turns":1},{"damage":20,"enemies":"3 Sentries","floor":7,"turns":15},{"damage":8,"enemies":"Red Slaver","floor":12,"turns":6},{"damage":20,"enemies":"Slime Boss","floor":16,"turns":21},{"damage":16,"enemies":"Shell Parasite","floor":18,"turns":11},{"damage":19,"enemies":"Spheric Guardian","floor":20,"turns":8},{"damage":34,"enemies":"Slaver and Parasite","floor":21,"turns":9},{"damage":26,"enemies":"3 Cultists","floor":28,"turns":7},{"damage":22,"enemies":"Centurion and Healer","floor":31,"turns":5},{"damage":63,"enemies":"Automaton","floor":33,"turns":12}],"event_choices":[{"event_name":"Scrap Ooze","player_choice":"success","floor":4,"damage_taken":25},{"event_name":"Liars Game","player_choice":"agreed","floor":10,"damage_taken":0},{"event_name":"Golden Wing","player_choice":"Gained Gold","floor":13,"damage_taken":0},{"event_name":"Big Fish","player_choice":"Box","floor":14,"damage_taken":0},{"event_name":"Beggar","player_choice":"Gave Gold","floor":19,"damage_taken":0},{"event_name":"Cursed Tome","player_choice":"Obtained Book","floor":24,"damage_taken":0},{"event_name":"Knowing Skull","player_choice":"","floor":27,"damage_taken":0},{"event_name":"The Library","player_choice":"Heal","floor":30,"damage_taken":0}],"boss_relics":[{"not_picked":["Eternal Feather","Runic Cube"],"picked":"Tiny House"}],"potions_floor_spawned":[3,12,20,28],"seed_played":"-6463049286783809350","killed_by":"Automaton","ascension_level":0,"is_trial":false}