{"gold_per_floor":[112,124,137,153,153,181,181,210,210,210,240,240],"floor_reached":12,"playtime":430,"items_purged":[],"score":142,"play_id":"eaf3e464-9101-41b9-bd76-dcfccd820912","local_time":"20190118103607","is_ascension_mode":true,"campfire_choices":[{"floor":7,"key":"REST"},{"floor":10,"key":"REST"}],"neow_cost":"NONE","seed_source_timestamp":671618949251900,"circlet_count":0,"master_deck":["Defend_G","Defend_G","Defend_G","Defend_G","Defend_G","Strike_G","Strike_G","Strike_G","Strike_G","Strike_G","Survivor","Neutralize+1","Tools of the Trade","Well Laid Plans","Deadly Poison","Cloak And Dagger","Deadly Poison","Bane","Sucker Punch"],"relics":["Ring of the Snake","Boot","Smiling Mask","Omamori","Darkstone Periapt"],"potions_floor_usage":[3,4],"damage_taken":[{"damage":4,"enemies":"Jaw Worm","floor":1,"turns":6},{"damage":0,"enemies":"Cultist","floor":2,"turns":4},{"damage":1,"enemies":"2 Louse","floor":3,"turns":2},{"damage":1,"enemies":"Exordium Wildlife","floor":4,"turns":5},{"damage":50,"enemies":"Gremlin Nob","floor":6,"turns":5},{"damage":22,"enemies":"Lagavulin","floor":8,"turns":6},{"damage":24,"enemies":"Gremlin Nob","floor":11,"turns":4},{"damage":9,"enemies":"Large Slime","floor":12,"turns":5}],"seed_played":"1009813099216845482","potions_obtained":[{"floor":2,"key":"SteroidPotion"},{"floor":3,"key":"Strength Potion"},{"floor":6,"key":"LiquidBronze"}],"is_trial":false,"path_per_floor":["M","M","M","M","?","E","R","E","T","R","E","M"],"character_chosen":"THE_SILENT","items_purchased":[],"campfire_rested":2,"item_purchase_floors":[],"current_hp_per_floor":[59,59,58,57,57,7,28,6,6,27,3,0],"gold":240,"neow_bonus":"ONE_RANDOM_RARE_CARD","is_prod":false,"is_daily":false,"chose_seed":false,"campfire_upgraded":0,"win_rate":0,"timestamp":1547804167,"path_taken":["M","M","M","M","?","E","R","E","T","R","E","M"],"build_version":"2019-01-17","purchased_purges":0,"victory":false,"max_hp_per_floor":[70,70,70,70,70,70,70,70,70,70,70,70],"card_choices":[{"not_picked":["Acrobatics","Accuracy","Flechettes"],"picked":"SKIP","floor":1},{"not_picked":["Eviscerate","Outmaneuver"],"picked":"Well Laid Plans","floor":2},{"not_picked":["Finisher","Accuracy"],"picked":"Deadly Poison","floor":3},{"not_picked":["Eviscerate","PiercingWail"],"picked":"Cloak And Dagger","floor":4},{"not_picked":["Choke","Quick Slash"],"picked":"Deadly Poison","floor":6},{"not_picked":["Flying Knee","Riddle With Holes"],"picked":"Bane","floor":8},{"not_picked":["Dagger Spray","Heel Hook"],"picked":"Sucker Punch","floor":11}],"player_experience":383012,"relics_obtained":[{"floor":6,"key":"Boot"},{"floor":8,"key":"Smiling Mask"},{"floor":9,"key":"Omamori"},{"floor":11,"key":"Darkstone Periapt"}],"event_choices":[{"damage_healed":0,"gold_gain":0,"player_choice":"Forge","damage_taken":0,"max_hp_gain":0,"max_hp_loss":0,"event_name":"Accursed Blacksmith","floor":5,"gold_loss":0,"cards_upgraded":["Neutralize"]}],"is_beta":false,"boss_relics":[],"items_purged_floors":[],"is_endless":false,"potions_floor_spawned":[2,3,6],"killed_by":"Large Slime","ascension_level":9}