{"gold_per_floor":[113,113,113,128,23,23,48,48,48,65,78,78,90,101,101,201,251,261,176,176,64,77,104,118,118,118,128,128,145,245,258,258,361,361,377,392,403,403],"floor_reached":38,"playtime":2085,"items_purged":[],"score":400,"play_id":"6bdc533d-86e4-4628-8406-fcb84ad81bef","local_time":"20190225230651","is_ascension_mode":false,"campfire_choices":[{"data":"Infernal Blade","floor":6,"key":"SMITH"},{"data":"Whirlwind","floor":8,"key":"SMITH"},{"data":"Bash","floor":12,"key":"SMITH"},{"data":"Sword Boomerang","floor":15,"key":"SMITH"},{"floor":25,"key":"REST"},{"data":"Seeing Red","floor":28,"key":"SMITH"},{"floor":32,"key":"REST"}],"neow_cost":"NONE","seed_source_timestamp":45355751191793,"circlet_count":0,"master_deck":["Bash+1","Cleave+1","Infernal Blade+1","Sword Boomerang+1","Combust","Whirlwind+1","True Grit","Shrug It Off","Demon Form+1","Shrug It Off+1","Pummel","Juggernaut+1","Seeing Red+1","Disarm","Clothesline","Rampage","Spot Weakness","Battle Trance+1","Armaments+1","Warcry+1","Barricade+1","Clothesline","Thunderclap","Flame Barrier","Uppercut","Wild Strike","Sever Soul","Fiend Fire","Combust+1","Seeing Red","Shrug It Off"],"relics":["Burning Blood","Ornamental Fan","Frozen Egg 2","Mercury Hourglass","Tiny House","Self Forming Clay","Shuriken","Centennial Puzzle","Magic Flower","Pantograph","Pandora\u0027s Box"],"potions_floor_usage":[14,16,18,23,27,30,30,33,38],"damage_taken":[{"damage":6,"enemies":"2 Louse","floor":1,"turns":3},{"damage":0,"enemies":"Small Slimes","floor":4,"turns":2},{"damage":26,"enemies":"Gremlin Nob","floor":7,"turns":4},{"damage":1,"enemies":"Cultist","floor":10,"turns":3},{"damage":10,"enemies":"Looter","floor":11,"turns":2},{"damage":2,"enemies":"3 Louse","floor":13,"turns":2},{"damage":1,"enemies":"Lots of Slimes","floor":14,"turns":2},{"damage":40,"enemies":"The Guardian","floor":16,"turns":11},{"damage":18,"enemies":"Spheric Guardian","floor":18,"turns":4},{"damage":0,"enemies":"3 Byrds","floor":22,"turns":2},{"damage":25,"enemies":"Book of Stabbing","floor":23,"turns":4},{"damage":14,"enemies":"Sentry and Sphere","floor":24,"turns":4},{"damage":11,"enemies":"Centurion and Healer","floor":27,"turns":4},{"damage":24,"enemies":"Shelled Parasite and Fungi","floor":29,"turns":4},{"damage":17,"enemies":"Colosseum Slavers","floor":30,"turns":3},{"damage":20,"enemies":"Colosseum Nobs","floor":30,"turns":3},{"damage":19,"enemies":"Sentry and Sphere","floor":31,"turns":4},{"damage":55,"enemies":"Automaton","floor":33,"turns":8},{"damage":11,"enemies":"3 Shapes","floor":35,"turns":3},{"damage":19,"enemies":"3 Darklings","floor":36,"turns":3},{"damage":28,"enemies":"Sphere and 2 Shapes","floor":37,"turns":5},{"damage":63,"enemies":"Maw","floor":38,"turns":7}],"seed_played":"2023253683597382571","potions_obtained":[{"floor":7,"key":"Weak Potion"},{"floor":10,"key":"SpeedPotion"},{"floor":13,"key":"PowerPotion"},{"floor":16,"key":"Block Potion"},{"floor":17,"key":"Poison Potion"},{"floor":23,"key":"LiquidBronze"},{"floor":24,"key":"Energy Potion"},{"floor":29,"key":"Dexterity Potion"},{"floor":30,"key":"Explosive Potion"},{"floor":33,"key":"BloodPotion"},{"floor":37,"key":"PowerPotion"}],"is_trial":false,"path_per_floor":["M","?","?","M","$","R","E","R","T","M","M","R","M","M","R","B",null,"M","?","?","$","M","E","M","R","T","M","R","M","?","M","R","B",null,"M","M","M","M"],"character_chosen":"IRONCLAD","items_purchased":["Sword Boomerang","Combust","Seeing Red","Disarm"],"campfire_rested":2,"item_purchase_floors":[5,5,21,21],"current_hp_per_floor":[88,70,70,76,76,76,56,56,56,61,57,57,61,66,66,32,93,81,81,81,81,87,68,60,87,87,82,82,64,39,29,56,47,93,91,81,62,0],"gold":403,"neow_bonus":"TEN_PERCENT_HP_BONUS","is_prod":false,"is_daily":false,"chose_seed":false,"campfire_upgraded":5,"win_rate":0,"timestamp":1551157611,"path_taken":["M","?","?","M","$","R","E","R","T","?","M","R","M","M","R","BOSS","M","?","?","$","M","E","M","R","T","?","R","M","?","M","R","BOSS","M","M","M","M"],"build_version":"2019-01-23","purchased_purges":0,"victory":false,"max_hp_per_floor":[88,88,88,88,88,88,88,88,88,88,88,88,88,88,88,88,93,93,93,93,93,93,93,93,93,93,93,93,93,93,93,93,93,93,93,93,93,93],"card_choices":[{"not_picked":["Heavy Blade","Havoc"],"picked":"Cleave","floor":1},{"not_picked":["Bloodletting","Corruption"],"picked":"Infernal Blade","floor":4},{"not_picked":["Exhume","Shockwave"],"picked":"Whirlwind","floor":7},{"not_picked":["Whirlwind","Cleave","Body Slam"],"picked":"SKIP","floor":10},{"not_picked":["Anger","Blood for Blood"],"picked":"True Grit","floor":11},{"not_picked":["Intimidate","Bloodletting"],"picked":"Shrug It Off","floor":13},{"not_picked":["Clash","Body Slam","Warcry"],"picked":"SKIP","floor":14},{"not_picked":["Impervious","Berserk+1"],"picked":"Demon Form+1","floor":16},{"not_picked":["Sword Boomerang","Iron Wave+1"],"picked":"Shrug It Off+1","floor":18},{"not_picked":["Cleave+1","Iron Wave"],"picked":"Clothesline","floor":22},{"not_picked":["Battle Trance","Body Slam"],"picked":"Rampage","floor":23},{"not_picked":["Havoc","Cleave"],"picked":"Spot Weakness","floor":24},{"not_picked":["Sentinel","Havoc"],"picked":"Battle Trance+1","floor":27},{"not_picked":["Sword Boomerang","Thunderclap","Hemokinesis"],"picked":"SKIP","floor":29},{"not_picked":["Fire Breathing+1","Dual Wield+1"],"picked":"Armaments+1","floor":30},{"not_picked":["Sever Soul","Flex"],"picked":"Warcry+1","floor":31},{"not_picked":["Impervious","Demon Form+1"],"picked":"Barricade+1","floor":33},{"not_picked":["Flex","Thunderclap+1","Sever Soul+1"],"picked":"SKIP","floor":35},{"not_picked":["Thunderclap+1","Sentinel"],"picked":"Shrug It Off","floor":36},{"not_picked":["Inflame+1","Thunderclap","Hemokinesis+1"],"picked":"SKIP","floor":37}],"player_experience":414131,"relics_obtained":[{"floor":7,"key":"Frozen Egg 2"},{"floor":9,"key":"Mercury Hourglass"},{"floor":23,"key":"Shuriken"},{"floor":26,"key":"Centennial Puzzle"},{"floor":30,"key":"Magic Flower"},{"floor":30,"key":"Pantograph"}],"event_choices":[{"damage_healed":0,"gold_gain":0,"player_choice":"Success","damage_taken":18,"relics_obtained":["Ornamental Fan"],"max_hp_gain":0,"max_hp_loss":0,"event_name":"Scrap Ooze","floor":2,"gold_loss":0},{"damage_healed":0,"gold_gain":0,"player_choice":"Upgraded","damage_taken":0,"max_hp_gain":0,"max_hp_loss":0,"event_name":"Upgrade Shrine","floor":3,"gold_loss":0,"cards_upgraded":["Cleave"]},{"damage_healed":0,"gold_gain":0,"player_choice":"Obtained Relic","damage_taken":0,"relics_obtained":["Self Forming Clay"],"max_hp_gain":0,"max_hp_loss":0,"event_name":"Addict","floor":19,"gold_loss":85},{"damage_healed":0,"gold_gain":0,"player_choice":"2 cards matched","damage_taken":0,"max_hp_gain":0,"max_hp_loss":0,"event_name":"Match and Keep!","floor":20,"gold_loss":0,"cards_obtained":["Pummel","Juggernaut"]},{"damage_healed":0,"gold_gain":0,"player_choice":"Fight","damage_taken":0,"max_hp_gain":0,"max_hp_loss":0,"event_name":"Colosseum","floor":30,"gold_loss":0},{"damage_healed":0,"gold_gain":0,"player_choice":"Fought Nobs","damage_taken":0,"max_hp_gain":0,"max_hp_loss":0,"event_name":"Colosseum","floor":30,"gold_loss":0}],"is_beta":false,"boss_relics":[{"not_picked":["Fusion Hammer","Empty Cage"],"picked":"Tiny House"},{"not_picked":["White Beast Statue","Sozu"],"picked":"Pandora\u0027s Box"}],"items_purged_floors":[],"is_endless":false,"potions_floor_spawned":[7,10,13,16,23,24,29,30,30,33,37],"killed_by":"Maw","ascension_level":0}