{"gold_per_floor":[116,128,147,322,112,112,143,143,166,199,199,212,222,241,241,341,341,359,359,76,90,43,68,79,96,96,96,111,111,111,125,125,125],"floor_reached":33,"playtime":1441,"items_purged":["Doubt"],"score":374,"play_id":"757e60c6-ac14-4cbf-a6c6-a4cdc00406ae","local_time":"20190127164033","is_ascension_mode":true,"campfire_choices":[{"data":"Bash","floor":6,"key":"SMITH"},{"data":"Whirlwind","floor":8,"key":"SMITH"},{"data":"Metallicize","floor":15,"key":"SMITH"},{"data":"Body Slam","floor":27,"key":"SMITH"},{"data":"Anger","floor":29,"key":"SMITH"},{"floor":32,"key":"REST"}],"neow_cost":"NONE","seed_source_timestamp":261578686723100,"circlet_count":0,"master_deck":["Strike_R","Strike_R","Defend_R","Defend_R","Defend_R","Bash+1","Shrug It Off","Thunderclap","Metallicize+1","Headbutt","Panacea","Whirlwind+1","Inflame","Rage+1","Pommel Strike","Iron Wave","Bludgeon","Seeing Red+1","Battle Trance+1","Sword Boomerang+1","Anger+1","Cleave","Shockwave","Body Slam+1","Clothesline","Heavy Blade+1","Shrug It Off","Heavy Blade+1","Inflame","Pummel"],"relics":["Burning Blood","NeowsBlessing","Art of War","Strawberry","WingedGreaves","Astrolabe","Happy Flower","Shovel","Pantograph","Pear"],"potions_floor_usage":[10,23,23,33],"damage_taken":[{"damage":0,"enemies":"Cultist","floor":1,"turns":1},{"damage":0,"enemies":"2 Louse","floor":2,"turns":1},{"damage":0,"enemies":"Jaw Worm","floor":3,"turns":1},{"damage":31,"enemies":"Gremlin Nob","floor":7,"turns":5},{"damage":12,"enemies":"3 Sentries","floor":10,"turns":6},{"damage":15,"enemies":"Red Slaver","floor":12,"turns":3},{"damage":7,"enemies":"Exordium Thugs","floor":13,"turns":4},{"damage":3,"enemies":"Blue Slaver","floor":14,"turns":4},{"damage":13,"enemies":"The Guardian","floor":16,"turns":13},{"damage":10,"enemies":"Shell Parasite","floor":18,"turns":5},{"damage":0,"enemies":"Spheric Guardian","floor":21,"turns":4},{"damage":27,"enemies":"Book of Stabbing","floor":23,"turns":5},{"damage":25,"enemies":"Centurion and Healer","floor":24,"turns":5},{"damage":7,"enemies":"Chosen and Byrds","floor":25,"turns":4},{"damage":1,"enemies":"Snecko","floor":28,"turns":3},{"damage":43,"enemies":"Snake Plant","floor":31,"turns":3},{"damage":89,"enemies":"Champ","floor":33,"turns":11}],"seed_played":"33762843014135599","potions_obtained":[{"floor":1,"key":"EssenceOfSteel"},{"floor":3,"key":"Ancient Potion"},{"floor":10,"key":"SkillPotion"},{"floor":13,"key":"GamblersBrew"},{"floor":18,"key":"Fire Potion"},{"floor":25,"key":"LiquidBronze"},{"floor":28,"key":"Strength Potion"}],"is_trial":false,"path_per_floor":["M","M","M","?","$","R","E","R","T","E","?","M","M","M","R","B",null,"M","?","$","M","$","E","M","M","T","R","M","R","T","M","R","B"],"character_chosen":"IRONCLAD","items_purchased":["Headbutt","Panacea","Cleave","Shockwave","Happy Flower","Clothesline"],"campfire_rested":1,"item_purchase_floors":[5,5,20,20,20,22],"current_hp_per_floor":[80,80,80,80,80,80,55,55,62,56,56,47,46,49,49,42,76,72,72,72,78,78,57,38,37,37,37,42,42,52,15,44,0],"gold":125,"neow_bonus":"THREE_ENEMY_KILL","is_prod":false,"is_daily":false,"chose_seed":false,"campfire_upgraded":5,"win_rate":0,"timestamp":1548603633,"path_taken":["M","M","?","?","$","R","E","R","T","E","?","?","M","M","R","BOSS","M","?","$","?","?","E","M","M","T","R","M","R","?","M","R","BOSS"],"build_version":"2019-01-23","purchased_purges":1,"victory":false,"max_hp_per_floor":[80,80,80,80,80,80,80,80,87,87,87,87,87,87,87,87,87,87,87,87,87,87,87,87,87,87,87,87,87,97,97,97,97],"card_choices":[{"not_picked":["Armaments","Flex"],"picked":"Shrug It Off","floor":1},{"not_picked":["True Grit","Wild Strike"],"picked":"Thunderclap","floor":2},{"not_picked":["Second Wind","Wild Strike"],"picked":"Metallicize","floor":3},{"not_picked":["Wild Strike","Dual Wield"],"picked":"Whirlwind","floor":7},{"not_picked":["Dropkick","Fire Breathing"],"picked":"Inflame","floor":10},{"not_picked":["Carnage","Havoc"],"picked":"Rage","floor":12},{"not_picked":["Hemokinesis","True Grit"],"picked":"Pommel Strike","floor":13},{"not_picked":["Sword Boomerang","Reckless Charge"],"picked":"Iron Wave","floor":14},{"not_picked":["Dark Embrace","Berserk"],"picked":"Bludgeon","floor":16},{"not_picked":["Twin Strike","Feel No Pain"],"picked":"Anger","floor":18},{"not_picked":["Warcry","Battle Trance+1"],"picked":"Body Slam","floor":21},{"not_picked":["Cleave","Thunderclap"],"picked":"Heavy Blade+1","floor":23},{"not_picked":["Twin Strike","Bloodletting"],"picked":"Shrug It Off","floor":24},{"not_picked":["Wild Strike","Searing Blow"],"picked":"Heavy Blade+1","floor":25},{"not_picked":["Disarm","Clash"],"picked":"Inflame","floor":28},{"not_picked":["Twin Strike+1","Sentinel"],"picked":"Pummel","floor":31}],"player_experience":400625,"relics_obtained":[{"floor":7,"key":"Art of War"},{"floor":9,"key":"Strawberry"},{"floor":10,"key":"WingedGreaves"},{"floor":23,"key":"Shovel"},{"floor":26,"key":"Pantograph"},{"floor":30,"key":"Pear"}],"event_choices":[{"damage_healed":0,"gold_gain":175,"player_choice":"AGREE","damage_taken":0,"max_hp_gain":0,"max_hp_loss":0,"event_name":"Liars Game","floor":4,"gold_loss":0,"cards_obtained":["Doubt"]},{"cards_removed":["Strike_R"],"damage_healed":0,"gold_gain":0,"player_choice":"Card Removal","damage_taken":0,"max_hp_gain":0,"max_hp_loss":0,"event_name":"Wheel of Change","floor":11,"gold_loss":0},{"damage_healed":0,"gold_gain":0,"player_choice":"Upgraded","damage_taken":0,"max_hp_gain":0,"max_hp_loss":0,"event_name":"Upgrade Shrine","floor":19,"gold_loss":0,"cards_upgraded":["Rage"]}],"is_beta":false,"boss_relics":[{"not_picked":["Philosopher\u0027s Stone","Empty Cage"],"picked":"Astrolabe"}],"items_purged_floors":[5],"is_endless":false,"potions_floor_spawned":[1,3,10,13,18,25,28],"killed_by":"Champ","ascension_level":5}