{"gold_per_floor":[118,136,136,154,166,200,200,232,232,247,258,272,289,308,308,412,412,429,446,371,43,43,43,57,68,92,92,104,104,120,130,130,229,229,248,268,16,32,0,31,31,31,31,47,64,64,83,96,96,96],"floor_reached":51,"playtime":5505,"items_purged":[],"score":766,"play_id":"4e3aa48d-215a-449b-b804-6d95b5a268d4","local_time":"20181003111056","is_ascension_mode":false,"campfire_choices":[{"floor":7,"key":"REST"},{"floor":15,"key":"REST"},{"data":"Noxious Fumes","floor":23,"key":"SMITH"},{"floor":27,"key":"REST"},{"data":"Adrenaline","floor":29,"key":"SMITH"},{"data":"Burst","floor":32,"key":"SMITH"},{"floor":41,"key":"REST"},{"floor":49,"key":"REST"}],"neow_cost":"","seed_source_timestamp":272253717582521,"circlet_count":0,"master_deck":["Survivor+1","Neutralize+1","Noxious Fumes+1","Blade Dance+1","Acrobatics+1","Adrenaline+1","Terror+1","Escape Plan+1","Flying Knee+1","Burst+1","Burst+1","Infinite Blades+1","Prepared+1","Dodge and Roll+1","Deadly Poison+1","Underhanded Strike+1","Dagger Spray+1","Cloak And Dagger+1","Deadly Poison+1","Underhanded Strike+1","Blade Dance+1","Noxious Fumes+1","Footwork+1","After Image+1","Deflect+1","Infinite Blades+1","Storm of Steel+1","Acrobatics+1","Backflip+1","Deflect+1","Adrenaline+1","Blade Dance+1","Blur+1","Accuracy+1"],"relics":["Ring of the Snake","FossilizedHelix","Thread and Needle","Tough Bandages","Pandora\u0027s Box","Frozen Egg 2","Potion Belt","Philosopher\u0027s Stone","Shuriken","Red Mask","Mummified Hand","Mark of the Bloom","Ornamental Fan"],"potions_floor_usage":[6,16,16,18,28,31,33,33,35,36,40],"damage_taken":[{"damage":1,"enemies":"Jaw Worm","floor":1,"turns":6},{"damage":7,"enemies":"Small Slimes","floor":2,"turns":4},{"damage":0,"enemies":"2 Louse","floor":4,"turns":5},{"damage":11,"enemies":"Lots of Slimes","floor":5,"turns":4},{"damage":52,"enemies":"Gremlin Nob","floor":6,"turns":6},{"damage":18,"enemies":"3 Sentries","floor":8,"turns":8},{"damage":0,"enemies":"2 Fungi Beasts","floor":10,"turns":3},{"damage":0,"enemies":"Red Slaver","floor":11,"turns":5},{"damage":0,"enemies":"3 Louse","floor":12,"turns":3},{"damage":0,"enemies":"Gremlin Gang","floor":13,"turns":6},{"damage":0,"enemies":"Red Slaver","floor":14,"turns":4},{"damage":5,"enemies":"The Guardian","floor":16,"turns":13},{"damage":2,"enemies":"2 Thieves","floor":18,"turns":4},{"damage":0,"enemies":"3 Byrds","floor":19,"turns":4},{"damage":10,"enemies":"Centurion and Healer","floor":24,"turns":5},{"damage":7,"enemies":"Chosen and Byrds","floor":25,"turns":5},{"damage":6,"enemies":"3 Cultists","floor":28,"turns":4},{"damage":0,"enemies":"Centurion and Healer","floor":30,"turns":4},{"damage":0,"enemies":"Snake Plant","floor":31,"turns":4},{"damage":0,"enemies":"Collector","floor":33,"turns":9},{"damage":0,"enemies":"Orb Walker","floor":35,"turns":5},{"damage":0,"enemies":"3 Darklings","floor":36,"turns":5},{"damage":0,"enemies":"Maw","floor":38,"turns":6},{"damage":32,"enemies":"2 Orb Walkers","floor":40,"turns":5},{"damage":0,"enemies":"Sphere and 2 Shapes","floor":44,"turns":3},{"damage":0,"enemies":"4 Shapes","floor":45,"turns":3},{"damage":0,"enemies":"3 Darklings","floor":47,"turns":3},{"damage":0,"enemies":"Transient","floor":48,"turns":5},{"damage":0,"enemies":"Donu and Deca","floor":50,"turns":6}],"seed_played":"3913818911896406119","potions_obtained":[{"floor":2,"key":"EssenceOfSteel"},{"floor":4,"key":"FairyPotion"},{"floor":6,"key":"Ancient Potion"},{"floor":12,"key":"EssenceOfSteel"},{"floor":14,"key":"Fire Potion"},{"floor":16,"key":"Poison Potion"},{"floor":24,"key":"Energy Potion"},{"floor":25,"key":"Fire Potion"},{"floor":30,"key":"AttackPotion"},{"floor":31,"key":"SkillPotion"},{"floor":35,"key":"GhostInAJar"},{"floor":36,"key":"PowerPotion"},{"floor":47,"key":"GamblersBrew"}],"is_trial":false,"path_per_floor":["M","M","?","M","M","E","R","?","T","M","M","M","M","M","R","B",null,"M","M","?","$","?","R","M","M","T","R","M","R","M","M","R","B",null,"M","M","$","M","?","E","R","?","T","M","M","$","M","M","R","B"],"character_chosen":"THE_SILENT","items_purchased":["Frozen Egg 2","Noxious Fumes+1","Shuriken"],"campfire_rested":5,"item_purchase_floors":[21,21,37],"current_hp_per_floor":[69,62,55,55,44,7,28,10,10,10,10,10,10,10,31,26,70,68,68,68,68,52,52,42,35,35,56,50,50,50,50,50,50,70,70,70,70,70,70,38,59,59,59,59,59,59,59,59,59,59],"gold":96,"neow_bonus":"","is_prod":false,"is_daily":false,"chose_seed":false,"campfire_upgraded":3,"win_rate":0,"timestamp":1538557856,"path_taken":["M","M","?","?","M","E","R","?","T","M","M","M","M","M","R","BOSS","M","M","?","$","?","R","M","?","T","R","M","R","?","M","R","BOSS","M","M","$","M","?","E","R","?","T","M","?","?","M","M","R","BOSS"],"build_version":"2018-09-27","purchased_purges":0,"victory":true,"max_hp_per_floor":[70,70,70,70,70,70,70,70,70,70,70,70,70,70,70,70,70,70,70,70,70,70,70,70,70,70,70,70,70,70,70,70,70,70,70,70,70,70,70,70,70,70,70,70,70,70,70,70,70,70],"card_choices":[{"not_picked":["Quick Slash","Underhanded Strike"],"picked":"Noxious Fumes","floor":1},{"not_picked":["Heel Hook","Terror"],"picked":"Blade Dance","floor":2},{"not_picked":["Underhanded Strike","Outmaneuver","Sucker Punch"],"picked":"SKIP","floor":4},{"not_picked":["Sucker Punch","Bane"],"picked":"Acrobatics","floor":5},{"not_picked":["Quick Slash","Bane"],"picked":"Adrenaline","floor":6},{"not_picked":["Deflect","Dagger Throw"],"picked":"Terror","floor":8},{"not_picked":["Poisoned Stab","Finisher"],"picked":"Escape Plan","floor":10},{"not_picked":["PiercingWail","Outmaneuver","Dodge and Roll"],"picked":"SKIP","floor":11},{"not_picked":["Doppelganger","Sucker Punch","Riddle With Holes"],"picked":"SKIP","floor":12},{"not_picked":["Underhanded Strike","Outmaneuver"],"picked":"Flying Knee","floor":13},{"not_picked":["Deadly Poison","Predator"],"picked":"Burst","floor":14},{"not_picked":["Glass Knife","Doppelganger"],"picked":"Burst","floor":16},{"not_picked":["Heel Hook","Outmaneuver+1"],"picked":"Underhanded Strike","floor":18},{"not_picked":["Quick Slash","Flying Knee"],"picked":"Blade Dance","floor":19},{"not_picked":["Dagger Throw","Eviscerate+1","Bane"],"picked":"SKIP","floor":24},{"not_picked":["Dagger Throw+1","Backstab+1"],"picked":"Footwork+1","floor":25},{"not_picked":["Outmaneuver","Sucker Punch"],"picked":"After Image+1","floor":28},{"not_picked":["Flying Knee","Riddle With Holes"],"picked":"Deflect","floor":30},{"not_picked":["Backstab","Bane"],"picked":"Infinite Blades+1","floor":31},{"not_picked":["Doppelganger","A Thousand Cuts+1"],"picked":"Storm of Steel","floor":33},{"not_picked":["Reflex+1","Slice"],"picked":"Acrobatics+1","floor":35},{"not_picked":["Choke","PiercingWail"],"picked":"Backflip","floor":36},{"not_picked":["Finisher","PiercingWail"],"picked":"Deflect","floor":38},{"not_picked":["Bane","Leg Sweep"],"picked":"Adrenaline","floor":40},{"not_picked":["Deflect+1","Poisoned Stab+1"],"picked":"Blade Dance+1","floor":44},{"not_picked":["PiercingWail","Deadly Poison+1"],"picked":"Blur+1","floor":45},{"not_picked":["Distraction+1","Leg Sweep","Dagger Spray+1"],"picked":"SKIP","floor":47},{"not_picked":["Bane+1","Predator+1"],"picked":"Accuracy+1","floor":48}],"player_experience":64608,"relics_obtained":[{"floor":6,"key":"FossilizedHelix"},{"floor":8,"key":"Thread and Needle"},{"floor":9,"key":"Tough Bandages"},{"floor":26,"key":"Potion Belt"},{"floor":40,"key":"Mummified Hand"},{"floor":43,"key":"Ornamental Fan"}],"event_choices":[{"event_name":"Golden Wing","player_choice":"Card Removal","floor":3,"damage_taken":0},{"event_name":"Dead Adventurer","player_choice":"Searched \u00273\u0027 times","floor":8,"damage_taken":0},{"event_name":"Beggar","player_choice":"Gave Gold","floor":20,"damage_taken":0},{"event_name":"Cursed Tome","player_choice":"Obtained Book","floor":22,"damage_taken":0},{"event_name":"Tomb of Lord Red Mask","player_choice":"Paid","floor":39,"damage_taken":0},{"event_name":"MindBloom","player_choice":"Upgrade","floor":42,"damage_taken":0}],"is_beta":false,"boss_relics":[{"not_picked":["Coffee Dripper","Astrolabe"],"picked":"Pandora\u0027s Box"},{"not_picked":["Lizard Tail","Eternal Feather"],"picked":"Philosopher\u0027s Stone"}],"items_purged_floors":[],"is_endless":false,"potions_floor_spawned":[2,4,6,12,14,16,24,25,30,31,35,36,47],"ascension_level":0}