{"gold_per_floor":[115,115,190,210,226,226,226,226,226,81,99,99,111,127,127,229,229,249,164,74,85,97,97],"floor_reached":23,"playtime":1012,"items_purged":["Strike_B"],"score":183,"play_id":"bde859d9-c6f8-4959-994a-f63108f32c20","local_time":"20190219001103","is_ascension_mode":false,"campfire_choices":[{"data":"Redo","floor":6,"key":"SMITH"},{"data":"Zap","floor":8,"key":"SMITH"},{"data":"Melter","floor":12,"key":"SMITH"},{"floor":15,"key":"REST"}],"neow_cost":"NONE","seed_source_timestamp":49922992149082,"circlet_count":0,"master_deck":["Strike_B","Defend_B","Defend_B","Defend_B+1","Defend_B","Zap+1","Dualcast","Thunder Strike","Melter+1","Redo+1","Static Discharge","Darkness+1","Stack","Cold Snap","Coolheaded","Compile Driver","Fission","Tempest+1","Turbo+1","Tempest"],"relics":["Cracked Core","Darkstone Periapt","Philosopher\u0027s Stone","War Paint"],"potions_floor_usage":[16,18,21,23],"damage_taken":[{"damage":0,"enemies":"Jaw Worm","floor":1,"turns":3},{"damage":9,"enemies":"2 Louse","floor":4,"turns":2},{"damage":0,"enemies":"Cultist","floor":5,"turns":3},{"damage":2,"enemies":"Blue Slaver","floor":11,"turns":3},{"damage":11,"enemies":"Lots of Slimes","floor":13,"turns":3},{"damage":3,"enemies":"Looter","floor":14,"turns":2},{"damage":20,"enemies":"Hexaghost","floor":16,"turns":8},{"damage":21,"enemies":"3 Byrds","floor":18,"turns":4},{"damage":3,"enemies":"Shell Parasite","floor":21,"turns":4},{"damage":10,"enemies":"Centurion and Healer","floor":22,"turns":3},{"damage":51,"enemies":"Slavers","floor":23,"turns":3}],"seed_played":"1266231024341124663","potions_obtained":[{"floor":1,"key":"Weak Potion"},{"floor":14,"key":"EssenceOfSteel"},{"floor":16,"key":"Block Potion"},{"floor":22,"key":"AttackPotion"}],"is_trial":false,"path_per_floor":["M","?","?","M","M","R","?","R","T","$","M","R","M","M","R","B",null,"M","?","?","M","M","E"],"character_chosen":"DEFECT","items_purchased":["Stack","Cold Snap"],"campfire_rested":1,"item_purchase_floors":[10,10],"current_hp_per_floor":[75,80,72,63,63,63,63,63,63,63,61,61,50,47,71,51,80,59,59,59,56,46,0],"gold":97,"neow_bonus":"ONE_RANDOM_RARE_CARD","is_prod":false,"is_daily":false,"chose_seed":false,"campfire_upgraded":3,"win_rate":0,"timestamp":1550556663,"path_taken":["M","?","?","?","M","R","?","R","T","$","?","R","M","M","R","BOSS","M","?","?","?","M","E"],"build_version":"2019-01-23","purchased_purges":1,"victory":false,"max_hp_per_floor":[75,80,80,80,80,80,80,80,80,80,80,80,80,80,80,80,80,80,80,80,80,80,80],"card_choices":[{"not_picked":["Reinforced Body","Streamline"],"picked":"Melter","floor":1},{"not_picked":["Stack","Coolheaded"],"picked":"Redo","floor":4},{"not_picked":["Barrage","Gash"],"picked":"Static Discharge","floor":5},{"not_picked":["Go for the Eyes","Glacier"],"picked":"Coolheaded","floor":11},{"not_picked":["Beam Cell","Chill"],"picked":"Compile Driver","floor":13},{"not_picked":["Streamline","Reprogram","Undo"],"picked":"SKIP","floor":14},{"not_picked":["Reboot","Core Surge"],"picked":"Fission","floor":16},{"not_picked":["Reprogram+1","BootSequence+1"],"picked":"Tempest","floor":18},{"not_picked":["Barrage","Consume+1"],"picked":"Turbo+1","floor":21},{"not_picked":["Ball Lightning","Redo"],"picked":"Tempest","floor":22}],"player_experience":230732,"relics_obtained":[{"floor":9,"key":"Darkstone Periapt"}],"event_choices":[{"damage_healed":0,"gold_gain":0,"player_choice":"Donut","damage_taken":0,"max_hp_gain":5,"max_hp_loss":0,"event_name":"Big Fish","floor":2,"gold_loss":0},{"damage_healed":0,"gold_gain":75,"player_choice":"Touch","damage_taken":8,"max_hp_gain":0,"max_hp_loss":0,"event_name":"FaceTrader","floor":3,"gold_loss":0},{"damage_healed":0,"gold_gain":0,"cards_transformed":["Strike_B"],"player_choice":"Transformed","damage_taken":0,"max_hp_gain":0,"max_hp_loss":0,"event_name":"Transmorgrifier","floor":7,"gold_loss":0,"cards_obtained":["Darkness"]},{"damage_healed":0,"gold_gain":0,"player_choice":"Obtained Relic","damage_taken":0,"relics_obtained":["War Paint"],"max_hp_gain":0,"max_hp_loss":0,"event_name":"Addict","floor":19,"gold_loss":85},{"cards_removed":["Strike_B"],"damage_healed":0,"gold_gain":0,"player_choice":"Upgrade and Remove","damage_taken":0,"max_hp_gain":0,"max_hp_loss":0,"event_name":"Designer","floor":20,"gold_loss":90,"cards_upgraded":["Defend_B"]}],"is_beta":false,"boss_relics":[{"not_picked":["Nuclear Battery","White Beast Statue"],"picked":"Philosopher\u0027s Stone"}],"items_purged_floors":[10],"is_endless":false,"potions_floor_spawned":[1,14,16,22],"killed_by":"Slavers","ascension_level":0}