{"gold_per_floor":[111,111,131,150,166,166,196,196,220,19,19,45,45,65,65,163,163,174,174,99,112,123,123,148,164,164,12,12,22,22,32,32,136,136,148,168,184,184,184,184],"floor_reached":40,"playtime":1783,"items_purged":[],"score":627,"play_id":"ad4d91bd-1747-4b96-9344-6248e7342822","local_time":"20190103182603","is_ascension_mode":true,"campfire_choices":[{"data":"Lockon","floor":6,"key":"SMITH"},{"floor":8,"key":"REST"},{"data":"Conserve Battery","floor":13,"key":"SMITH"},{"data":"Coolheaded","floor":15,"key":"SMITH"},{"data":"Capacitor","floor":23,"key":"SMITH"},{"floor":28,"key":"REST"},{"data":"Chill","floor":30,"key":"SMITH"},{"data":"Coolheaded","floor":32,"key":"SMITH"}],"neow_cost":"NONE","seed_source_timestamp":1231105002591262,"circlet_count":0,"master_deck":["AscendersBane","Defend_B","Defend_B","Defend_B","Zap+1","Dualcast","Double Energy","Lockon+1","Conserve Battery+1","Capacitor+1","Echo Form+1","Coolheaded+1","Rainbow","Barrage+1","Storm+1","Consume+1","BootSequence","Coolheaded+1","Chill+1","Echo Form","Static Discharge+1","Madness"],"relics":["Cracked Core","Boot","Orichalcum","DataDisk","Art of War","Astrolabe","Singing Bowl","Molten Egg 2","Lantern","Blood Vial","Philosopher\u0027s Stone"],"potions_floor_usage":[5,7,16,18,24,24,25,29],"damage_taken":[{"damage":1,"enemies":"Cultist","floor":1,"turns":3},{"damage":0,"enemies":"Small Slimes","floor":3,"turns":3},{"damage":0,"enemies":"2 Louse","floor":4,"turns":3},{"damage":0,"enemies":"Looter","floor":5,"turns":2},{"damage":48,"enemies":"Gremlin Nob","floor":7,"turns":6},{"damage":8,"enemies":"Lagavulin","floor":12,"turns":7},{"damage":0,"enemies":"Large Slime","floor":14,"turns":3},{"damage":14,"enemies":"Hexaghost","floor":16,"turns":10},{"damage":6,"enemies":"Chosen","floor":18,"turns":6},{"damage":0,"enemies":"Spheric Guardian","floor":21,"turns":4},{"damage":10,"enemies":"Shelled Parasite and Fungi","floor":22,"turns":4},{"damage":17,"enemies":"Slavers","floor":24,"turns":5},{"damage":8,"enemies":"Snake Plant","floor":25,"turns":3},{"damage":13,"enemies":"Centurion and Healer","floor":29,"turns":6},{"damage":0,"enemies":"3 Cultists","floor":31,"turns":5},{"damage":3,"enemies":"Champ","floor":33,"turns":9},{"damage":12,"enemies":"3 Darklings","floor":35,"turns":5},{"damage":15,"enemies":"3 Shapes","floor":36,"turns":4},{"damage":36,"enemies":"Spire Growth","floor":37,"turns":4},{"damage":45,"enemies":"Nemesis","floor":40,"turns":3}],"seed_played":"3828775759212650350","potions_obtained":[{"floor":4,"key":"AttackPotion"},{"floor":5,"key":"Block Potion"},{"floor":12,"key":"LiquidBronze"},{"floor":16,"key":"Regen Potion"},{"floor":21,"key":"PowerPotion"},{"floor":22,"key":"Swift Potion"},{"floor":24,"key":"AttackPotion"},{"floor":36,"key":"Explosive Potion"},{"floor":37,"key":"Fire Potion"}],"is_trial":false,"path_per_floor":["M","?","M","M","M","R","E","R","T","$","?","E","R","M","R","B",null,"M","T","?","M","M","R","E","M","T","$","R","M","R","M","R","B",null,"M","M","M","?","?","E"],"character_chosen":"DEFECT","items_purchased":["DataDisk","Fire Potion","Blood Vial"],"campfire_rested":2,"item_purchase_floors":[10,10,27],"current_hp_per_floor":[67,67,67,67,67,67,19,41,41,41,41,33,33,33,33,19,61,70,70,70,70,60,60,45,39,39,39,62,51,51,55,55,54,74,64,53,21,21,21,0],"gold":184,"neow_bonus":"REMOVE_CARD","is_prod":false,"is_daily":false,"chose_seed":false,"campfire_upgraded":6,"win_rate":0,"timestamp":1546557963,"path_taken":["M","?","M","?","M","R","E","R","T","$","?","E","R","M","R","BOSS","M","?","?","M","M","R","E","M","T","$","R","M","R","M","R","BOSS","M","M","M","?","?","E"],"build_version":"2019-01-02","purchased_purges":0,"victory":false,"max_hp_per_floor":[75,75,75,75,75,75,75,75,75,75,75,75,75,75,75,75,75,75,75,75,75,75,75,77,79,79,79,79,79,79,81,81,81,81,81,83,85,81,81,81],"card_choices":[{"not_picked":["Beam Cell","Hello World"],"picked":"Double Energy","floor":1},{"not_picked":["Hologram","Sweeping Beam"],"picked":"Lockon","floor":3},{"not_picked":["Streamline","Hologram"],"picked":"Conserve Battery","floor":4},{"not_picked":["Chaos","Genetic Algorithm"],"picked":"Capacitor","floor":5},{"not_picked":["Leap","Auto Shields"],"picked":"Echo Form","floor":7},{"not_picked":["Reprogram","Hologram","Streamline"],"picked":"SKIP","floor":12},{"not_picked":["Capacitor","Genetic Algorithm"],"picked":"Coolheaded","floor":14},{"not_picked":["All For One","Meteor Strike"],"picked":"Rainbow","floor":16},{"not_picked":["Go for the Eyes","Ball Lightning","Force Field"],"picked":"SKIP","floor":18},{"not_picked":["Redo","Steam+1"],"picked":"BootSequence","floor":21},{"not_picked":["Rainbow","Double Energy"],"picked":"Coolheaded","floor":22},{"not_picked":["Rebound","Barrage","Lockon"],"picked":"Singing Bowl","floor":24},{"not_picked":["Streamline+1","Compile Driver+1","Genetic Algorithm"],"picked":"Singing Bowl","floor":25},{"not_picked":["Hello World+1","Gash+1"],"picked":"Chill","floor":29},{"not_picked":["Sweeping Beam+1","Hello World","BootSequence"],"picked":"Singing Bowl","floor":31},{"not_picked":["Meteor Strike+1","Machine Learning"],"picked":"Echo Form","floor":33},{"not_picked":["Conserve Battery+1","Reprogram"],"picked":"Static Discharge+1","floor":35},{"not_picked":["Steam","Streamline+1","Genetic Algorithm+1"],"picked":"Singing Bowl","floor":36},{"not_picked":["Self Repair","Genetic Algorithm","Leap"],"picked":"Singing Bowl","floor":37},{"not_picked":["The Bomb","Purity"],"picked":"Madness","floor":39}],"player_experience":439678,"relics_obtained":[{"floor":7,"key":"Boot"},{"floor":9,"key":"Orichalcum"},{"floor":12,"key":"Art of War"},{"floor":19,"key":"Singing Bowl"},{"floor":24,"key":"Molten Egg 2"},{"floor":26,"key":"Lantern"}],"event_choices":[{"damage_healed":0,"gold_gain":0,"player_choice":"Forge","damage_taken":0,"max_hp_gain":0,"max_hp_loss":0,"event_name":"Accursed Blacksmith","floor":2,"gold_loss":0,"cards_upgraded":["Zap"]},{"damage_healed":0,"gold_gain":0,"player_choice":"Upgraded","damage_taken":0,"max_hp_gain":0,"max_hp_loss":0,"event_name":"Upgrade Shrine","floor":11,"gold_loss":0,"cards_upgraded":["Echo Form"]},{"cards_removed":["Defend_B"],"damage_healed":0,"gold_gain":0,"player_choice":"Gave Gold","damage_taken":0,"max_hp_gain":0,"max_hp_loss":0,"event_name":"Beggar","floor":20,"gold_loss":75},{"damage_healed":0,"gold_gain":0,"player_choice":"Max HP","damage_taken":0,"max_hp_gain":0,"max_hp_loss":4,"event_name":"Winding Halls","floor":38,"gold_loss":0},{"damage_healed":0,"gold_gain":0,"player_choice":"Memory 1","damage_taken":0,"max_hp_gain":0,"max_hp_loss":0,"event_name":"SensoryStone","floor":39,"gold_loss":0}],"is_beta":true,"boss_relics":[{"not_picked":["Eternal Feather","Calling Bell"],"picked":"Astrolabe"},{"not_picked":["Cursed Key","Coffee Dripper"],"picked":"Philosopher\u0027s Stone"}],"items_purged_floors":[],"is_endless":false,"potions_floor_spawned":[4,5,12,16,21,22,24,36,37],"killed_by":"Nemesis","ascension_level":10}