{"gold_per_floor":[114,132,9,28,48,48,65,65,65,65,75,75,108,108,108,207,207,223,236,252,252],"floor_reached":21,"playtime":1152,"items_purged":["Strike_R"],"score":229,"play_id":"a87e80d6-0eb7-4b09-a258-6bb6008b6d0c","local_time":"20180806032804","is_ascension_mode":true,"campfire_choices":[{"data":"Battle Trance","floor":6,"key":"SMITH"},{"data":"Shrug It Off","floor":8,"key":"SMITH"},{"data":"Inflame","floor":10,"key":"SMITH"},{"data":"True Grit","floor":12,"key":"SMITH"},{"data":"Cleave","floor":15,"key":"SMITH"}],"neow_cost":"NONE","seed_source_timestamp":370774241392739,"circlet_count":0,"master_deck":["Strike_R","Strike_R","Strike_R","Defend_R","Defend_R","Defend_R","Defend_R","Bash","Twin Strike","Inflame+1","True Grit+1","Headbutt","Battle Trance+1","Shrug It Off+1","Iron Wave","Cleave+1","Berserk","Entrench+1","Body Slam"],"relics":["Burning Blood","Shuriken","Bottled Lightning","Velvet Choker"],"potions_floor_usage":[20,21],"damage_taken":[{"damage":1,"enemies":"Cultist","floor":1,"turns":4},{"damage":2,"enemies":"Jaw Worm","floor":2,"turns":3},{"damage":0,"enemies":"2 Louse","floor":4,"turns":4},{"damage":1,"enemies":"2 Fungi Beasts","floor":5,"turns":4},{"damage":24,"enemies":"Lots of Slimes","floor":7,"turns":4},{"damage":5,"enemies":"Looter","floor":11,"turns":3},{"damage":8,"enemies":"3 Sentries","floor":13,"turns":9},{"damage":20,"enemies":"Slime Boss","floor":16,"turns":10},{"damage":4,"enemies":"2 Thieves","floor":18,"turns":3},{"damage":23,"enemies":"Spheric Guardian","floor":19,"turns":5},{"damage":36,"enemies":"Slaver and Parasite","floor":20,"turns":7},{"damage":30,"enemies":"Snecko","floor":21,"turns":4}],"seed_played":"7597085889788914310","potions_obtained":[{"floor":5,"key":"GamblersBrew"},{"floor":7,"key":"SteroidPotion"},{"floor":13,"key":"SpeedPotion"},{"floor":20,"key":"Poison Potion"}],"is_trial":false,"path_per_floor":["M","M","$","M","M","R","M","R","T","R","M","R","E","?","R","B",null,"M","M","M"],"character_chosen":"IRONCLAD","items_purchased":["True Grit"],"campfire_rested":0,"item_purchase_floors":[3],"current_hp_per_floor":[80,80,80,80,80,80,62,62,62,62,63,63,61,61,61,47,72,74,57,27,0],"gold":252,"neow_bonus":"THREE_CARDS","is_prod":false,"is_daily":false,"chose_seed":false,"campfire_upgraded":5,"win_rate":0,"timestamp":1533518884,"path_taken":["M","M","?","M","M","R","M","R","T","R","?","R","E","?","R","BOSS","M","M","M","?"],"build_version":"2018-08-02","purchased_purges":1,"victory":false,"max_hp_per_floor":[80,80,80,80,80,80,80,80,80,80,80,80,80,80,80,80,80,80,80,80,80],"card_choices":[{"not_picked":["Sentinel","Heavy Blade"],"picked":"Twin Strike","floor":0},{"not_picked":["Clothesline","Havoc","Blood for Blood"],"picked":"SKIP","floor":1},{"not_picked":["Twin Strike","Reckless Charge"],"picked":"Inflame","floor":2},{"not_picked":["Flex","Havoc"],"picked":"Headbutt","floor":4},{"not_picked":["Body Slam","Brutality"],"picked":"Battle Trance","floor":5},{"not_picked":["Infernal Blade","Pommel Strike"],"picked":"Shrug It Off","floor":7},{"not_picked":["Uppercut","Armaments"],"picked":"Iron Wave","floor":11},{"not_picked":["Feel No Pain","Thunderclap"],"picked":"Cleave","floor":13},{"not_picked":["Demon Form","Impervious"],"picked":"Berserk","floor":16},{"not_picked":["Flex","Perfected Strike"],"picked":"Entrench+1","floor":18},{"not_picked":["Thunderclap","Armaments"],"picked":"Body Slam","floor":19},{"not_picked":["Twin Strike","Wild Strike+1","Pommel Strike"],"picked":"SKIP","floor":20},{"not_picked":["Twin Strike","Wild Strike+1","Pommel Strike"],"picked":"SKIP","floor":20}],"player_experience":503769,"relics_obtained":[{"floor":9,"key":"Shuriken"},{"floor":13,"key":"Bottled Lightning"}],"event_choices":[{"event_name":"Living Wall","player_choice":"Forget","floor":14,"damage_taken":0}],"is_beta":false,"boss_relics":[{"not_picked":["Orrery","White Beast Statue"],"picked":"Velvet Choker"}],"items_purged_floors":[3],"is_endless":false,"potions_floor_spawned":[5,7,13,20],"killed_by":"Snecko","ascension_level":5}