{"gold_per_floor":[115,127,127,140,160,160,175,175,198,198,163,163,173,173,173,173],"floor_reached":16,"playtime":1184,"items_purged":[],"score":92,"play_id":"fb2d33aa-dfb8-4948-a378-63610001546b","local_time":"20190219150143","is_ascension_mode":false,"campfire_choices":[{"data":"Cloak And Dagger","floor":6,"key":"SMITH"},{"data":"Cloak And Dagger","floor":8,"key":"SMITH"},{"floor":15,"key":"REST"}],"neow_cost":"NONE","seed_source_timestamp":22711100487703,"circlet_count":0,"master_deck":["Defend_G+1","Defend_G+1","Defend_G","Defend_G","Defend_G","Strike_G","Strike_G","Strike_G","Strike_G","Survivor","Neutralize","Cloak And Dagger+1","Cloak And Dagger+1","Dash","Calculated Gamble","Crippling Poison"],"relics":["Ring of the Snake","NeowsBlessing","Bag of Marbles","Blood Vial","Singing Bowl"],"potions_floor_usage":[13,16],"damage_taken":[{"damage":0,"enemies":"2 Louse","floor":1,"turns":1},{"damage":0,"enemies":"Small Slimes","floor":2,"turns":1},{"damage":0,"enemies":"Cultist","floor":4,"turns":1},{"damage":0,"enemies":"Exordium Wildlife","floor":5,"turns":8},{"damage":0,"enemies":"Large Slime","floor":7,"turns":8},{"damage":0,"enemies":"Gremlin Gang","floor":13,"turns":4},{"damage":78,"enemies":"Hexaghost","floor":16,"turns":17}],"seed_played":"772592225267876481","potions_obtained":[{"floor":2,"key":"Swift Potion"},{"floor":5,"key":"FearPotion"}],"is_trial":false,"path_per_floor":["M","M","?","M","M","R","M","R","T","?","?","?","M","T","R","B"],"character_chosen":"THE_SILENT","items_purchased":[],"campfire_rested":1,"item_purchase_floors":[],"current_hp_per_floor":[70,70,56,56,56,56,56,56,56,31,48,48,50,50,70,0],"gold":173,"neow_bonus":"THREE_ENEMY_KILL","is_prod":false,"is_daily":false,"chose_seed":false,"campfire_upgraded":2,"win_rate":0,"timestamp":1550610103,"path_taken":["M","M","?","M","M","R","M","R","T","?","?","?","?","?","R","BOSS"],"build_version":"2019-01-23","purchased_purges":0,"victory":false,"max_hp_per_floor":[70,70,70,70,70,70,70,70,70,70,70,70,70,70,70,70],"card_choices":[{"not_picked":["Sucker Punch","Prepared","Outmaneuver"],"picked":"SKIP","floor":1},{"not_picked":["Cloak And Dagger","Acrobatics","Slice"],"picked":"SKIP","floor":2},{"not_picked":["Acrobatics","Slice"],"picked":"Cloak And Dagger","floor":2},{"not_picked":["Catalyst","Deflect"],"picked":"Cloak And Dagger","floor":4},{"not_picked":["Dagger Throw","Concentrate","Flechettes"],"picked":"SKIP","floor":5},{"not_picked":["Concentrate","Deadly Poison"],"picked":"Dash","floor":7},{"not_picked":["Backflip","Sucker Punch"],"picked":"Crippling Poison","floor":13}],"player_experience":254496,"relics_obtained":[{"floor":9,"key":"Bag of Marbles"},{"floor":14,"key":"Singing Bowl"}],"event_choices":[{"damage_healed":0,"gold_gain":0,"player_choice":"Entered Light","damage_taken":14,"max_hp_gain":0,"max_hp_loss":0,"event_name":"Shining Light","floor":3,"gold_loss":0,"cards_upgraded":["Defend_G","Defend_G"]},{"damage_healed":0,"gold_gain":0,"player_choice":"Success","damage_taken":25,"relics_obtained":["Blood Vial"],"max_hp_gain":0,"max_hp_loss":0,"event_name":"Scrap Ooze","floor":10,"gold_loss":0},{"damage_healed":17,"gold_gain":0,"player_choice":"Healed","damage_taken":0,"max_hp_gain":0,"max_hp_loss":0,"event_name":"The Cleric","floor":11,"gold_loss":35},{"damage_healed":0,"gold_gain":0,"cards_transformed":["Strike_G"],"player_choice":"Transformed","damage_taken":0,"max_hp_gain":0,"max_hp_loss":0,"event_name":"Transmorgrifier","floor":12,"gold_loss":0,"cards_obtained":["Calculated Gamble"]}],"is_beta":false,"boss_relics":[],"items_purged_floors":[],"is_endless":false,"potions_floor_spawned":[2,5],"killed_by":"Hexaghost","ascension_level":0}