{"path_per_floor":["M","?","M","M","M","E","M","M","T","R","E","R","M","E","R","B",null,"M","M","M"],"character_chosen":"DEFECT","items_purchased":[],"gold_per_floor":[113,113,131,149,162,193,204,221,298,298,332,332,352,381,381,476,476,491,505,515,515],"floor_reached":21,"campfire_rested":2,"playtime":916,"item_purchase_floors":[],"current_hp_per_floor":[66,66,66,57,56,40,30,16,16,38,26,26,23,13,35,7,75,57,34,9,0],"items_purged":[],"gold":515,"score":226,"play_id":"6704dd50-4380-45cb-ad32-634a3d55f3a2","local_time":"20180621175528","is_prod":false,"is_daily":false,"chose_seed":false,"is_ascension_mode":true,"campfire_upgraded":1,"win_rate":0,"timestamp":1529596528,"campfire_choices":[{"floor":10,"key":"REST"},{"data":"Static Discharge","floor":12,"key":"SMITH"},{"floor":15,"key":"REST"}],"path_taken":["M","?","M","M","M","E","M","M","T","R","E","R","M","E","R","BOSS","M","M","M","M"],"build_version":"2018-06-14v2","seed_source_timestamp":15167080529926,"purchased_purges":0,"victory":false,"master_deck":["Strike_B","Strike_B","Strike_B","Strike_B","Defend_B","Defend_B","Defend_B","Defend_B","Zap","Dualcast","Static Discharge+1","Reinforced Body","Streamline","Skim","Defragment","Melter","Machine Learning","Biased Cognition","Auto Shields"],"max_hp_per_floor":[75,75,75,75,75,75,75,75,75,75,75,75,75,75,75,75,75,75,75,75,75],"relics":["Cracked Core","Ancient Tea Set","Vajra","Blue Candle","Ice Cream","Inserter"],"card_choices":[{"not_picked":["Coolheaded","Streamline"],"picked":"Static Discharge","floor":1},{"not_picked":["Coolheaded","Stack","Conserve Battery"],"picked":"SKIP","floor":3},{"not_picked":["Turbo","Ball Lightning"],"picked":"Reinforced Body","floor":4},{"not_picked":["Melter","Compile Driver"],"picked":"Streamline","floor":5},{"not_picked":["Beam Cell","Gash"],"picked":"Skim","floor":6},{"not_picked":["Conserve Battery","Lockon","Go for the Eyes"],"picked":"SKIP","floor":7},{"not_picked":["Conserve Battery","Multi-Cast","Hologram"],"picked":"SKIP","floor":8},{"not_picked":["Undo","Steam Power"],"picked":"Defragment","floor":11},{"not_picked":["Leap","Hologram"],"picked":"Melter","floor":13},{"not_picked":["Cold Snap","Hyperbeam"],"picked":"Machine Learning","floor":14},{"not_picked":["All For One","Hyperbeam"],"picked":"Biased Cognition","floor":16},{"not_picked":["Ball Lightning","Gash"],"picked":"Auto Shields","floor":18},{"not_picked":["Ball Lightning","Go for the Eyes+1","Cold Snap+1"],"picked":"SKIP","floor":19},{"not_picked":["Rebound","Recycle","Coolheaded"],"picked":"SKIP","floor":20}],"player_experience":375285,"potions_floor_usage":[6,8,8,8,11,14,14,16],"damage_taken":[{"damage":9,"enemies":"Jaw Worm","floor":1,"turns":4},{"damage":0,"enemies":"Small Slimes","floor":3,"turns":3},{"damage":9,"enemies":"2 Louse","floor":4,"turns":3},{"damage":1,"enemies":"Looter","floor":5,"turns":4},{"damage":16,"enemies":"3 Sentries","floor":6,"turns":8},{"damage":10,"enemies":"Large Slime","floor":7,"turns":5},{"damage":14,"enemies":"Exordium Wildlife","floor":8,"turns":4},{"damage":12,"enemies":"Lagavulin","floor":11,"turns":6},{"damage":3,"enemies":"Exordium Thugs","floor":13,"turns":4},{"damage":10,"enemies":"3 Sentries","floor":14,"turns":7},{"damage":28,"enemies":"Hexaghost","floor":16,"turns":8},{"damage":18,"enemies":"Spheric Guardian","floor":18,"turns":4},{"damage":23,"enemies":"Shell Parasite","floor":19,"turns":4},{"damage":25,"enemies":"Snake Plant","floor":20,"turns":3},{"damage":22,"enemies":"Snecko","floor":21,"turns":3}],"relics_obtained":[{"floor":6,"key":"Vajra"},{"floor":9,"key":"Blue Candle"},{"floor":11,"key":"Ice Cream"}],"event_choices":[{"event_name":"Liars Game","player_choice":"disagreed","floor":2,"damage_taken":0}],"boss_relics":[{"not_picked":["Ectoplasm","White Beast Statue"],"picked":"Inserter"}],"items_purged_floors":[],"is_endless":false,"potions_floor_spawned":[1,4,6,7,14,18],"seed_played":"-5294647796663411126","killed_by":"Snecko","ascension_level":2,"potions_obtained":[{"floor":1,"key":"Ancient Potion"},{"floor":4,"key":"PowerPotion"},{"floor":6,"key":"Weak Potion"},{"floor":7,"key":"EntropicBrew"},{"floor":14,"key":"Strength Potion"},{"floor":18,"key":"Fire Potion"}],"is_trial":false}