{"gold_per_floor":[113,75,75,85,98,98,124,134,134,134],"floor_reached":10,"playtime":3816,"items_purged":[],"score":68,"play_id":"08723942-4f5d-4af3-bc60-923419e0bb3c","local_time":"20190305132637","is_ascension_mode":false,"campfire_choices":[{"data":"Infernal Blade","floor":6,"key":"SMITH"}],"neow_cost":"NONE","seed_source_timestamp":1700305986680852,"circlet_count":0,"master_deck":["Strike_R","Strike_R","Strike_R","Strike_R","Strike_R","Defend_R","Defend_R","Defend_R","Defend_R","Bash","Flex","Dropkick","Regret","Infernal Blade+1","Pommel Strike+1","Uppercut+1","Pummel+1","Normality"],"relics":["Cursed Key","Molten Egg 2","Ornamental Fan","Paper Frog"],"potions_floor_usage":[10,10,10],"damage_taken":[{"damage":8,"enemies":"Small Slimes","floor":1,"turns":3},{"damage":0,"enemies":"2 Louse","floor":4,"turns":2},{"damage":13,"enemies":"Jaw Worm","floor":5,"turns":2},{"damage":39,"enemies":"3 Sentries","floor":7,"turns":8},{"damage":0,"enemies":"Looter","floor":8,"turns":2},{"damage":22,"enemies":"Lagavulin","floor":10,"turns":3}],"seed_played":"-964073398274220662","potions_obtained":[{"floor":1,"key":"EssenceOfSteel"},{"floor":4,"key":"Poison Potion"},{"floor":8,"key":"PowerPotion"}],"is_trial":false,"path_per_floor":["M","$","?","M","M","R","E","M","T","E"],"character_chosen":"IRONCLAD","items_purchased":["Dropkick"],"campfire_rested":0,"item_purchase_floors":[2],"current_hp_per_floor":[72,72,72,72,59,59,20,20,20,0],"gold":134,"neow_bonus":"BOSS_RELIC","is_prod":false,"is_daily":false,"chose_seed":false,"campfire_upgraded":1,"win_rate":0,"timestamp":1551759997,"path_taken":["M","$","?","M","M","R","E","M","T","E"],"build_version":"2019-01-23","purchased_purges":0,"victory":false,"max_hp_per_floor":[80,80,80,80,80,80,80,80,80,80],"card_choices":[{"not_picked":["Clothesline","Cleave"],"picked":"Flex","floor":1},{"not_picked":["Sever Soul+1","Searing Blow+1"],"picked":"Infernal Blade","floor":4},{"not_picked":["Shrug It Off","Burning Pact"],"picked":"Pommel Strike+1","floor":5},{"not_picked":["Pommel Strike+1","Hemokinesis+1"],"picked":"Uppercut+1","floor":7},{"not_picked":["Clothesline+1","Anger+1"],"picked":"Pummel+1","floor":8}],"player_experience":68445,"relics_obtained":[{"floor":7,"key":"Ornamental Fan"},{"floor":9,"key":"Paper Frog"}],"event_choices":[{"damage_healed":0,"gold_gain":0,"player_choice":"Box","damage_taken":0,"relics_obtained":["Molten Egg 2"],"max_hp_gain":0,"max_hp_loss":0,"event_name":"Big Fish","floor":3,"gold_loss":0,"cards_obtained":["Regret"]}],"is_beta":false,"boss_relics":[],"items_purged_floors":[],"is_endless":false,"potions_floor_spawned":[1,4,8],"killed_by":"Lagavulin","ascension_level":0}