{"gold_per_floor":[113,113,125,225,238,254,254,254,254,254,254,273,283,295,295,400,400,386,401,401,401,6,6,32,32,32,32,49,66,80,92,92,187,187,205,223,43,61,81,81,6,6,6,6,24,36,36,56,56,56],"floor_reached":50,"playtime":7092,"items_purged":["J.A.X."],"score":485,"play_id":"242188ca-7de3-4afa-9661-4eeb3986c640","local_time":"20180921230108","is_ascension_mode":false,"campfire_choices":[{"data":"Bash","floor":7,"key":"SMITH"},{"data":"Shrug It Off","floor":10,"key":"SMITH"},{"data":"Inflame","floor":15,"key":"SMITH"},{"data":"Apotheosis","floor":23,"key":"SMITH"},{"data":"Double Tap","floor":27,"key":"SMITH"},{"floor":32,"key":"REST"},{"floor":40,"key":"REST"},{"floor":42,"key":"REST"},{"floor":49,"key":"REST"}],"neow_cost":"","seed_source_timestamp":49001604850694,"circlet_count":0,"master_deck":["Strike_R+1","Strike_R+1","Strike_R+1","Strike_R+1","Strike_R+1","Defend_R+1","Defend_R+1","Defend_R+1","Bash+1","Second Wind","Anger+1","Shrug It Off+1","Sword Boomerang+1","Body Slam+1","Metallicize","Iron Wave+1","Inflame+1","Impervious","Rampage+1","Power Through","Apotheosis+1","Double Tap+1","True Grit","Anger+1","Cleave+1","Shrug It Off","Armaments","Iron Wave+1","Double Tap","Anger+1","Metamorphosis","Cleave+1","Ghostly Armor","Sword Boomerang+1","Shrug It Off+1","Flash of Steel+1","Twin Strike+1"],"relics":["Burning Blood","Molten Egg 2","Strawberry","Lizard Tail","Kunai","Self Forming Clay","Black Star","Ornamental Fan"],"potions_floor_usage":[14,16,18,33,36,39,39,50],"damage_taken":[{"damage":1,"enemies":"Cultist","floor":1,"turns":4},{"damage":5,"enemies":"Jaw Worm","floor":3,"turns":5},{"damage":1,"enemies":"2 Louse","floor":5,"turns":4},{"damage":11,"enemies":"Lots of Slimes","floor":6,"turns":7},{"damage":6,"enemies":"Exordium Wildlife","floor":12,"turns":3},{"damage":7,"enemies":"2 Fungi Beasts","floor":13,"turns":3},{"damage":0,"enemies":"3 Louse","floor":14,"turns":2},{"damage":51,"enemies":"The Guardian","floor":16,"turns":8},{"damage":20,"enemies":"2 Thieves","floor":18,"turns":4},{"damage":2,"enemies":"Shell Parasite","floor":19,"turns":5},{"damage":42,"enemies":"Gremlin Leader","floor":24,"turns":8},{"damage":24,"enemies":"Snake Plant","floor":28,"turns":5},{"damage":18,"enemies":"Chosen and Byrds","floor":29,"turns":5},{"damage":13,"enemies":"Shelled Parasite and Fungi","floor":30,"turns":5},{"damage":21,"enemies":"Snake Plant","floor":31,"turns":4},{"damage":9,"enemies":"Champ","floor":33,"turns":13},{"damage":39,"enemies":"3 Darklings","floor":35,"turns":6},{"damage":28,"enemies":"3 Shapes","floor":36,"turns":6},{"damage":37,"enemies":"Maw","floor":38,"turns":8},{"damage":32,"enemies":"3 Darklings","floor":39,"turns":5},{"damage":53,"enemies":"Transient","floor":45,"turns":5},{"damage":30,"enemies":"Spire Growth","floor":46,"turns":7},{"damage":3,"enemies":"Reptomancer","floor":48,"turns":5},{"damage":56,"enemies":"Awakened One","floor":50,"turns":11}],"seed_played":"5552933819489662816","potions_obtained":[{"floor":5,"key":"Fire Potion"},{"floor":12,"key":"Explosive Potion"},{"floor":14,"key":"PowerPotion"},{"floor":18,"key":"Energy Potion"},{"floor":29,"key":"AttackPotion"},{"floor":30,"key":"Explosive Potion"},{"floor":35,"key":"EssenceOfSteel"},{"floor":48,"key":"AttackPotion"}],"is_trial":false,"path_per_floor":["M","?","M","?","M","M","R","?","T","R","?","M","M","M","R","B",null,"M","M","?","?","$","R","E","?","T","R","M","M","M","M","R","B",null,"M","M","$","M","M","R","$","R","T","?","M","M","?","M","R"],"character_chosen":"IRONCLAD","items_purchased":["Apotheosis","Double Tap","True Grit","Metamorphosis"],"campfire_rested":4,"item_purchase_floors":[22,22,22,37],"current_hp_per_floor":[80,68,69,69,74,69,69,69,76,76,76,76,75,81,81,36,87,73,77,77,77,77,77,41,70,70,70,52,40,33,18,44,41,87,54,32,32,49,23,49,49,75,75,80,33,9,9,12,38,0],"gold":56,"neow_bonus":"","is_prod":false,"is_daily":false,"chose_seed":false,"campfire_upgraded":5,"win_rate":0.0,"timestamp":1537563668,"path_taken":["M","?","M","?","M","M","R","?","T","R","?","M","?","M","R","BOSS","M","M","?","?","?","R","E","?","T","R","M","M","M","M","R","BOSS","M","M","$","M","M","R","?","R","T","?","M","?","?","M","R","BOSS"],"build_version":"2018-09-20","purchased_purges":1,"victory":false,"max_hp_per_floor":[80,80,80,80,80,80,80,80,87,87,87,87,87,87,87,87,87,87,87,87,87,87,87,87,87,87,87,87,87,87,87,87,87,87,87,87,87,87,87,87,87,87,87,87,87,87,87,87,87,87],"card_choices":[{"not_picked":["Perfected Strike","Seeing Red"],"picked":"Second Wind","floor":1},{"not_picked":["Hemokinesis+1","Twin Strike+1"],"picked":"Anger+1","floor":3},{"not_picked":["Feel No Pain","Clash+1"],"picked":"Shrug It Off","floor":5},{"not_picked":["Clothesline+1","Impervious"],"picked":"Sword Boomerang+1","floor":6},{"not_picked":["Clothesline+1","Burning Pact"],"picked":"Metallicize","floor":12},{"not_picked":["Seeing Red","Body Slam+1"],"picked":"Iron Wave+1","floor":13},{"not_picked":["Second Wind","Headbutt+1"],"picked":"Inflame","floor":14},{"not_picked":["Berserk","Offering"],"picked":"Impervious","floor":16},{"not_picked":["Entrench","Shrug It Off+1"],"picked":"Rampage+1","floor":18},{"not_picked":["Rupture","Sever Soul+1"],"picked":"Power Through","floor":19},{"not_picked":["Second Wind","Clothesline+1"],"picked":"Anger+1","floor":24},{"not_picked":["Reckless Charge+1","Flex"],"picked":"Cleave+1","floor":28},{"not_picked":["Clash+1","Thunderclap+1"],"picked":"Shrug It Off","floor":29},{"not_picked":["Pummel+1","Inflame"],"picked":"Armaments","floor":30},{"not_picked":["Armaments","Demon Form"],"picked":"Iron Wave+1","floor":31},{"not_picked":["Juggernaut","Bludgeon+1"],"picked":"Double Tap","floor":33},{"not_picked":["Carnage+1","Bloodletting"],"picked":"Anger+1","floor":35},{"not_picked":["True Grit","Armaments+1"],"picked":"Headbutt+1","floor":36},{"not_picked":["Metallicize","Shrug It Off"],"picked":"Cleave+1","floor":38},{"not_picked":["True Grit","Flex+1"],"picked":"Ghostly Armor","floor":39},{"not_picked":["Sever Soul+1","Rupture+1"],"picked":"Sword Boomerang+1","floor":45},{"not_picked":["Feed+1","Clash+1"],"picked":"Shrug It Off+1","floor":46},{"not_picked":["Blind","Bandage Up"],"picked":"Flash of Steel+1","floor":47},{"not_picked":["Bloodletting+1","Perfected Strike+1"],"picked":"Twin Strike+1","floor":48}],"player_experience":0,"relics_obtained":[{"floor":9,"key":"Strawberry"},{"floor":24,"key":"Kunai"},{"floor":26,"key":"Self Forming Clay"},{"floor":43,"key":"Ornamental Fan"}],"event_choices":[{"event_name":"Scrap Ooze","player_choice":"success","floor":2,"damage_taken":12},{"event_name":"Golden Shrine","player_choice":"Pray","floor":4,"damage_taken":0},{"event_name":"The Cleric","player_choice":"Leave","floor":8,"damage_taken":0},{"event_name":"Transmorgrifier","player_choice":"Transform","floor":11,"damage_taken":0},{"event_name":"Drug Dealer","player_choice":"Got JAX","floor":20,"damage_taken":0},{"event_name":"Back to Basics","player_choice":"Simplicity","floor":21,"damage_taken":0},{"event_name":"The Library","player_choice":"Heal","floor":25,"damage_taken":0},{"event_name":"Bonfire Elementals","player_choice":"COMMON","floor":44,"damage_taken":0},{"event_name":"SensoryStone","player_choice":"Memory 1","floor":47,"damage_taken":0}],"is_beta":false,"boss_relics":[{"not_picked":["Snecko Eye","Sozu"],"picked":"Lizard Tail"},{"not_picked":["Eternal Feather","Cursed Key"],"picked":"Black Star"}],"items_purged_floors":[41],"is_endless":false,"potions_floor_spawned":[5,12,14,18,29,30,35,48],"killed_by":"Awakened One","ascension_level":0}