{"gold_per_floor":[110,127,205,280,280,280,315,334,385,396,424,437,437,41,41,114,114,131,56,56,56,56,56,56,56,56,73,73,105,105,105,105,178,178,192,210,264,264,280,312,312,331,357,368,368,378,396,64,64,64],"floor_reached":51,"playtime":1946,"items_purged":["Strike_B"],"score":1315,"play_id":"efe55126-388e-4c8f-b607-6f0a3ff9d514","local_time":"20181230200322","is_ascension_mode":true,"campfire_choices":[{"data":"Zap","floor":6,"key":"SMITH"},{"floor":13,"key":"REST"},{"data":"Dualcast","floor":15,"key":"SMITH"},{"data":"Loop","floor":23,"key":"SMITH"},{"data":"Consume","floor":25,"key":"SMITH"},{"data":"FTL","floor":28,"key":"SMITH"},{"data":"FTL","floor":30,"key":"SMITH"},{"data":"Ball Lightning","floor":32,"key":"SMITH"},{"floor":41,"key":"REST"},{"data":"Capacitor","floor":45,"key":"SMITH"},{"floor":49,"key":"REST"}],"neow_cost":"NONE","seed_source_timestamp":2313347739700,"circlet_count":0,"master_deck":["AscendersBane","Defend_B","Defend_B","Zap+1","Dualcast+1","Hyperbeam","Ball Lightning","Chill","Ball Lightning+1","FTL+1","Beam Cell","Consume+1","Loop+1","Glacier","Electrodynamics","FTL+1","Machine Learning","Reprogram+1","Ball Lightning+1","Biased Cognition+1","Turbo+1","Writhe","Compile Driver+1","Core Surge","Core Surge","Hologram+1","Coolheaded","Coolheaded","Capacitor+1","Parasite","BootSequence"],"relics":["Cracked Core","Ancient Tea Set","Symbiotic Virus","Bag of Marbles","Bag of Preparation","Astrolabe","Cables","Singing Bowl","Orichalcum","PreservedInsect","CultistMask","Lizard Tail","Ginger","Regal Pillow","Vajra","Torii"],"potions_floor_usage":[11,29,44],"damage_taken":[{"damage":2,"enemies":"Jaw Worm","floor":1,"turns":3},{"damage":6,"enemies":"2 Louse","floor":2,"turns":2},{"damage":25,"enemies":"Lagavulin","floor":7,"turns":8},{"damage":0,"enemies":"Cultist","floor":8,"turns":3},{"damage":0,"enemies":"2 Fungi Beasts","floor":10,"turns":1},{"damage":16,"enemies":"3 Sentries","floor":11,"turns":5},{"damage":0,"enemies":"Exordium Thugs","floor":12,"turns":2},{"damage":0,"enemies":"Slime Boss","floor":16,"turns":5},{"damage":5,"enemies":"Chosen","floor":18,"turns":3},{"damage":0,"enemies":"2 Thieves","floor":27,"turns":1},{"damage":8,"enemies":"Slavers","floor":29,"turns":2},{"damage":19,"enemies":"Collector","floor":33,"turns":8},{"damage":3,"enemies":"3 Shapes","floor":35,"turns":3},{"damage":10,"enemies":"Orb Walker","floor":36,"turns":2},{"damage":26,"enemies":"2 Orb Walkers","floor":37,"turns":4},{"damage":24,"enemies":"Spire Growth","floor":39,"turns":4},{"damage":23,"enemies":"Giant Head","floor":40,"turns":7},{"damage":31,"enemies":"Transient","floor":42,"turns":5},{"damage":0,"enemies":"Writhing Mass","floor":44,"turns":3},{"damage":14,"enemies":"Sphere and 2 Shapes","floor":46,"turns":4},{"damage":0,"enemies":"Maw","floor":47,"turns":6},{"damage":53,"enemies":"Time Eater","floor":50,"turns":12}],"seed_played":"-2547644673924498302","potions_obtained":[{"floor":7,"key":"FearPotion"},{"floor":8,"key":"Regen Potion"},{"floor":16,"key":"AttackPotion"},{"floor":29,"key":"LiquidBronze"}],"is_trial":false,"path_per_floor":["M","M","?","?","?","R","E","M","T","M","E","M","R","$","R","B",null,"M","?","?","?","T","R","$","R","T","M","R","E","R","?","R","B",null,"M","M","?","?","M","E","R","M","T","M","R","M","M","$","R","B",null],"character_chosen":"DEFECT","items_purchased":["Glacier","Electrodynamics","FTL","Torii"],"campfire_rested":3,"item_purchase_floors":[14,14,14,48],"current_hp_per_floor":[62,56,56,45,40,40,15,15,15,15,13,13,34,34,34,34,62,57,57,57,57,57,57,57,57,57,57,57,49,49,49,49,30,61,58,48,22,58,36,15,48,17,17,17,17,5,7,7,41,26],"gold":64,"neow_bonus":"ONE_RANDOM_RARE_CARD","is_prod":false,"is_daily":false,"chose_seed":false,"campfire_upgraded":8,"win_rate":0,"timestamp":1546196602,"path_taken":["M","M","?","?","?","R","E","M","T","M","E","M","R","$","R","BOSS","M","?","?","?","?","R","$","R","T","?","R","E","R","?","R","BOSS","M","M","?","?","M","E","R","M","T","M","R","M","M","$","R","BOSS"],"build_version":"2018-12-20","purchased_purges":1,"victory":true,"max_hp_per_floor":[71,71,71,71,71,71,71,71,71,71,71,71,71,71,71,71,71,71,71,71,71,71,71,71,71,71,71,71,71,71,71,71,71,71,71,71,71,58,60,62,62,62,62,62,62,64,66,66,66,66],"card_choices":[{"not_picked":["Undo","Coolheaded"],"picked":"Ball Lightning","floor":1},{"not_picked":["Lockon","Force Field"],"picked":"Chill","floor":2},{"not_picked":["Rebound","Sunder"],"picked":"Ball Lightning","floor":7},{"not_picked":["Steam","Redo"],"picked":"FTL","floor":8},{"not_picked":["Gash","Sunder"],"picked":"Beam Cell","floor":10},{"not_picked":["Redo","Leap"],"picked":"Consume","floor":11},{"not_picked":["Turbo","Leap"],"picked":"Loop","floor":12},{"not_picked":["Electrodynamics","Rainbow"],"picked":"Machine Learning","floor":16},{"not_picked":["Streamline","Sweeping Beam"],"picked":"Turbo+1","floor":18},{"not_picked":["Double Energy","Hello World"],"picked":"Compile Driver+1","floor":27},{"not_picked":["Undo","Chill"],"picked":"Core Surge","floor":29},{"not_picked":["Seek","Multi-Cast"],"picked":"Core Surge","floor":33},{"not_picked":["Compile Driver","Scrape"],"picked":"Hologram+1","floor":35},{"not_picked":["Genetic Algorithm+1","Leap+1"],"picked":"Coolheaded","floor":36},{"not_picked":["Gash","Barrage+1"],"picked":"Coolheaded","floor":37},{"not_picked":["Redo","Coolheaded","Ball Lightning"],"picked":"Singing Bowl","floor":39},{"not_picked":["Undo","Sunder","Aggregate"],"picked":"Singing Bowl","floor":40},{"not_picked":["Creative AI","Steam Power+1"],"picked":"Capacitor","floor":42},{"not_picked":["Leap+1","Sweeping Beam"],"picked":"BootSequence","floor":44},{"not_picked":["Consume+1","Sweeping Beam","Blizzard"],"picked":"Singing Bowl","floor":46},{"not_picked":["Reinforced Body","Streamline","Auto Shields"],"picked":"Singing Bowl","floor":47}],"player_experience":327093,"relics_obtained":[{"floor":7,"key":"Symbiotic Virus"},{"floor":9,"key":"Bag of Marbles"},{"floor":11,"key":"Bag of Preparation"},{"floor":22,"key":"Singing Bowl"},{"floor":26,"key":"Orichalcum"},{"floor":29,"key":"PreservedInsect"},{"floor":37,"key":"Ginger"},{"floor":40,"key":"Regal Pillow"},{"floor":43,"key":"Vajra"}],"event_choices":[{"damage_healed":0,"gold_gain":78,"player_choice":"Gained Gold","damage_taken":0,"max_hp_gain":0,"max_hp_loss":0,"event_name":"Golden Wing","floor":3,"gold_loss":0},{"damage_healed":0,"gold_gain":75,"player_choice":"Gather Gold","damage_taken":11,"max_hp_gain":0,"max_hp_loss":0,"event_name":"World of Goop","floor":4,"gold_loss":0},{"damage_healed":0,"gold_gain":0,"player_choice":"Success","damage_taken":5,"relics_obtained":["Ancient Tea Set"],"max_hp_gain":0,"max_hp_loss":0,"event_name":"Scrap Ooze","floor":5,"gold_loss":0},{"cards_removed":["Strike_B"],"damage_healed":0,"gold_gain":0,"player_choice":"Gave Gold","damage_taken":0,"max_hp_gain":0,"max_hp_loss":0,"event_name":"Beggar","floor":19,"gold_loss":75},{"damage_healed":0,"gold_gain":0,"player_choice":"Opened","damage_taken":0,"relics_obtained":["Cables"],"max_hp_gain":0,"max_hp_loss":0,"event_name":"The Mausoleum","floor":20,"gold_loss":0,"cards_obtained":["Writhe"]},{"cards_removed":["Defend_B"],"damage_healed":0,"gold_gain":0,"player_choice":"Elegance","damage_taken":0,"max_hp_gain":0,"max_hp_loss":0,"event_name":"Back to Basics","floor":21,"gold_loss":0},{"damage_healed":0,"gold_gain":0,"player_choice":"Trade","damage_taken":0,"relics_obtained":["CultistMask"],"max_hp_gain":0,"max_hp_loss":0,"event_name":"FaceTrader","floor":31,"gold_loss":0},{"damage_healed":0,"gold_gain":0,"player_choice":"Fight","damage_taken":0,"max_hp_gain":0,"max_hp_loss":0,"event_name":"Mysterious Sphere","floor":37,"gold_loss":0},{"damage_healed":58,"gold_gain":0,"player_choice":"Heal","damage_taken":0,"max_hp_gain":0,"max_hp_loss":13,"event_name":"The Moai Head","floor":38,"gold_loss":0}],"is_beta":false,"boss_relics":[{"not_picked":["Pandora\u0027s Box","Black Star"],"picked":"Astrolabe"},{"not_picked":["Orrery","Tiny House"],"picked":"Lizard Tail"}],"items_purged_floors":[14],"is_endless":false,"potions_floor_spawned":[7,8,10,16,29,33,35,37,42],"ascension_level":16}