{"path_per_floor":["M","?","?","M","M","R","$","E","T","E","?","R","T","M","R"],"character_chosen":"IRONCLAD","items_purchased":["Metallicize"],"gold_per_floor":[118,193,193,212,223,223,73,104,104,132,132,132,132,144,144,144],"floor_reached":16,"campfire_rested":1,"playtime":678,"current_hp_per_floor":[80,69,62,53,56,56,56,39,39,11,17,42,42,33,33,0],"items_purged":["Strike_R"],"gold":144,"score":108,"play_id":"a8aff9bf-96bb-48e1-902a-b615a52cc4c6","local_time":"20180521151206","is_prod":false,"is_daily":false,"chose_seed":false,"is_ascension_mode":false,"campfire_upgraded":2,"timestamp":1526908326,"campfire_choices":[{"data":"Wild Strike","floor":6,"key":"SMITH"},{"floor":12,"key":"REST"},{"data":"Barricade","floor":15,"key":"SMITH"}],"path_taken":["M","?","?","M","M","R","?","E","T","E","?","R","?","M","R","BOSS"],"build_version":"2018-05-17","seed_source_timestamp":62164192193351,"purchased_purges":1,"victory":false,"master_deck":["Strike_R","Strike_R","Defend_R","Defend_R","Defend_R","Defend_R","Bash","Wild Strike+1","Metallicize","Shockwave","Barricade+1","Regret"],"max_hp_per_floor":[80,80,80,80,80,80,80,80,80,80,86,86,86,86,86,86],"relics":["Burning Blood","Prayer Wheel","Darkstone Periapt","Mercury Hourglass","Self Forming Clay","Gremlin Horn"],"card_choices":[{"not_picked":["Headbutt","Clash","Sword Boomerang"],"picked":"SKIP","floor":1.0},{"not_picked":["Heavy Blade","True Grit"],"picked":"Wild Strike","floor":4},{"not_picked":["Flex","Heavy Blade","Hemokinesis"],"picked":"SKIP","floor":5},{"not_picked":["Combust","Searing Blow"],"picked":"Shockwave","floor":8},{"not_picked":["Flame Barrier","Second Wind"],"picked":"Barricade","floor":10},{"not_picked":["Rupture","Headbutt","True Grit"],"picked":"SKIP","floor":14},{"not_picked":["Searing Blow","Cleave","Havoc"],"picked":"SKIP","floor":14}],"player_experience":260522,"potions_floor_usage":[8,16,16],"damage_taken":[{"damage":6.0,"enemies":"2 Louse","floor":1.0,"turns":4.0},{"damage":15,"enemies":"Cultist","floor":4,"turns":7},{"damage":3,"enemies":"Small Slimes","floor":5,"turns":3},{"damage":37,"enemies":"Lagavulin","floor":8,"turns":6},{"damage":34,"enemies":"Gremlin Nob","floor":10,"turns":6},{"damage":15,"enemies":"Looter","floor":14,"turns":4},{"damage":35,"enemies":"Slime Boss","floor":16,"turns":14}],"relics_obtained":[{"floor":8,"key":"Prayer Wheel"},{"floor":9,"key":"Darkstone Periapt"},{"floor":10,"key":"Mercury Hourglass"},{"floor":13,"key":"Gremlin Horn"}],"event_choices":[{"event_name":"World of Goop","player_choice":"Gather Gold","floor":2.0,"damage_taken":0.0},{"event_name":"Golden Wing","player_choice":"Card Removal","floor":3.0,"damage_taken":0.0},{"event_name":"Big Fish","player_choice":"Box","floor":11,"damage_taken":0}],"boss_relics":[],"potions_floor_spawned":[4,5,10],"seed_played":"-3550555110882340631","killed_by":"Slime Boss","ascension_level":0,"potions_obtained":[{"floor":4,"key":"Ancient Potion"},{"floor":5,"key":"Regen Potion"},{"floor":10,"key":"Explosive Potion"}],"is_trial":false}