{"path_per_floor":["M","M","?","M","$","R","M","M","T","M","M","?","M","M","R","B",null,"M","M","$","M","?","R","E","R","T","?","?","$","R","?","R"],"character_chosen":"IRONCLAD","items_purchased":["Lantern","Juzu Bracelet"],"gold_per_floor":[115,133,133,153,3,3,17,35,35,50,62,62,81,93,93,194,194,194,194,48,48,48,48,48,48,48,48,48,48,48,48,48,48],"floor_reached":33,"campfire_rested":4,"playtime":1470,"current_hp_per_floor":[80,80,73,71,71,71,68,56,56,62,63,63,53,46,70,73,80,80,71,71,30,56,56,8,32,32,16,16,16,40,40,64,0],"items_purged":[],"gold":48,"score":309,"play_id":"6073c1a5-4337-4f17-9079-47808a9bb792","local_time":"20180426210520","is_prod":false,"is_daily":false,"chose_seed":false,"is_ascension_mode":false,"campfire_upgraded":2,"timestamp":1524791120,"path_taken":["M","M","?","M","?","R","M","M","T","M","M","?","M","?","R","BOSS","M","M","$","M","?","R","E","R","T","?","?","?","R","?","R","BOSS"],"build_version":"2018-04-26","seed_source_timestamp":12370254200437,"purchased_purges":0,"victory":false,"master_deck":["Strike_R","Strike_R+1","Defend_R","Defend_R","Defend_R","Defend_R","Bash+1","Cleave","Flex","Cleave+1","Bloodletting","Flex","Twin Strike","Anger","Brutality+1","Hemokinesis","Heavy Blade","Demon Form","Rupture","Pummel","Shockwave","Necronomicurse"],"max_hp_per_floor":[80,80,80,80,80,80,80,80,80,80,80,80,80,80,80,80,80,80,80,80,80,80,80,80,80,80,80,80,80,80,80,80,80],"relics":["Burning Blood","Lantern","Mercury Hourglass","Ectoplasm","Juzu Bracelet","Whetstone","Mummified Hand","Necronomicon"],"card_choices":[{"not_picked":["Body Slam","Headbutt"],"picked":"Cleave","floor":0},{"not_picked":["Warcry","Wild Strike"],"picked":"Flex","floor":1},{"not_picked":["Disarm","Sword Boomerang"],"picked":"Cleave","floor":2},{"not_picked":["Second Wind","Intimidate"],"picked":"Bloodletting","floor":4},{"not_picked":["Body Slam","Headbutt"],"picked":"Flex","floor":8},{"not_picked":["Evolve","Flex"],"picked":"Twin Strike","floor":10},{"not_picked":["Metallicize","Sword Boomerang"],"picked":"Anger","floor":11},{"not_picked":["Flex","Barricade"],"picked":"Hemokinesis","floor":13},{"not_picked":["Warcry","Havoc"],"picked":"Heavy Blade","floor":14},{"not_picked":["Brutality","Limit Break"],"picked":"Demon Form","floor":16},{"not_picked":["Cleave","Havoc"],"picked":"Rupture","floor":18},{"not_picked":["Second Wind","Blood for Blood"],"picked":"Pummel","floor":21},{"not_picked":["Perfected Strike","Fire Breathing"],"picked":"Shockwave","floor":24}],"player_experience":209420,"potions_floor_usage":[16,21,24,33],"damage_taken":[{"damage":6,"enemies":"Jaw Worm","floor":1,"turns":3},{"damage":2,"enemies":"2 Louse","floor":2,"turns":2},{"damage":8,"enemies":"Small Slimes","floor":4,"turns":3},{"damage":9,"enemies":"Blue Slaver","floor":7,"turns":4},{"damage":18,"enemies":"Exordium Thugs","floor":8,"turns":4},{"damage":0,"enemies":"2 Fungi Beasts","floor":10,"turns":3},{"damage":5,"enemies":"Lots of Slimes","floor":11,"turns":2},{"damage":16,"enemies":"Large Slime","floor":13,"turns":4},{"damage":13,"enemies":"Red Slaver","floor":14,"turns":2},{"damage":3,"enemies":"Slime Boss","floor":16,"turns":4},{"damage":5,"enemies":"3 Byrds","floor":18,"turns":3},{"damage":15,"enemies":"Chosen","floor":19,"turns":3},{"damage":47,"enemies":"Centurion and Healer","floor":21,"turns":4},{"damage":54,"enemies":"Book of Stabbing","floor":24,"turns":5},{"damage":87,"enemies":"Automaton","floor":33,"turns":6}],"event_choices":[{"event_name":"Golden Wing","player_choice":"Card Removal","floor":3,"damage_taken":0},{"event_name":"Transmorgrifier","player_choice":"Transform","floor":12,"damage_taken":0},{"event_name":"The Library","player_choice":"Heal","floor":22,"damage_taken":0},{"event_name":"Cursed Tome","player_choice":"Obtained Book","floor":27,"damage_taken":0},{"event_name":"Drug Dealer","player_choice":"Ignored","floor":28,"damage_taken":0},{"event_name":"Back to Basics","player_choice":"Elegance","floor":31,"damage_taken":0}],"boss_relics":[{"not_picked":["Orrery","Philosopher\u0027s Stone"],"picked":"Ectoplasm"}],"potions_floor_spawned":[2,8,13,14,16,18],"seed_played":"-2793157897428427732","killed_by":"Automaton","ascension_level":0,"is_trial":false}