{"gold_per_floor":[116,126,138,152,164,164,195,195,195,227,227,257,257,269,269,370,420,432,258,258,273,290,290,310,327,327,327,341,341,139,158,158,258,258,274,287,287,299,91,91,104,104,104,123,123,123],"floor_reached":46,"playtime":3107,"items_purged":[],"score":508,"play_id":"dfab35d4-098a-4b97-b170-8b905d0f5438","local_time":"20190213142303","is_ascension_mode":true,"campfire_choices":[{"floor":6,"key":"RECALL"},{"data":"Armaments","floor":8,"key":"SMITH"},{"floor":15,"key":"REST"},{"floor":23,"key":"REST"},{"floor":27,"key":"REST"},{"floor":32,"key":"REST"},{"data":"Body Slam","floor":40,"key":"SMITH"},{"floor":42,"key":"REST"},{"floor":45,"key":"REST"}],"neow_cost":"NONE","seed_source_timestamp":2807616013040,"circlet_count":0,"master_deck":["Strike_R+1","Strike_R","Strike_R","Strike_R","Defend_R","Defend_R","Defend_R","Defend_R","Bash","Body Slam+1","Armaments+1","Body Slam","Metallicize+1","Juggernaut+1","Mayhem+1","Warcry+1","Feel No Pain+1","True Grit","True Grit","Fiend Fire","Headbutt+1","Iron Wave","Body Slam+1","Entrench"],"relics":["Burning Blood","Bird Faced Urn","Frozen Egg 2","Juzu Bracelet","Tiny House","Anchor","Sozu","Charon\u0027s Ashes","Lee\u0027s Waffle","Mango"],"potions_floor_usage":[7,18,21,28,33,38,44],"damage_taken":[{"damage":4,"enemies":"Cultist","floor":1,"turns":4},{"damage":3,"enemies":"Jaw Worm","floor":2,"turns":6},{"damage":0,"enemies":"Small Slimes","floor":3,"turns":4},{"damage":0,"enemies":"Exordium Wildlife","floor":4,"turns":5},{"damage":2,"enemies":"Looter","floor":5,"turns":4},{"damage":60,"enemies":"Lagavulin","floor":7,"turns":9},{"damage":12,"enemies":"3 Sentries","floor":10,"turns":8},{"damage":0,"enemies":"Red Slaver","floor":14,"turns":4},{"damage":40,"enemies":"The Guardian","floor":16,"turns":14},{"damage":14,"enemies":"3 Byrds","floor":18,"turns":7},{"damage":0,"enemies":"Chosen","floor":21,"turns":4},{"damage":31,"enemies":"Centurion and Healer","floor":22,"turns":8},{"damage":24,"enemies":"Snake Plant","floor":24,"turns":3},{"damage":33,"enemies":"Sentry and Sphere","floor":25,"turns":7},{"damage":21,"enemies":"Centurion and Healer","floor":28,"turns":10},{"damage":15,"enemies":"Chosen and Byrds","floor":31,"turns":7},{"damage":62,"enemies":"Champ","floor":33,"turns":14},{"damage":15,"enemies":"Orb Walker","floor":35,"turns":5},{"damage":20,"enemies":"3 Shapes","floor":36,"turns":6},{"damage":28,"enemies":"Jaw Worm Horde","floor":38,"turns":4},{"damage":30,"enemies":"Sphere and 2 Shapes","floor":41,"turns":6},{"damage":68,"enemies":"Transient","floor":44,"turns":5},{"damage":125,"enemies":"Giant Head","floor":46,"turns":11}],"seed_played":"-7223115055515468177","potions_obtained":[{"floor":2,"key":"Regen Potion"},{"floor":14,"key":"GamblersBrew"},{"floor":17,"key":"Explosive Potion"},{"floor":22,"key":"FairyPotion"},{"floor":24,"key":"Swift Potion"},{"floor":25,"key":"SteroidPotion"},{"floor":31,"key":"Energy Potion"},{"floor":33,"key":"Regen Potion"}],"is_trial":false,"path_per_floor":["M","M","M","M","M","R","E","R","T","E","?","?","?","M","R","B",null,"M","$","?","M","M","R","M","M","T","R","M","?","$","M","R","B",null,"M","M","?","M","$","R","M","R","T","M","R","E"],"character_chosen":"IRONCLAD","items_purchased":["Mayhem+1","Anchor","True Grit","Lee\u0027s Waffle"],"campfire_rested":6,"item_purchase_floors":[19,30,30,39],"current_hp_per_floor":[88,88,88,88,88,88,49,49,49,43,36,36,36,42,68,36,93,85,85,67,79,60,89,75,54,54,83,74,74,74,73,98,46,98,93,85,85,76,105,105,85,105,119,59,94,0],"gold":123,"neow_bonus":"TEN_PERCENT_HP_BONUS","is_prod":false,"is_daily":false,"chose_seed":false,"campfire_upgraded":2,"win_rate":0,"timestamp":1550089383,"path_taken":["M","?","M","M","M","R","E","R","T","E","?","?","?","M","R","BOSS","M","$","?","M","M","R","M","M","T","R","M","?","?","M","R","BOSS","M","M","?","M","$","R","M","R","T","M","R","E"],"build_version":"2019-01-23","purchased_purges":0,"victory":false,"max_hp_per_floor":[88,88,88,88,88,88,88,88,88,88,88,88,88,88,88,88,93,93,93,98,98,98,98,98,98,98,98,98,98,98,98,98,98,98,98,98,98,98,105,105,105,105,119,119,119,119],"card_choices":[{"not_picked":["Armaments","Iron Wave"],"picked":"Body Slam","floor":1},{"not_picked":["Clash","Rupture"],"picked":"Armaments","floor":2},{"not_picked":["Warcry","Thunderclap","Clash"],"picked":"SKIP","floor":3},{"not_picked":["Anger","Spot Weakness","Feed"],"picked":"SKIP","floor":4},{"not_picked":["Flex","Shrug It Off"],"picked":"Body Slam","floor":5},{"not_picked":["Clothesline","Body Slam","Double Tap"],"picked":"SKIP","floor":7},{"not_picked":["Thunderclap","Dual Wield","Combust+1"],"picked":"SKIP","floor":10},{"not_picked":["Anger","Flex"],"picked":"Metallicize+1","floor":14},{"not_picked":["Barricade+1","Offering"],"picked":"Juggernaut+1","floor":16},{"not_picked":["Combust+1","Searing Blow","Inflame+1"],"picked":"SKIP","floor":18},{"not_picked":["Rupture+1","Armaments","Flex"],"picked":"SKIP","floor":21},{"not_picked":["Combust+1","Thunderclap"],"picked":"Warcry+1","floor":22},{"not_picked":["Hemokinesis","Whirlwind"],"picked":"Heavy Blade+1","floor":24},{"not_picked":["Carnage","Twin Strike+1","Armaments+1"],"picked":"SKIP","floor":25},{"not_picked":["Inflame+1","Warcry+1"],"picked":"Feel No Pain+1","floor":28},{"not_picked":["Flex","Feel No Pain+1"],"picked":"True Grit","floor":31},{"not_picked":["Offering","Dark Embrace+1"],"picked":"Fiend Fire","floor":33},{"not_picked":["Clash","Corruption+1","Combust+1"],"picked":"SKIP","floor":35},{"not_picked":["Clothesline","Rupture+1"],"picked":"Headbutt+1","floor":36},{"not_picked":["Clothesline+1","Clash"],"picked":"Iron Wave","floor":38},{"not_picked":["Cleave+1","Headbutt"],"picked":"Body Slam+1","floor":41},{"not_picked":["Impervious","Shockwave"],"picked":"Entrench","floor":44}],"player_experience":98075,"relics_obtained":[{"floor":7,"key":"Bird Faced Urn"},{"floor":9,"key":"Frozen Egg 2"},{"floor":10,"key":"Juzu Bracelet"},{"floor":43,"key":"Mango"}],"event_choices":[{"cards_removed":["Strike_R"],"damage_healed":0,"gold_gain":0,"player_choice":"Card Removal","damage_taken":7,"max_hp_gain":0,"max_hp_loss":0,"event_name":"Golden Wing","floor":11,"gold_loss":0},{"damage_healed":0,"gold_gain":30,"player_choice":"Searched \u00271\u0027 times","damage_taken":0,"max_hp_gain":0,"max_hp_loss":0,"event_name":"Dead Adventurer","floor":12,"gold_loss":0},{"damage_healed":0,"gold_gain":0,"player_choice":"Ignored","damage_taken":0,"max_hp_gain":0,"max_hp_loss":0,"event_name":"Liars Game","floor":13,"gold_loss":0},{"damage_healed":0,"gold_gain":0,"player_choice":"Shed Blood","damage_taken":23,"max_hp_gain":5,"max_hp_loss":0,"event_name":"Forgotten Altar","floor":20,"gold_loss":0},{"damage_healed":0,"gold_gain":0,"player_choice":"Ignored","damage_taken":0,"max_hp_gain":0,"max_hp_loss":0,"event_name":"The Mausoleum","floor":29,"gold_loss":0},{"cards_removed":["Heavy Blade"],"damage_healed":0,"gold_gain":0,"player_choice":"Gave Card","damage_taken":0,"relics_obtained":["Charon\u0027s Ashes"],"max_hp_gain":0,"max_hp_loss":0,"event_name":"WeMeetAgain","floor":37,"gold_loss":0}],"is_beta":false,"boss_relics":[{"not_picked":["Busted Crown","Fusion Hammer"],"picked":"Tiny House"},{"not_picked":["Velvet Choker","Snecko Eye"],"picked":"Sozu"}],"items_purged_floors":[],"is_endless":false,"potions_floor_spawned":[2,14,22,24,25,31,33,36,44],"killed_by":"Giant Head","ascension_level":1}