{"gold_per_floor":[119,72,88,103,119,144,219,219,219,219,245,263,263,263,263,362,362,376,392,403,415,427,427,461,126,126,41,41,54,54,71,71,176,176,189,202,202,202,202,202,102,102,177,189,189,199,199,209,209,209],"floor_reached":51,"playtime":4115,"items_purged":["Strike_R","Strike_R"],"score":679,"play_id":"cc7a54c3-e7e4-428b-9d35-32f4b655d5d7","local_time":"20190226062618","is_ascension_mode":false,"campfire_choices":[{"data":"Sword Boomerang","floor":8,"key":"SMITH"},{"data":"Barricade","floor":13,"key":"SMITH"},{"data":"Whirlwind","floor":15,"key":"SMITH"},{"floor":23,"key":"REST"},{"data":"Armaments","floor":28,"key":"SMITH"},{"data":"Shrug It Off","floor":30,"key":"SMITH"},{"data":"Heavy Blade","floor":32,"key":"SMITH"},{"data":"Offering","floor":40,"key":"SMITH"},{"data":"Shrug It Off","floor":49,"key":"SMITH"}],"neow_cost":"NONE","seed_source_timestamp":827772301519722,"circlet_count":0,"master_deck":["Strike_R","Defend_R","Defend_R","Defend_R","Bash","Spot Weakness","Iron Wave","Shrug It Off+1","Sword Boomerang+1","Pummel","Shrug It Off+1","Heavy Blade+1","Barricade+1","Whirlwind+1","Impervious","Entrench+1","Armaments+1","Impervious","Master of Strategy","Bandage Up","Shrug It Off+1","Offering+1"],"relics":["Burning Blood","Meat on the Bone","Darkstone Periapt","Letter Opener","Velvet Choker","Mercury Hourglass","Self Forming Clay","Champion Belt","Busted Crown","Bottled Lightning"],"potions_floor_usage":[6,11,16,16,20,24,33,50,50,50],"damage_taken":[{"damage":4,"enemies":"Jaw Worm","floor":1,"turns":5},{"damage":7,"enemies":"2 Louse","floor":3,"turns":3},{"damage":2,"enemies":"Small Slimes","floor":4,"turns":4},{"damage":4,"enemies":"Blue Slaver","floor":5,"turns":4},{"damage":22,"enemies":"Gremlin Nob","floor":6,"turns":6},{"damage":15,"enemies":"3 Sentries","floor":11,"turns":11},{"damage":4,"enemies":"Large Slime","floor":12,"turns":9},{"damage":30,"enemies":"Slime Boss","floor":16,"turns":14},{"damage":22,"enemies":"3 Byrds","floor":18,"turns":5},{"damage":14,"enemies":"Spheric Guardian","floor":19,"turns":5},{"damage":16,"enemies":"Centurion and Healer","floor":20,"turns":4},{"damage":2,"enemies":"Chosen and Byrds","floor":21,"turns":9},{"damage":21,"enemies":"Cultist and Chosen","floor":22,"turns":6},{"damage":7,"enemies":"Book of Stabbing","floor":24,"turns":7},{"damage":15,"enemies":"Snake Plant","floor":29,"turns":6},{"damage":0,"enemies":"Centurion and Healer","floor":31,"turns":8},{"damage":0,"enemies":"Champ","floor":33,"turns":18},{"damage":6,"enemies":"3 Shapes","floor":35,"turns":1},{"damage":6,"enemies":"3 Darklings","floor":36,"turns":3},{"damage":12,"enemies":"Spire Growth","floor":44,"turns":4},{"damage":6,"enemies":"Maw","floor":46,"turns":8},{"damage":6,"enemies":"3 Darklings","floor":48,"turns":1},{"damage":15,"enemies":"Awakened One","floor":50,"turns":11}],"seed_played":"-2155677696633549816","potions_obtained":[{"floor":4,"key":"Weak Potion"},{"floor":6,"key":"EssenceOfSteel"},{"floor":11,"key":"SteroidPotion"},{"floor":12,"key":"SkillPotion"},{"floor":19,"key":"AttackPotion"},{"floor":20,"key":"Fire Potion"},{"floor":22,"key":"Poison Potion"},{"floor":24,"key":"EntropicBrew"},{"floor":29,"key":"Dexterity Potion"},{"floor":36,"key":"FearPotion"},{"floor":46,"key":"Weak Potion"}],"is_trial":false,"path_per_floor":["M","$","M","M","M","E","?","R","T","?","E","M","R","?","R","B",null,"M","M","M","M","M","R","E","$","T","?","R","M","R","M","R","B",null,"M","M","$","?","$","R","$","?","T","M","?","M","?","M","R","B",null],"character_chosen":"IRONCLAD","items_purchased":["Shrug It Off","Master of Strategy","Bandage Up"],"campfire_rested":1,"item_purchase_floors":[2,25,25],"current_hp_per_floor":[80,80,79,80,80,64,53,53,53,53,56,58,58,58,58,46,80,64,56,58,62,47,71,70,70,70,70,70,65,65,75,75,80,80,80,80,80,80,80,80,80,76,76,74,74,76,76,76,76,71],"gold":209,"neow_bonus":"THREE_CARDS","is_prod":false,"is_daily":false,"chose_seed":false,"campfire_upgraded":8,"win_rate":0,"timestamp":1551129978,"path_taken":["M","$","M","M","M","E","?","R","T","?","E","M","R","?","R","BOSS","M","M","M","M","M","R","E","$","T","?","R","M","R","M","R","BOSS","M","M","$","?","$","R","$","?","T","M","?","?","?","M","R","BOSS"],"build_version":"2019-01-23","purchased_purges":2,"victory":true,"max_hp_per_floor":[80,80,80,80,80,80,80,80,80,80,80,80,80,80,80,80,80,80,80,80,80,80,80,80,80,80,80,80,80,80,80,80,80,80,80,80,80,80,80,80,80,76,76,76,76,76,76,76,76,76],"card_choices":[{"not_picked":["Pommel Strike","Clothesline"],"picked":"Spot Weakness","floor":0},{"not_picked":["Pommel Strike","Wild Strike"],"picked":"Iron Wave","floor":1},{"not_picked":["Shrug It Off","Feel No Pain"],"picked":"Sword Boomerang","floor":3},{"not_picked":["Anger","Rupture"],"picked":"Pummel","floor":4},{"not_picked":["Sword Boomerang","Perfected Strike"],"picked":"Shrug It Off","floor":5},{"not_picked":["Twin Strike","Headbutt"],"picked":"Heavy Blade","floor":6},{"not_picked":["Sentinel","Exhume"],"picked":"Barricade","floor":11},{"not_picked":["Clash","Havoc"],"picked":"Whirlwind","floor":12},{"not_picked":["Exhume","Berserk"],"picked":"Impervious","floor":16},{"not_picked":["Uppercut","Armaments+1"],"picked":"Entrench+1","floor":18},{"not_picked":["Whirlwind","Wild Strike","Reckless Charge"],"picked":"SKIP","floor":19},{"not_picked":["Perfected Strike","Clash","Havoc"],"picked":"SKIP","floor":20},{"not_picked":["Sever Soul","Havoc"],"picked":"Armaments","floor":21},{"not_picked":["Iron Wave","Anger"],"picked":"Impervious","floor":22},{"not_picked":["Havoc","Sentinel","Clothesline"],"picked":"SKIP","floor":24},{"not_picked":["Clash","Spot Weakness+1","Dropkick"],"picked":"SKIP","floor":29},{"not_picked":["Perfected Strike","Intimidate"],"picked":"Shrug It Off+1","floor":31},{"not_picked":["Exhume","Barricade"],"picked":"Offering","floor":33},{"not_picked":["Dropkick+1"],"picked":"SKIP","floor":35},{"not_picked":["Searing Blow"],"picked":"SKIP","floor":36},{"not_picked":["Dropkick+1"],"picked":"SKIP","floor":44},{"not_picked":["Clothesline"],"picked":"SKIP","floor":46},{"not_picked":["Perfected Strike+1"],"picked":"SKIP","floor":48}],"player_experience":446171,"relics_obtained":[{"floor":6,"key":"Meat on the Bone"},{"floor":9,"key":"Darkstone Periapt"},{"floor":11,"key":"Letter Opener"},{"floor":24,"key":"Mercury Hourglass"},{"floor":26,"key":"Self Forming Clay"},{"floor":43,"key":"Bottled Lightning"}],"event_choices":[{"damage_healed":0,"gold_gain":75,"player_choice":"Gather Gold","damage_taken":11,"max_hp_gain":0,"max_hp_loss":0,"event_name":"World of Goop","floor":7,"gold_loss":0},{"cards_removed":["Strike_R"],"damage_healed":0,"gold_gain":0,"player_choice":"Forget","damage_taken":0,"max_hp_gain":0,"max_hp_loss":0,"event_name":"Living Wall","floor":10,"gold_loss":0},{"damage_healed":0,"gold_gain":0,"player_choice":"Searched \u00270\u0027 times","damage_taken":0,"max_hp_gain":0,"max_hp_loss":0,"event_name":"Dead Adventurer","floor":14,"gold_loss":0},{"damage_healed":0,"gold_gain":0,"player_choice":"Obtained Relic","damage_taken":0,"relics_obtained":["Champion Belt"],"max_hp_gain":0,"max_hp_loss":0,"event_name":"Addict","floor":27,"gold_loss":85},{"damage_healed":0,"gold_gain":0,"player_choice":"Ignored","damage_taken":0,"max_hp_gain":0,"max_hp_loss":0,"event_name":"Tomb of Lord Red Mask","floor":38,"gold_loss":0},{"damage_healed":0,"gold_gain":0,"player_choice":"Max HP","damage_taken":0,"max_hp_gain":0,"max_hp_loss":4,"event_name":"Winding Halls","floor":42,"gold_loss":0},{"cards_removed":["Strike_R"],"damage_healed":0,"gold_gain":0,"player_choice":"Purged","damage_taken":0,"max_hp_gain":0,"max_hp_loss":0,"event_name":"Purifier","floor":45,"gold_loss":0},{"cards_removed":["Defend_R"],"damage_healed":0,"gold_gain":0,"player_choice":"Removed Skill","damage_taken":0,"max_hp_gain":0,"max_hp_loss":0,"event_name":"Falling","floor":47,"gold_loss":0}],"is_beta":false,"boss_relics":[{"not_picked":["Runic Dome","White Beast Statue"],"picked":"Velvet Choker"},{"not_picked":["Runic Cube","Black Star"],"picked":"Busted Crown"}],"items_purged_floors":[25,41],"is_endless":false,"potions_floor_spawned":[4,6,11,12,19,20,22,24,29,36,46],"ascension_level":0}