{"path_per_floor":["M","M","?","M","T","E","R","E","T","R","M","M","M","M","R","B",null,"M","M","$","?"],"character_chosen":"DEFECT","items_purchased":["Storm","Torii"],"gold_per_floor":[117,137,137,157,182,215,215,242,242,242,259,271,289,304,304,409,409,399,413,34,34,34],"floor_reached":22,"campfire_rested":2,"playtime":844,"item_purchase_floors":[20,20],"current_hp_per_floor":[68,66,66,66,66,36,59,38,38,38,39,33,33,35,59,58,83,68,41,41,41,0],"items_purged":[],"gold":34,"score":218,"play_id":"09697ff9-a1d8-40c1-9be8-77fd13e72b3b","local_time":"20180622172103","is_prod":false,"is_daily":false,"chose_seed":false,"is_ascension_mode":true,"campfire_upgraded":1,"win_rate":0,"timestamp":1529680863,"campfire_choices":[{"floor":7,"key":"REST"},{"data":"Streamline","floor":10,"key":"SMITH"},{"floor":15,"key":"REST"}],"path_taken":["M","M","?","M","?","E","R","E","T","R","M","M","M","M","R","BOSS","M","M","$","?","?"],"build_version":"2018-06-21","seed_source_timestamp":49262225185720,"purchased_purges":0,"circlet_count":0,"victory":false,"master_deck":["Strike_B","Strike_B","Strike_B","Strike_B","Defend_B","Defend_B","Defend_B","Defend_B","Zap","Dualcast","Reinforced Body","Streamline+1","Buffer","Amplify","Storm"],"max_hp_per_floor":[75,75,75,75,75,77,77,77,77,77,79,81,81,83,83,83,83,85,87,87,87,87],"relics":["Cracked Core","Singing Bowl","Turnip","Potion Belt","Pantograph","Cursed Key","Torii"],"card_choices":[{"not_picked":["Beam Cell","Coolheaded","Steam Power"],"picked":"SKIP","floor":1},{"not_picked":["Gash","Rebound","Go for the Eyes"],"picked":"SKIP","floor":2},{"not_picked":["Gash","Compile Driver"],"picked":"Reinforced Body","floor":4},{"not_picked":["Blizzard","Sweeping Beam","Ball Lightning"],"picked":"Singing Bowl","floor":6},{"not_picked":["Glacier","Cold Snap"],"picked":"Streamline","floor":8},{"not_picked":["Fusion","Coolheaded","Sweeping Beam"],"picked":"Singing Bowl","floor":11},{"not_picked":["Leap","Gash","Turbo"],"picked":"Singing Bowl","floor":12},{"not_picked":["Blizzard","Redo"],"picked":"Buffer","floor":13},{"not_picked":["Streamline","Barrage","Gash"],"picked":"Singing Bowl","floor":14},{"not_picked":["Reboot","Core Surge"],"picked":"Amplify","floor":16},{"not_picked":["Aggregate","Steam","Rebound"],"picked":"Singing Bowl","floor":18},{"not_picked":["Recycle+1","Skim","Hologram+1"],"picked":"Singing Bowl","floor":19}],"player_experience":402089,"potions_floor_usage":[6,19,22,22],"damage_taken":[{"damage":7,"enemies":"Small Slimes","floor":1,"turns":3},{"damage":2,"enemies":"Jaw Worm","floor":2,"turns":5},{"damage":0,"enemies":"Cultist","floor":4,"turns":4},{"damage":32,"enemies":"Gremlin Nob","floor":6,"turns":5},{"damage":21,"enemies":"3 Sentries","floor":8,"turns":12},{"damage":1,"enemies":"Looter","floor":11,"turns":4},{"damage":8,"enemies":"Red Slaver","floor":12,"turns":4},{"damage":0,"enemies":"Exordium Wildlife","floor":13,"turns":3},{"damage":0,"enemies":"Blue Slaver","floor":14,"turns":4},{"damage":25,"enemies":"Slime Boss","floor":16,"turns":10},{"damage":17,"enemies":"2 Thieves","floor":18,"turns":4},{"damage":29,"enemies":"3 Byrds","floor":19,"turns":5},{"damage":47,"floor":22,"turns":3}],"relics_obtained":[{"floor":5,"key":"Singing Bowl"},{"floor":6,"key":"Turnip"},{"floor":8,"key":"Potion Belt"},{"floor":9,"key":"Pantograph"}],"event_choices":[{"event_name":"Liars Game","player_choice":"disagreed","floor":3,"damage_taken":0},{"event_name":"Ghosts","player_choice":"Ignored","floor":21,"damage_taken":0},{"event_name":"Masked Bandits","player_choice":"Fought over 34 gold","floor":22,"damage_taken":0}],"boss_relics":[{"not_picked":["Runic Pyramid","Sozu"],"picked":"Cursed Key"}],"items_purged_floors":[],"is_endless":false,"potions_floor_spawned":[2,4,11,12,14,18],"seed_played":"-8283186341716914117","ascension_level":2,"potions_obtained":[{"floor":2,"key":"SmokeBomb"},{"floor":4,"key":"AttackPotion"},{"floor":11,"key":"FearPotion"},{"floor":12,"key":"Ancient Potion"},{"floor":14,"key":"Ancient Potion"},{"floor":18,"key":"FocusPotion"}],"is_trial":false}