{"path_per_floor":["M","M","M","?","M","E","R","M","T","E","M","?","$","M","R","B",null,"M","?","M","M","?","R","M","R","T","$","M","?","T","M","R","B",null,"M","M","M","M","?","R"],"character_chosen":"IRONCLAD","items_purchased":["Double Tap","Apotheosis"],"gold_per_floor":[114,130,144,144,164,189,189,201,201,232,250,325,112,132,132,227,227,246,171,187,204,204,204,221,221,246,45,57,57,82,99,99,204,204,222,238,254,272,272,272],"floor_reached":41,"campfire_rested":0,"playtime":5992,"current_hp_per_floor":[80,80,70,70,71,55,55,59,59,55,61,50,50,40,40,13,80,70,70,62,35,35,35,26,26,26,26,21,21,21,13,13,10,80,65,55,47,31,21,21],"items_purged":["Strike_R"],"gold":272,"score":359,"play_id":"cd315091-7f2b-45ce-81c6-ce2767e47f39","is_prod":false,"is_daily":false,"is_ascension_mode":false,"campfire_upgraded":6,"path_taken":["M","M","M","?","M","E","R","M","T","E","M","?","$","M","R","BOSS","M","?","M","M","?","R","M","R","T","?","M","?","?","M","R","BOSS","M","M","M","M","?","R","E"],"build_version":"2018-02-08-PROD1","purchased_purges":1,"victory":false,"master_deck":["Strike_R","Strike_R","Strike_R","Defend_R","Defend_R","Defend_R","Defend_R","Bash+1","Warcry","Pummel+1","Uppercut+1","Infernal Blade","Demon Form+1","Searing Blow","Intimidate","Double Tap+1","Anger","Demon Form","Iron Wave","Intimidate+1","Disarm+1","Rampage+1","Iron Wave+1","Apotheosis","Decay","Shrug It Off","Bludgeon+1","Metallicize+1","Dual Wield+1","True Grit+1","Iron Wave+1","Madness","Madness"],"max_hp_per_floor":[80,80,80,80,80,80,80,80,80,80,80,80,80,80,80,80,80,80,80,80,80,80,80,80,80,80,80,80,80,80,80,80,80,80,80,80,80,80,80,80],"relics":["Burning Blood","Ancient Tea Set","Bottled Lightning","Juzu Bracelet","Mark of Pain","Bronze Scales","Lantern","Cursed Key"],"card_choices":[{"not_picked":["Rupture","Hemokinesis"],"picked":"Warcry"},{"not_picked":["Warcry","Pommel Strike"],"picked":"Pummel"},{"not_picked":["Corruption","Headbutt"],"picked":"Uppercut"},{"not_picked":["Reckless Charge","Rupture"],"picked":"Infernal Blade"},{"not_picked":["Uppercut","Perfected Strike"],"picked":"Demon Form"},{"not_picked":["Body Slam","Warcry"],"picked":"Searing Blow"},{"not_picked":["Twin Strike","Sword Boomerang"],"picked":"Intimidate"},{"not_picked":["Sword Boomerang","True Grit"],"picked":"Anger"},{"not_picked":["Dark Embrace","Feed"],"picked":"Demon Form"},{"not_picked":["Headbutt","Sword Boomerang"],"picked":"Iron Wave"},{"not_picked":["Sword Boomerang","Perfected Strike"],"picked":"Intimidate"},{"not_picked":["Sword Boomerang","Spot Weakness"],"picked":"Disarm"},{"not_picked":["Dual Wield","Cleave"],"picked":"Iron Wave"},{"not_picked":["Feel No Pain","Clash"],"picked":"Shrug It Off"},{"not_picked":["Fiend Fire","Demon Form"],"picked":"Bludgeon"},{"not_picked":["Heavy Blade","Dropkick"],"picked":"Metallicize"},{"not_picked":["Combust","Thunderclap"],"picked":"Dual Wield"},{"not_picked":["Anger","Clothesline"],"picked":"True Grit"},{"not_picked":["True Grit","Warcry"],"picked":"Iron Wave"}],"player_experience":6741,"potions_floor_usage":[16,31,31,38,41],"damage_taken":[{"damage":6.0,"enemies":"Jaw Worm","floor":1.0,"turns":5.0},{"damage":3.0,"enemies":"Small Slimes","floor":2.0,"turns":4.0},{"damage":16.0,"enemies":"Blue Slaver","floor":3.0,"turns":5.0},{"damage":5.0,"enemies":"2 Fungi Beasts","floor":5.0,"turns":4.0},{"damage":22.0,"enemies":"3 Sentries","floor":6.0,"turns":6.0},{"damage":2.0,"enemies":"Large Slime","floor":8.0,"turns":5.0},{"damage":10.0,"enemies":"Gremlin Nob","floor":10.0,"turns":3.0},{"damage":0.0,"enemies":"Exordium Thugs","floor":11.0,"turns":3.0},{"damage":16.0,"enemies":"3 Louse","floor":14.0,"turns":5.0},{"damage":33,"enemies":"Hexaghost","floor":16,"turns":7},{"damage":16,"enemies":"Shell Parasite","floor":18,"turns":4},{"damage":14,"enemies":"Spheric Guardian","floor":20,"turns":4},{"damage":33,"enemies":"Centurion and Healer","floor":21,"turns":6},{"damage":15,"enemies":"Snake Plant","floor":24,"turns":5},{"damage":11,"enemies":"Snecko","floor":28,"turns":5},{"damage":14,"enemies":"3 Cultists","floor":31,"turns":6},{"damage":9,"enemies":"Champ","floor":33,"turns":9},{"damage":21,"enemies":"3 Shapes","floor":35,"turns":5},{"damage":16,"enemies":"Orb Walker","floor":36,"turns":3},{"damage":14,"enemies":"3 Darklings","floor":37,"turns":4},{"damage":22,"enemies":"Maw","floor":38,"turns":8},{"damage":27,"enemies":"Giant Head","floor":41,"turns":5}],"event_choices":[{"event_name":"Living Wall","player_choice":"Grow","floor":4.0,"damage_taken":0.0},{"event_name":"World of Goop","player_choice":"Gather Gold","floor":12.0,"damage_taken":0.0},{"event_name":"Beggar","player_choice":"Gave Gold","floor":19,"damage_taken":0},{"event_name":"The Library","player_choice":"Read","floor":22,"damage_taken":0},{"event_name":"Forgotten Altar","player_choice":"Smashed Altar","floor":29,"damage_taken":0},{"event_name":"Winding Halls","player_choice":"Embrace Madness","floor":39,"damage_taken":0}],"boss_relics":[{"not_picked":["Lizard Tail","Question Card"],"picked":"Mark of Pain"},{"not_picked":["Orrery","Tiny House"],"picked":"Cursed Key"}],"potions_floor_spawned":[2,3,6,8,24,28,35,38],"seed_played":"-8053688364475723902","killed_by":"Giant Head","ascension_level":0,"is_trial":false}