{"path_per_floor":["M","M","M","M","M","R","E","R","T","E","M","?","M","M","R"],"character_chosen":"DEFECT","items_purchased":[],"gold_per_floor":[110,122,140,157,167,167,199,199,225,259,276,303,317,333,333,333],"floor_reached":16,"campfire_rested":1,"playtime":951,"item_purchase_floors":[],"current_hp_per_floor":[73,68,68,68,68,68,54,54,54,41,39,39,39,32,54,0],"items_purged":[],"gold":333,"score":116,"play_id":"9ba6824a-c471-4796-93f4-161575b0a751","local_time":"20180621161340","is_prod":false,"is_daily":false,"chose_seed":false,"is_ascension_mode":false,"campfire_upgraded":2,"win_rate":0,"timestamp":1529590420,"campfire_choices":[{"data":"Sunder","floor":6,"key":"SMITH"},{"data":"Electrodynamics","floor":8,"key":"SMITH"},{"floor":15,"key":"REST"}],"path_taken":["M","M","M","M","M","R","E","R","T","E","M","?","M","M","R","BOSS"],"build_version":"2018-06-14v2","seed_source_timestamp":9029772337192,"purchased_purges":0,"victory":false,"master_deck":["Strike_B","Strike_B","Strike_B","Strike_B","Defend_B","Defend_B","Defend_B","Defend_B","Zap+1","Dualcast","Sunder+1","Electrodynamics+1","BootSequence","Skim","Core Surge","BootSequence","Double Energy"],"max_hp_per_floor":[75,75,75,75,75,75,75,75,75,75,75,75,75,75,75,75],"relics":["Cracked Core","Dodecahedron","Happy Flower","Pen Nib","Odd Mushroom"],"card_choices":[{"not_picked":["Turbo","Cold Snap"],"picked":"Sunder","floor":1},{"not_picked":["Compile Driver","Hologram","Doom and Gloom"],"picked":"SKIP","floor":2},{"not_picked":["Gash","Compile Driver"],"picked":"Electrodynamics","floor":3},{"not_picked":["Redo","Recycle"],"picked":"BootSequence","floor":4},{"not_picked":["Leap","Ball Lightning"],"picked":"Skim","floor":5},{"not_picked":["Compile Driver","Electrodynamics","Skim"],"picked":"SKIP","floor":7},{"not_picked":["Sweeping Beam","Turbo","Beam Cell"],"picked":"SKIP","floor":10},{"not_picked":["Gash","Redo"],"picked":"Core Surge","floor":11},{"not_picked":["Consume","Double Energy"],"picked":"BootSequence","floor":12},{"not_picked":["Redo","Cold Snap"],"picked":"Double Energy","floor":13},{"not_picked":["Rebound","Go for the Eyes","Undo"],"picked":"SKIP","floor":14}],"player_experience":370199,"potions_floor_usage":[7,7,16,16],"damage_taken":[{"damage":2,"enemies":"Jaw Worm","floor":1,"turns":3},{"damage":5,"enemies":"Small Slimes","floor":2,"turns":3},{"damage":0,"enemies":"2 Louse","floor":3,"turns":1},{"damage":0,"enemies":"Exordium Wildlife","floor":4,"turns":2},{"damage":0,"enemies":"Large Slime","floor":5,"turns":3},{"damage":14,"enemies":"Gremlin Nob","floor":7,"turns":3},{"damage":13,"enemies":"Lagavulin","floor":10,"turns":6},{"damage":2,"enemies":"Blue Slaver","floor":11,"turns":2},{"damage":0,"floor":12,"turns":3},{"damage":0,"enemies":"Lots of Slimes","floor":13,"turns":2},{"damage":7,"enemies":"Exordium Thugs","floor":14,"turns":3},{"damage":55,"enemies":"Hexaghost","floor":16,"turns":9}],"relics_obtained":[{"floor":7,"key":"Dodecahedron"},{"floor":9,"key":"Happy Flower"},{"floor":10,"key":"Pen Nib"},{"floor":12,"key":"Odd Mushroom"}],"event_choices":[{"event_name":"Mushrooms","player_choice":"Fought Mushrooms","floor":12,"damage_taken":0}],"boss_relics":[],"items_purged_floors":[],"is_endless":false,"potions_floor_spawned":[1,5,10,13,14],"seed_played":"3874616761053798121","killed_by":"Hexaghost","ascension_level":0,"potions_obtained":[{"floor":1,"key":"Explosive Potion"},{"floor":5,"key":"Energy Potion"},{"floor":10,"key":"Ancient Potion"},{"floor":13,"key":"PowerPotion"},{"floor":14,"key":"SpeedPotion"}],"is_trial":false}