{"gold_per_floor":[116,136,148,160,173,207,207,238,238,238,269,283,283,299,299,394,394,407,420,420,295,295,295,295,315,338,338,338],"floor_reached":28,"playtime":1535,"items_purged":["Strike_R"],"score":336,"play_id":"b11d3941-e14f-4ca7-960b-27a7f364d8f6","local_time":"20181121215936","is_ascension_mode":true,"campfire_choices":[{"data":"Pommel Strike","floor":7,"key":"SMITH"},{"floor":10,"key":"REST"},{"floor":13,"key":"REST"},{"data":"Inflame","floor":15,"key":"SMITH"},{"floor":23,"key":"REST"},{"data":"Battle Trance","floor":27,"key":"SMITH"}],"neow_cost":"NONE","seed_source_timestamp":530029888722713,"circlet_count":0,"master_deck":["Strike_R","Strike_R","Strike_R","Defend_R","Defend_R","Defend_R","Defend_R","Bash","Battle Trance+1","Pommel Strike+1","Inflame+1","Headbutt","Entrench+1","Cleave","Bludgeon","Evolve","Shrug It Off+1","True Grit+1"],"relics":["Burning Blood","Blood Vial","Bag of Preparation","Dream Catcher","Toxic Egg 2","Omamori","Velvet Choker","MutagenicStrength","Smiling Mask"],"potions_floor_usage":[8,16,16,28],"damage_taken":[{"damage":5,"enemies":"2 Louse","floor":1,"turns":4},{"damage":3,"enemies":"Small Slimes","floor":2,"turns":5},{"damage":7,"enemies":"Jaw Worm","floor":3,"turns":3},{"damage":4,"enemies":"2 Fungi Beasts","floor":4,"turns":6},{"damage":13,"enemies":"Large Slime","floor":5,"turns":5},{"damage":32,"enemies":"Gremlin Nob","floor":6,"turns":4},{"damage":34,"enemies":"3 Sentries","floor":8,"turns":9},{"damage":24,"enemies":"Gremlin Nob","floor":11,"turns":4},{"damage":12,"enemies":"3 Louse","floor":12,"turns":4},{"damage":8,"enemies":"Exordium Wildlife","floor":14,"turns":5},{"damage":49,"enemies":"Hexaghost","floor":16,"turns":8},{"damage":19,"enemies":"Spheric Guardian","floor":18,"turns":4},{"damage":22,"enemies":"Shell Parasite","floor":19,"turns":7},{"damage":10,"enemies":"Snecko","floor":25,"turns":3},{"damage":65,"enemies":"Gremlin Leader","floor":28,"turns":7}],"seed_played":"-7216018674697201682","potions_obtained":[{"floor":1,"key":"GamblersBrew"},{"floor":3,"key":"Dexterity Potion"},{"floor":8,"key":"SpeedPotion"},{"floor":12,"key":"FearPotion"},{"floor":16,"key":"PowerPotion"},{"floor":19,"key":"Regen Potion"}],"is_trial":false,"path_per_floor":["M","M","M","M","M","E","R","E","T","R","E","M","R","M","R","B",null,"M","M","?","$","?","R","?","M","T","R","E"],"character_chosen":"IRONCLAD","items_purchased":["Shrug It Off+1"],"campfire_rested":3,"item_purchase_floors":[21],"current_hp_per_floor":[75,80,79,80,73,49,49,23,23,47,31,27,51,51,51,10,63,52,38,38,38,22,46,46,44,44,44,0],"gold":338,"neow_bonus":"RANDOM_COMMON_RELIC","is_prod":false,"is_daily":false,"chose_seed":false,"campfire_upgraded":3,"win_rate":0,"timestamp":1542833976,"path_taken":["M","M","M","M","M","E","R","E","T","R","E","M","R","M","R","BOSS","M","M","?","$","?","R","?","M","T","R","E"],"build_version":"2018-11-15","purchased_purges":1,"victory":false,"max_hp_per_floor":[80,80,80,80,80,80,80,80,80,80,80,80,80,80,80,80,80,80,80,80,80,80,80,80,80,80,80,80],"card_choices":[{"not_picked":["Searing Blow","Sever Soul","Thunderclap"],"picked":"SKIP","floor":1},{"not_picked":["Perfected Strike","Thunderclap"],"picked":"Battle Trance","floor":2},{"not_picked":["Clash","Bloodletting"],"picked":"Pommel Strike","floor":3},{"not_picked":["Sword Boomerang","Dropkick"],"picked":"Inflame","floor":4},{"not_picked":["Thunderclap","Pommel Strike"],"picked":"Headbutt","floor":5},{"not_picked":["Rupture","Armaments","Immolate"],"picked":"SKIP","floor":6},{"not_picked":["Thunderclap","Entrench","Headbutt"],"picked":"SKIP","floor":8},{"not_picked":["Corruption","Clash","Thunderclap"],"picked":"SKIP","floor":11},{"not_picked":["Corruption","Feel No Pain"],"picked":"Entrench+1","floor":12},{"not_picked":["Uppercut","Flex+1"],"picked":"Cleave","floor":14},{"not_picked":["Exhume+1","Berserk"],"picked":"Bludgeon","floor":16},{"not_picked":["Anger","Wild Strike"],"picked":"Evolve","floor":18},{"not_picked":["Body Slam","Reckless Charge+1","Heavy Blade"],"picked":"SKIP","floor":19},{"not_picked":["Thunderclap+1","Feel No Pain"],"picked":"True Grit+1","floor":23},{"not_picked":["Rupture","True Grit+1","Body Slam"],"picked":"SKIP","floor":25}],"player_experience":553315,"relics_obtained":[{"floor":6,"key":"Bag of Preparation"},{"floor":8,"key":"Dream Catcher"},{"floor":9,"key":"Toxic Egg 2"},{"floor":11,"key":"Omamori"},{"floor":26,"key":"Smiling Mask"}],"event_choices":[{"cards_removed":["Strike_R"],"damage_healed":0,"gold_gain":0,"player_choice":"Elegance","damage_taken":0,"max_hp_gain":0,"max_hp_loss":0,"event_name":"Back to Basics","floor":20,"gold_loss":0},{"damage_healed":0,"gold_gain":0,"player_choice":"Obtained Book","damage_taken":16,"max_hp_gain":0,"max_hp_loss":0,"event_name":"Cursed Tome","floor":22,"gold_loss":0},{"damage_healed":0,"gold_gain":0,"player_choice":"Inject Mutagens","damage_taken":0,"relics_obtained":["MutagenicStrength"],"max_hp_gain":0,"max_hp_loss":0,"event_name":"Drug Dealer","floor":24,"gold_loss":0}],"is_beta":false,"boss_relics":[{"not_picked":["Runic Dome","Coffee Dripper"],"picked":"Velvet Choker"}],"items_purged_floors":[21],"is_endless":false,"potions_floor_spawned":[1,3,8,12,16,19],"killed_by":"Gremlin Leader","ascension_level":8}