{"gold_per_floor":[112,37,37,37,54,83,83,112,112,112,112,125,125,125,125,125],"floor_reached":16,"playtime":656,"items_purged":["Regret"],"score":106,"play_id":"54ad4e92-6738-47af-abd5-6c069bf14c7b","local_time":"20190225220716","is_ascension_mode":false,"campfire_choices":[{"data":"Conserve Battery","floor":7,"key":"SMITH"},{"floor":11,"key":"REST"},{"data":"Coolheaded","floor":13,"key":"SMITH"},{"data":"Cold Snap","floor":15,"key":"SMITH"}],"neow_cost":"CURSE","seed_source_timestamp":43209877875882,"circlet_count":0,"master_deck":["Strike_B","Strike_B","Strike_B","Defend_B","Defend_B","Defend_B","Defend_B","Zap","Dualcast","Cold Snap+1","Compile Driver+1","Conserve Battery+1","Compile Driver+1","Coolheaded+1"],"relics":["Cracked Core","Molten Egg 2","Gambling Chip","Oddly Smooth Stone","Vajra","Potion Belt"],"potions_floor_usage":[],"damage_taken":[{"damage":13,"enemies":"Jaw Worm","floor":1,"turns":3},{"damage":0,"enemies":"Small Slimes","floor":5,"turns":3},{"damage":21,"enemies":"Gremlin Nob","floor":6,"turns":4},{"damage":22,"enemies":"Lagavulin","floor":8,"turns":7},{"damage":0,"enemies":"Cultist","floor":12,"turns":2},{"damage":42,"enemies":"Hexaghost","floor":16,"turns":11}],"seed_played":"2745404307454650082","potions_obtained":[{"floor":6,"key":"SpeedPotion"}],"is_trial":false,"path_per_floor":["M","$","?","?","M","E","R","E","T","?","R","M","R","?","R","B"],"character_chosen":"DEFECT","items_purchased":[],"campfire_rested":1,"item_purchase_floors":[],"current_hp_per_floor":[76,76,58,58,58,37,37,15,15,15,41,41,41,41,41,0],"gold":125,"neow_bonus":"TWENTY_PERCENT_HP_BONUS","is_prod":false,"is_daily":false,"chose_seed":false,"campfire_upgraded":3,"win_rate":0,"timestamp":1551154036,"path_taken":["M","$","?","?","M","E","R","E","T","?","R","?","R","?","R","BOSS"],"build_version":"2019-01-23","purchased_purges":1,"victory":false,"max_hp_per_floor":[89,89,89,89,89,89,89,89,89,89,89,89,89,89,89,89],"card_choices":[{"not_picked":["Leap","Turbo"],"picked":"Cold Snap","floor":1},{"not_picked":["Genetic Algorithm","Double Energy"],"picked":"Compile Driver+1","floor":5},{"not_picked":["Double Energy","Turbo"],"picked":"Conserve Battery","floor":6},{"not_picked":["Chaos","Buffer"],"picked":"Compile Driver+1","floor":8},{"not_picked":["Steam Power","Storm"],"picked":"Coolheaded","floor":12}],"player_experience":412012,"relics_obtained":[{"floor":6,"key":"Gambling Chip"},{"floor":8,"key":"Oddly Smooth Stone"},{"floor":9,"key":"Vajra"}],"event_choices":[{"damage_healed":0,"gold_gain":0,"player_choice":"Success","damage_taken":18,"relics_obtained":["Molten Egg 2"],"max_hp_gain":0,"max_hp_loss":0,"event_name":"Scrap Ooze","floor":3,"gold_loss":0},{"damage_healed":0,"gold_gain":0,"player_choice":"Ignored","damage_taken":0,"max_hp_gain":0,"max_hp_loss":0,"event_name":"Liars Game","floor":4,"gold_loss":0},{"cards_removed":["Strike_B"],"damage_healed":0,"gold_gain":0,"player_choice":"Card Removal","damage_taken":0,"max_hp_gain":0,"max_hp_loss":0,"event_name":"Wheel of Change","floor":10,"gold_loss":0},{"damage_healed":0,"gold_gain":0,"player_choice":"Searched \u00272\u0027 times","damage_taken":0,"relics_obtained":["Potion Belt"],"max_hp_gain":0,"max_hp_loss":0,"event_name":"Dead Adventurer","floor":14,"gold_loss":0}],"is_beta":false,"boss_relics":[],"items_purged_floors":[2],"is_endless":false,"potions_floor_spawned":[6],"killed_by":"Hexaghost","ascension_level":0}