{"gold_per_floor":[114,126,139,139,139,169,169,194,194,220,232,242,256,291,291,394,394,412,428,448,463,480,480],"floor_reached":23,"playtime":1208,"items_purged":[],"score":341,"play_id":"6cfecb0a-3af0-4f37-aa0b-c4b1a3962b62","local_time":"20190124215452","is_ascension_mode":true,"campfire_choices":[{"data":"Zap","floor":7,"key":"SMITH"},{"floor":15,"key":"DIG"}],"neow_cost":"NONE","seed_source_timestamp":443514098532011,"circlet_count":0,"master_deck":["AscendersBane","Strike_B","Strike_B","Strike_B","Defend_B","Defend_B","Defend_B","Defend_B","Zap+1","Dualcast","Conserve Battery","Glacier","Barrage","Barrage","Rainbow","Coolheaded","Blizzard","FTL","Barrage+1","Capacitor+1"],"relics":["Cracked Core","Vajra","Meat on the Bone","The Courier","Blood Vial","Shovel","Shuriken","Velvet Choker"],"potions_floor_usage":[11,16,20,21,23],"damage_taken":[{"damage":3,"enemies":"Small Slimes","floor":1,"turns":3},{"damage":2,"enemies":"Jaw Worm","floor":2,"turns":5},{"damage":0,"enemies":"Cultist","floor":3,"turns":5},{"damage":19,"enemies":"Lagavulin","floor":6,"turns":6},{"damage":5,"enemies":"3 Sentries","floor":8,"turns":7},{"damage":11,"enemies":"Lagavulin","floor":10,"turns":6},{"damage":10,"enemies":"Gremlin Gang","floor":11,"turns":7},{"damage":17,"enemies":"Exordium Thugs","floor":12,"turns":6},{"damage":3,"enemies":"2 Fungi Beasts","floor":13,"turns":4},{"damage":8,"enemies":"3 Sentries","floor":14,"turns":6},{"damage":47,"enemies":"Hexaghost","floor":16,"turns":10},{"damage":5,"enemies":"Chosen","floor":18,"turns":4},{"damage":8,"enemies":"Spheric Guardian","floor":19,"turns":4},{"damage":15,"enemies":"Centurion and Healer","floor":20,"turns":8},{"damage":24,"enemies":"3 Cultists","floor":21,"turns":6},{"damage":12,"enemies":"Shelled Parasite and Fungi","floor":22,"turns":5},{"damage":52,"enemies":"Slavers","floor":23,"turns":4}],"seed_played":"206660339762403644","potions_obtained":[{"floor":2,"key":"SkillPotion"},{"floor":6,"key":"Regen Potion"},{"floor":8,"key":"Swift Potion"},{"floor":12,"key":"Ancient Potion"},{"floor":18,"key":"Explosive Potion"}],"is_trial":false,"path_per_floor":["M","M","M","?","?","E","R","E","T","E","M","M","M","E","R","B",null,"M","M","M","M","M","E"],"character_chosen":"DEFECT","items_purchased":[],"campfire_rested":0,"item_purchase_floors":[],"current_hp_per_floor":[65,63,63,68,68,49,49,44,44,45,49,46,45,51,51,18,65,62,56,58,48,50,0],"gold":480,"neow_bonus":"THREE_CARDS","is_prod":false,"is_daily":false,"chose_seed":false,"campfire_upgraded":1,"win_rate":0,"timestamp":1548363292,"path_taken":["M","M","M","?","?","E","R","E","T","E","M","M","?","E","R","BOSS","M","M","?","M","M","E"],"build_version":"2019-01-23","purchased_purges":0,"victory":false,"max_hp_per_floor":[75,75,75,80,80,80,80,80,80,80,80,80,80,80,80,80,80,80,80,80,80,80,80],"card_choices":[{"not_picked":["Stack","Skim"],"picked":"Conserve Battery","floor":0},{"not_picked":["Hologram","Auto Shields"],"picked":"Glacier","floor":1},{"not_picked":["Cold Snap","Conserve Battery"],"picked":"Barrage","floor":2},{"not_picked":["Turbo","Go for the Eyes"],"picked":"Barrage","floor":3},{"not_picked":["Ball Lightning","Force Field"],"picked":"Coolheaded","floor":6},{"not_picked":["FTL","Rebound"],"picked":"Blizzard","floor":8},{"not_picked":["Rebound","Steam Power","Stack"],"picked":"SKIP","floor":10},{"not_picked":["Lockon","Force Field","Go for the Eyes"],"picked":"SKIP","floor":11},{"not_picked":["Compile Driver","Turbo","Hyperbeam"],"picked":"SKIP","floor":12},{"not_picked":["Turbo","Reprogram","Gash"],"picked":"SKIP","floor":13},{"not_picked":["Rebound","Coolheaded","Genetic Algorithm"],"picked":"SKIP","floor":14},{"not_picked":["Consume","Streamline","Go for the Eyes"],"picked":"SKIP","floor":18},{"not_picked":["Ball Lightning","Beam Cell"],"picked":"FTL","floor":19},{"not_picked":["Coolheaded","Recycle"],"picked":"Barrage+1","floor":20},{"not_picked":["Rebound","Steam","Stack"],"picked":"SKIP","floor":21},{"not_picked":["Streamline","Cold Snap"],"picked":"Capacitor+1","floor":22}],"player_experience":698234,"relics_obtained":[{"floor":6,"key":"Vajra"},{"floor":8,"key":"Meat on the Bone"},{"floor":9,"key":"The Courier"},{"floor":10,"key":"Blood Vial"},{"floor":14,"key":"Shovel"},{"floor":15,"key":"Shuriken"}],"event_choices":[{"damage_healed":0,"gold_gain":0,"player_choice":"Donut","damage_taken":0,"max_hp_gain":5,"max_hp_loss":0,"event_name":"Big Fish","floor":4,"gold_loss":0},{"damage_healed":0,"gold_gain":0,"cards_transformed":["Strike_B"],"player_choice":"Transformed","damage_taken":0,"max_hp_gain":0,"max_hp_loss":0,"event_name":"Transmorgrifier","floor":5,"gold_loss":0,"cards_obtained":["Rainbow"]}],"is_beta":false,"boss_relics":[{"not_picked":["Calling Bell","Runic Dome"],"picked":"Velvet Choker"}],"items_purged_floors":[],"is_endless":false,"potions_floor_spawned":[2,6,8,12,18],"killed_by":"Slavers","ascension_level":10}