{"gold_per_floor":[119,119,119,137,87,121,137,137,189,201,224,236,248,22,22,123,123,139,152,164,164,174,174,99,99,99,99,110,110,110,129,129,129],"floor_reached":33,"playtime":1565,"items_purged":["Blizzard"],"score":245,"play_id":"e1c02402-5c8e-4df4-aeb8-2ee86e511985","local_time":"20190226184100","is_ascension_mode":false,"campfire_choices":[{"data":"Chill","floor":8,"key":"SMITH"},{"data":"Conserve Battery","floor":10,"key":"SMITH"},{"data":"Barrage","floor":13,"key":"SMITH"},{"floor":15,"key":"REST"},{"floor":27,"key":"REST"},{"data":"Buffer","floor":29,"key":"SMITH"},{"floor":32,"key":"REST"}],"neow_cost":"PERCENT_DAMAGE","seed_source_timestamp":29213923246095,"circlet_count":0,"master_deck":["Zap+1","Dualcast","Amplify","Compile Driver+1","Chill+1","Conserve Battery+1","Barrage+1","Go for the Eyes","Ball Lightning","Tempest","Creative AI","Go for the Eyes","Barrage","Beam Cell","Buffer+1","Blizzard","Scrape","Consume+1","Cold Snap","Glacier","RitualDagger","Leap+1","Stack+1","Stack"],"relics":["Cracked Core","Boot","MawBank","PreservedInsect","Pandora\u0027s Box","Art of War","Enchiridion"],"potions_floor_usage":[6,19,31,33,33],"damage_taken":[{"damage":0,"enemies":"Cultist","floor":1,"turns":2},{"damage":0,"enemies":"2 Louse","floor":4,"turns":2},{"damage":13,"enemies":"3 Sentries","floor":6,"turns":7},{"damage":2,"enemies":"Small Slimes","floor":7,"turns":3},{"damage":2,"enemies":"Gremlin Gang","floor":11,"turns":5},{"damage":27,"enemies":"Slime Boss","floor":16,"turns":10},{"damage":8,"enemies":"2 Thieves","floor":18,"turns":3},{"damage":14,"enemies":"Spheric Guardian","floor":19,"turns":4},{"damage":11,"enemies":"Centurion and Healer","floor":20,"turns":6},{"damage":0,"enemies":"Chosen and Byrds","floor":22,"turns":4},{"damage":1,"enemies":"Shelled Parasite and Fungi","floor":28,"turns":6},{"damage":0,"enemies":"3 Cultists","floor":31,"turns":5},{"damage":76,"enemies":"Automaton","floor":33,"turns":12}],"seed_played":"4103636560375217695","potions_obtained":[{"floor":4,"key":"LiquidBronze"},{"floor":7,"key":"Weak Potion"},{"floor":19,"key":"Dexterity Potion"},{"floor":22,"key":"PowerPotion"},{"floor":28,"key":"Swift Potion"}],"is_trial":false,"path_per_floor":["M","?","?","M","?","E","M","R","T","R","M","?","R","$","R","B",null,"M","M","M","?","M","?","$","?","T","R","M","R","?","M","R","B"],"character_chosen":"DEFECT","items_purchased":["PreservedInsect","Ball Lightning","Tempest"],"campfire_rested":3,"item_purchase_floors":[14,14,14],"current_hp_per_floor":[54,54,75,75,75,62,60,60,60,60,58,58,58,58,75,48,75,67,53,42,36,36,36,36,36,36,58,57,57,41,41,63,0],"gold":129,"neow_bonus":"THREE_RARE_CARDS","is_prod":false,"is_daily":false,"chose_seed":false,"campfire_upgraded":4,"win_rate":0,"timestamp":1551228060,"path_taken":["M","?","?","?","?","E","M","R","T","R","M","?","R","$","R","BOSS","M","?","M","?","M","?","$","?","T","R","M","R","?","M","R","BOSS"],"build_version":"2019-01-23","purchased_purges":1,"victory":false,"max_hp_per_floor":[75,75,75,75,75,75,75,75,75,75,75,75,75,75,75,75,75,75,75,75,75,75,75,75,75,75,75,75,75,75,75,75,75],"card_choices":[{"not_picked":["Fission","Reboot"],"picked":"Amplify","floor":0},{"not_picked":["Beam Cell","Hologram"],"picked":"Compile Driver","floor":1},{"not_picked":["Hologram","Streamline"],"picked":"Chill","floor":4},{"not_picked":["Rip and Tear","FTL"],"picked":"Conserve Battery","floor":6},{"not_picked":["Sunder","Conserve Battery"],"picked":"Barrage","floor":7},{"not_picked":["Beam Cell","Scrape"],"picked":"Go for the Eyes","floor":11},{"not_picked":["Rainbow","Fission"],"picked":"Creative AI","floor":16},{"not_picked":["Ball Lightning+1","Gash"],"picked":"Consume+1","floor":18},{"not_picked":["Hologram","Tempest"],"picked":"Cold Snap","floor":19},{"not_picked":["Doom and Gloom","Steam Power"],"picked":"Glacier","floor":20},{"not_picked":["Go for the Eyes","Ball Lightning"],"picked":"Leap+1","floor":22},{"not_picked":["Chaos","Barrage"],"picked":"Stack+1","floor":28},{"not_picked":["Ball Lightning+1","FTL"],"picked":"Stack","floor":31}],"player_experience":446270,"relics_obtained":[{"floor":6,"key":"Boot"},{"floor":9,"key":"MawBank"},{"floor":26,"key":"Art of War"},{"floor":30,"key":"Enchiridion"}],"event_choices":[{"damage_healed":0,"gold_gain":0,"player_choice":"Grow","damage_taken":0,"max_hp_gain":0,"max_hp_loss":0,"event_name":"Living Wall","floor":2,"gold_loss":0,"cards_upgraded":["Compile Driver"]},{"damage_healed":21,"gold_gain":0,"player_choice":"Full Heal","damage_taken":0,"max_hp_gain":0,"max_hp_loss":0,"event_name":"Wheel of Change","floor":3,"gold_loss":0},{"cards_removed":["Strike_B"],"damage_healed":0,"gold_gain":0,"player_choice":"Card Removal","damage_taken":0,"max_hp_gain":0,"max_hp_loss":0,"event_name":"The Cleric","floor":5,"gold_loss":50},{"damage_healed":0,"gold_gain":0,"player_choice":"Upgraded","damage_taken":0,"max_hp_gain":0,"max_hp_loss":0,"event_name":"Upgrade Shrine","floor":12,"gold_loss":0,"cards_upgraded":["Zap"]},{"damage_healed":0,"gold_gain":0,"player_choice":"Joined the Cult","damage_taken":6,"max_hp_gain":0,"max_hp_loss":0,"event_name":"Nest","floor":21,"gold_loss":0,"cards_obtained":["RitualDagger"]},{"damage_healed":0,"gold_gain":0,"player_choice":"Ignored","damage_taken":0,"max_hp_gain":0,"max_hp_loss":0,"event_name":"Vampires","floor":23,"gold_loss":0},{"damage_healed":0,"gold_gain":0,"player_choice":"Ignored","damage_taken":0,"max_hp_gain":0,"max_hp_loss":0,"event_name":"Beggar","floor":25,"gold_loss":0},{"damage_healed":0,"gold_gain":0,"player_choice":"Obtained Book","damage_taken":16,"max_hp_gain":0,"max_hp_loss":0,"event_name":"Cursed Tome","floor":30,"gold_loss":0}],"is_beta":false,"boss_relics":[{"not_picked":["Inserter","Cursed Key"],"picked":"Pandora\u0027s Box"}],"items_purged_floors":[24],"is_endless":false,"potions_floor_spawned":[4,7,19,22,28],"killed_by":"Automaton","ascension_level":0}