{"gold_per_floor":[110,126,139,149,168,201,201,230,299,299,312,337,349,349,349,446,446,456,381,398,348,366,394,394,422,502,514,526,538,538,558,558,663,663,677,694,594,613,613,613,644,644],"floor_reached":42,"playtime":2157,"items_purged":["Strike_B","Strike_B"],"score":673,"play_id":"e5c25696-6f19-4fb7-8551-c264efc8ebc6","local_time":"20181220195937","is_ascension_mode":true,"campfire_choices":[{"data":"Streamline","floor":7,"key":"SMITH"},{"floor":10,"key":"REST"},{"data":"Sunder","floor":15,"key":"SMITH"},{"data":"Electrodynamics","floor":24,"key":"SMITH"},{"floor":30,"key":"REST"},{"data":"Storm","floor":32,"key":"SMITH"},{"data":"Auto Shields","floor":40,"key":"SMITH"}],"neow_cost":"NONE","seed_source_timestamp":1141275029433,"circlet_count":0,"master_deck":["Strike_B","Defend_B","Defend_B","Defend_B","Defend_B","Zap","Dualcast","Reprogram","Glacier","Rip and Tear","Streamline+1","Sunder+1","Electrodynamics+1","FTL","Auto Shields+1","BootSequence","Capacitor","Storm+1","Heatsinks+1","Amplify"],"relics":["Cracked Core","Pocketwatch","Strawberry","Cables","Mango","Orrery","Centennial Puzzle","PreservedInsect","Symbiotic Virus","Inserter","Darkstone Periapt"],"potions_floor_usage":[6,12,23,25,25,33,33,41],"damage_taken":[{"damage":7,"enemies":"Small Slimes","floor":1,"turns":3},{"damage":0,"enemies":"Cultist","floor":2,"turns":3},{"damage":9,"enemies":"Jaw Worm","floor":3,"turns":4},{"damage":12,"enemies":"Looter","floor":4,"turns":3},{"damage":18,"enemies":"Lots of Slimes","floor":5,"turns":6},{"damage":16,"enemies":"3 Sentries","floor":6,"turns":7},{"damage":11,"enemies":"Lagavulin","floor":8,"turns":5},{"damage":7,"enemies":"2 Fungi Beasts","floor":11,"turns":2},{"damage":9,"enemies":"Gremlin Nob","floor":12,"turns":4},{"damage":0,"enemies":"Looter","floor":13,"turns":3},{"damage":11,"enemies":"The Guardian","floor":16,"turns":11},{"damage":18,"enemies":"3 Byrds","floor":18,"turns":4},{"damage":22,"enemies":"Spheric Guardian","floor":20,"turns":4},{"damage":21,"enemies":"Centurion and Healer","floor":22,"turns":5},{"damage":0,"enemies":"Gremlin Leader","floor":23,"turns":5},{"damage":20,"enemies":"Slavers","floor":25,"turns":5},{"damage":0,"enemies":"Cultist and Chosen","floor":27,"turns":3},{"damage":12,"enemies":"Snake Plant","floor":28,"turns":4},{"damage":10,"enemies":"Snecko","floor":29,"turns":4},{"damage":14,"enemies":"Centurion and Healer","floor":31,"turns":7},{"damage":52,"enemies":"Automaton","floor":33,"turns":11},{"damage":15,"enemies":"Orb Walker","floor":35,"turns":4},{"damage":12,"enemies":"3 Shapes","floor":36,"turns":4},{"damage":14,"enemies":"3 Darklings","floor":38,"turns":3},{"damage":66,"enemies":"Nemesis","floor":41,"turns":7},{"damage":19,"enemies":"Spire Growth","floor":42,"turns":2}],"seed_played":"8107189925071769123","potions_obtained":[{"floor":3,"key":"FairyPotion"},{"floor":5,"key":"Fruit Juice"},{"floor":6,"key":"Strength Potion"},{"floor":11,"key":"Energy Potion"},{"floor":13,"key":"Dexterity Potion"},{"floor":22,"key":"FocusPotion"},{"floor":23,"key":"Regen Potion"},{"floor":25,"key":"Energy Potion"},{"floor":27,"key":"SpeedPotion"},{"floor":35,"key":"Ancient Potion"},{"floor":38,"key":"GamblersBrew"}],"is_trial":false,"path_per_floor":["M","M","M","M","M","E","R","E","T","R","M","E","M","?","R","B",null,"M","$","M","?","M","E","R","E","T","M","M","M","R","M","R","B",null,"M","M","$","M","?","R","E","M"],"character_chosen":"DEFECT","items_purchased":[],"campfire_rested":2,"item_purchase_floors":[],"current_hp_per_floor":[75,75,66,54,36,25,25,21,21,49,42,47,47,47,47,36,108,90,90,68,68,47,47,47,41,41,41,29,19,51,37,37,10,108,93,81,81,67,67,67,1,0],"gold":644,"neow_bonus":"TEN_PERCENT_HP_BONUS","is_prod":false,"is_daily":false,"chose_seed":false,"campfire_upgraded":5,"win_rate":0,"timestamp":1545332377,"path_taken":["M","M","M","M","M","E","R","E","T","R","M","E","M","?","R","BOSS","M","$","?","?","M","E","R","E","T","?","M","M","R","M","R","BOSS","M","M","$","?","?","R","E","M"],"build_version":"2018-12-13","purchased_purges":2,"victory":false,"max_hp_per_floor":[82,82,82,82,82,87,87,94,94,94,94,108,108,108,108,108,108,108,108,108,108,108,108,108,108,108,108,108,108,108,108,108,108,108,108,108,108,108,108,108,108,108],"card_choices":[{"not_picked":["Stack","Blizzard"],"picked":"Reprogram","floor":1},{"not_picked":["Scrape","Doom and Gloom","Fusion"],"picked":"SKIP","floor":2},{"not_picked":["Coolheaded","Ball Lightning"],"picked":"Glacier","floor":3},{"not_picked":["Steam","Sweeping Beam"],"picked":"Rip and Tear","floor":4},{"not_picked":["Go for the Eyes","Compile Driver","Coolheaded"],"picked":"SKIP","floor":5},{"not_picked":["Chill","Leap"],"picked":"Streamline","floor":6},{"not_picked":["Undo","Rebound","Beam Cell"],"picked":"SKIP","floor":8},{"not_picked":["Rebound","Consume","Streamline"],"picked":"SKIP","floor":11},{"not_picked":["Stack","Chaos"],"picked":"Sunder","floor":12},{"not_picked":["Coolheaded","Rebound","Streamline"],"picked":"SKIP","floor":13},{"not_picked":["Echo Form","Machine Learning"],"picked":"Electrodynamics","floor":16},{"not_picked":["Scrape","Compile Driver"],"picked":"FTL","floor":17},{"not_picked":["Chaos","Leap","Lockon"],"picked":"SKIP","floor":18},{"not_picked":["Rainbow","BootSequence"],"picked":"Auto Shields","floor":20},{"not_picked":["Coolheaded+1","Rebound"],"picked":"BootSequence","floor":22},{"not_picked":["FTL","Steam+1","Compile Driver"],"picked":"SKIP","floor":23},{"not_picked":["Reinforced Body","Steam Power"],"picked":"Capacitor","floor":25},{"not_picked":["Go for the Eyes","Conserve Battery+1"],"picked":"Storm","floor":27},{"not_picked":["Turbo+1","Lockon","Beam Cell"],"picked":"SKIP","floor":28},{"not_picked":["Streamline","Turbo","Auto Shields"],"picked":"SKIP","floor":29},{"not_picked":["Cold Snap","Blizzard+1","Seek"],"picked":"SKIP","floor":31},{"not_picked":["Darkness","Compile Driver+1"],"picked":"Heatsinks+1","floor":35},{"not_picked":["Gash+1","Sweeping Beam","Go for the Eyes+1"],"picked":"SKIP","floor":36},{"not_picked":["Gash","Coolheaded+1","Hologram"],"picked":"SKIP","floor":38},{"not_picked":["Redo","Go for the Eyes"],"picked":"Amplify","floor":41}],"player_experience":574424,"relics_obtained":[{"floor":6,"key":"Pocketwatch"},{"floor":8,"key":"Strawberry"},{"floor":9,"key":"Cables"},{"floor":12,"key":"Mango"},{"floor":23,"key":"Centennial Puzzle"},{"floor":25,"key":"PreservedInsect"},{"floor":26,"key":"Symbiotic Virus"},{"floor":41,"key":"Darkstone Periapt"}],"event_choices":[{"cards_removed":["Strike_B"],"damage_healed":0,"gold_gain":0,"player_choice":"Offered Basic","damage_taken":0,"max_hp_gain":0,"max_hp_loss":0,"event_name":"Bonfire Elementals","floor":14,"gold_loss":0},{"damage_healed":0,"gold_gain":0,"player_choice":"Bet on Murderer","damage_taken":0,"max_hp_gain":0,"max_hp_loss":0,"event_name":"The Joust","floor":21,"gold_loss":50},{"damage_healed":0,"gold_gain":0,"player_choice":"Ignored","damage_taken":0,"max_hp_gain":0,"max_hp_loss":0,"event_name":"SecretPortal","floor":39,"gold_loss":0}],"is_beta":false,"boss_relics":[{"not_picked":["Tiny House","Calling Bell"],"picked":"Orrery"},{"not_picked":["FrozenCore","Nuclear Battery"],"picked":"Inserter"}],"items_purged_floors":[19,37],"is_endless":false,"potions_floor_spawned":[3,5,6,11,13,22,23,25,27,35,38],"killed_by":"Spire Growth","ascension_level":4}