{"gold_per_floor":[113,113,113,63,63,63,73,85,85,115,115,115,148,166,166,270,270,281,308,308,328,33,33,33],"floor_reached":24,"playtime":1039,"items_purged":["Strike_R"],"score":253,"play_id":"7a4ab689-018e-4706-87fe-310bffed2c17","local_time":"20180806142224","is_ascension_mode":true,"campfire_choices":[{"data":"Bash","floor":6,"key":"SMITH"},{"data":"Body Slam","floor":12,"key":"SMITH"},{"floor":15,"key":"REST"},{"data":"Demon Form","floor":23,"key":"SMITH"}],"neow_cost":"NONE","seed_source_timestamp":410150586362286,"circlet_count":0,"master_deck":["Strike_R","Strike_R","Defend_R","Defend_R","Defend_R","Defend_R","Bash+1","Body Slam+1","Uppercut","Evolve","Demon Form+1","Headbutt","Cleave+1","Inflame"],"relics":["Black Blood","Bottled Lightning","Matryoshka","Boot","Incense Burner","Lantern","Bronze Scales","Omamori"],"potions_floor_usage":[13,16,16,21],"damage_taken":[{"damage":3,"enemies":"2 Louse","floor":1,"turns":4},{"damage":1,"enemies":"Cultist","floor":7,"turns":4},{"damage":0,"enemies":"Small Slimes","floor":8,"turns":3},{"damage":20,"enemies":"Gremlin Nob","floor":10,"turns":4},{"damage":31,"enemies":"Lagavulin","floor":13,"turns":7},{"damage":5,"enemies":"3 Louse","floor":14,"turns":4},{"damage":55,"enemies":"Slime Boss","floor":16,"turns":15},{"damage":38,"enemies":"Shell Parasite","floor":18,"turns":8},{"damage":11,"enemies":"Spheric Guardian","floor":21,"turns":5},{"damage":47,"enemies":"Centurion and Healer","floor":24,"turns":5}],"seed_played":"-804052303869907640","potions_obtained":[{"floor":1,"key":"SkillPotion"},{"floor":7,"key":"Energy Potion"},{"floor":8,"key":"Fire Potion"},{"floor":16,"key":"SpeedPotion"},{"floor":18,"key":"Regen Potion"},{"floor":21,"key":"GamblersBrew"}],"is_trial":false,"path_per_floor":["M","?","?","?","$","R","M","M","T","E","?","R","E","M","R","B",null,"M","T","?","M","$","R"],"character_chosen":"IRONCLAD","items_purchased":["Inflame","Omamori"],"campfire_rested":1,"item_purchase_floors":[22,22],"current_hp_per_floor":[80,80,80,80,80,80,80,80,80,66,59,59,34,35,59,10,63,35,35,35,46,46,46,0],"gold":33,"neow_bonus":"REMOVE_CARD","is_prod":false,"is_daily":false,"chose_seed":false,"campfire_upgraded":3,"win_rate":0,"timestamp":1533558144,"path_taken":["M","?","?","?","$","R","M","?","T","E","?","R","E","M","R","BOSS","M","?","?","M","$","R","M"],"build_version":"2018-08-02","purchased_purges":1,"victory":false,"max_hp_per_floor":[80,80,80,80,80,80,80,80,80,80,80,80,80,80,80,80,80,80,80,80,80,80,80,80],"card_choices":[{"not_picked":["Blood for Blood","Perfected Strike","Armaments"],"picked":"SKIP","floor":1},{"not_picked":["Seeing Red","Headbutt"],"picked":"Body Slam","floor":7},{"not_picked":["Twin Strike","Sword Boomerang"],"picked":"Uppercut","floor":8},{"not_picked":["Headbutt","Uppercut"],"picked":"Evolve","floor":10},{"not_picked":["Sentinel","Combust","Body Slam"],"picked":"SKIP","floor":13},{"not_picked":["Armaments","Perfected Strike","Hemokinesis"],"picked":"SKIP","floor":14},{"not_picked":["Brutality","Feed"],"picked":"Demon Form","floor":16},{"not_picked":["Havoc","Searing Blow"],"picked":"Headbutt","floor":18},{"not_picked":["Searing Blow","Power Through"],"picked":"Cleave+1","floor":21}],"player_experience":507504,"relics_obtained":[{"floor":9,"key":"Bottled Lightning"},{"floor":10,"key":"Matryoshka"},{"floor":13,"key":"Incense Burner"},{"floor":19,"key":"Lantern"},{"floor":19,"key":"Bronze Scales"}],"event_choices":[{"event_name":"Bonfire Elementals","player_choice":"BASIC","floor":2,"damage_taken":0},{"event_name":"Wheel of Change","player_choice":"Curse","floor":3,"damage_taken":0},{"event_name":"The Cleric","player_choice":"Card Removal","floor":4,"damage_taken":0},{"event_name":"Scrap Ooze","player_choice":"success","floor":11,"damage_taken":7},{"event_name":"Vampires","player_choice":"Ignored","floor":20,"damage_taken":0}],"is_beta":false,"boss_relics":[{"not_picked":["Philosopher\u0027s Stone","Runic Cube"],"picked":"Black Blood"}],"items_purged_floors":[22],"is_endless":false,"potions_floor_spawned":[1,7,8,16,18,21],"killed_by":"Centurion and Healer","ascension_level":5}