{"path_per_floor":["M","?","M","?","M","E","R","M","T","R","T","M","M","E","R","B",null,"M","?","?","M","M","E","M","E","T","M"],"character_chosen":"IRONCLAD","items_purchased":[],"gold_per_floor":[111,186,204,204,216,251,251,269,343,343,343,354,369,397,397,500,500,518,518,518,534,545,576,595,620,620,635],"floor_reached":28,"campfire_rested":0,"playtime":1863,"current_hp_per_floor":[76,65,58,58,49,31,31,20,20,20,20,19,17,16,16,4,80,68,68,68,67,75,63,67,8,8,40],"items_purged":[],"gold":635,"score":298,"play_id":"97ea0ba5-07cd-4a83-9dcc-74b68683571c","is_prod":false,"is_daily":false,"is_ascension_mode":false,"campfire_upgraded":3,"path_taken":["M","?","M","?","M","E","R","?","T","R","?","M","M","E","R","BOSS","M","?","?","M","M","E","M","E","T","?","E"],"build_version":"2018-02-15-PROD1","purchased_purges":0,"victory":false,"master_deck":["Defend_R+1","Defend_R+1","Defend_R+1","Defend_R+1","Bash","Wild Strike+1","Spot Weakness","Regret","Wild Strike","Heavy Blade+1","Shrug It Off","Rupture","Rampage+1","Clothesline","Limit Break","Uppercut+1","Bite","Bite","Bite","Bite","Bite","Evolve","Heavy Blade","Injury","Rage"],"max_hp_per_floor":[80,80,80,80,80,80,80,80,80,80,80,80,80,80,80,80,80,80,80,80,80,80,80,80,80,80,80],"relics":["Lizard Tail","Paper Frog","Anchor","Mercury Hourglass","Pantograph","Cursed Key","Dream Catcher","Ancient Tea Set","Bird Faced Urn"],"card_choices":[{"not_picked":["Rupture","Second Wind"],"picked":"Wild Strike"},{"not_picked":["Wild Strike","Headbutt"],"picked":"Spot Weakness"},{"not_picked":["Body Slam","True Grit"],"picked":"Wild Strike"},{"not_picked":["Cleave","Anger"],"picked":"Heavy Blade"},{"not_picked":["Cleave","Perfected Strike"],"picked":"Shrug It Off"},{"not_picked":["Flex","Wild Strike"],"picked":"Rupture"},{"not_picked":["Pummel","Intimidate"],"picked":"Rampage"},{"not_picked":["Bloodletting","Burning Pact"],"picked":"Clothesline"},{"not_picked":["Brutality","Reaper"],"picked":"Limit Break"},{"not_picked":["Iron Wave","Disarm"],"picked":"Uppercut"},{"not_picked":["Dual Wield","Anger"],"picked":"Evolve"},{"not_picked":["Bloodletting","Fire Breathing"],"picked":"Heavy Blade"},{"not_picked":["Fiend Fire","Havoc"],"picked":"Rage"}],"player_experience":100270,"potions_floor_usage":[6,14,16,16,27,27,28],"damage_taken":[{"damage":4,"enemies":"Jaw Worm","floor":1,"turns":5},{"damage":7,"enemies":"Small Slimes","floor":3,"turns":4},{"damage":9,"enemies":"2 Louse","floor":5,"turns":3},{"damage":18,"enemies":"Gremlin Nob","floor":6,"turns":3},{"damage":11,"enemies":"Red Slaver","floor":8,"turns":3},{"damage":3,"enemies":"Exordium Wildlife","floor":12,"turns":3},{"damage":4,"enemies":"Blue Slaver","floor":13,"turns":3},{"damage":3,"enemies":"3 Sentries","floor":14,"turns":4},{"damage":39,"enemies":"Slime Boss","floor":16,"turns":10},{"damage":12,"enemies":"2 Thieves","floor":18,"turns":4},{"damage":9,"enemies":"Shell Parasite","floor":21,"turns":3},{"damage":2,"enemies":"Centurion and Healer","floor":22,"turns":6},{"damage":14,"enemies":"Book of Stabbing","floor":23,"turns":4},{"damage":2,"enemies":"Snake Plant","floor":24,"turns":4},{"damage":71,"enemies":"Gremlin Leader","floor":25,"turns":5},{"damage":49,"enemies":"3 Cultists","floor":27,"turns":7},{"damage":47,"enemies":"Slavers","floor":28,"turns":3}],"event_choices":[{"event_name":"World of Goop","player_choice":"Gather Gold","floor":2,"damage_taken":0},{"event_name":"Big Fish","player_choice":"Box","floor":4,"damage_taken":0},{"event_name":"Back to Basics","player_choice":"Simplicity","floor":19,"damage_taken":0},{"event_name":"Vampires","player_choice":"Became a vampire (Vial)","floor":20,"damage_taken":0}],"boss_relics":[{"not_picked":["Runic Pyramid","Velvet Choker"],"picked":"Cursed Key"}],"potions_floor_spawned":[3,6,8,13,22,25,27],"seed_played":"7557217851074802804","killed_by":"Slavers","ascension_level":0,"is_trial":false}