{"gold_per_floor":[114,39,51,51,71,71,101,101,101,116,135,155,174,193,193,295,295,305,305,355,371,371,371],"floor_reached":23,"playtime":761,"items_purged":["Decay"],"score":195,"play_id":"863dfecd-2f84-44ef-8580-a9edd31b7cab","local_time":"20190304173824","is_ascension_mode":false,"campfire_choices":[{"data":"Madness","floor":6,"key":"SMITH"},{"data":"Sword Boomerang","floor":8,"key":"SMITH"},{"floor":15,"key":"REST"}],"neow_cost":"CURSE","seed_source_timestamp":28228391288663,"circlet_count":0,"master_deck":["Strike_R","Strike_R","Strike_R","Strike_R","Strike_R","Defend_R","Defend_R","Defend_R+1","Defend_R+1","Bash","Sword Boomerang+1","Madness+1","Battle Trance","Headbutt","Dropkick","Demon Form","Spot Weakness","Shrug It Off","Sword Boomerang+1","Iron Wave+1"],"relics":["Burning Blood","Bird Faced Urn","Paper Frog","War Paint","Runic Pyramid","Enchiridion","Red Skull"],"potions_floor_usage":[10,12,16,16],"damage_taken":[{"damage":14,"enemies":"2 Louse","floor":1,"turns":3},{"damage":5,"enemies":"Cultist","floor":3,"turns":4},{"damage":5,"enemies":"Small Slimes","floor":5,"turns":4},{"damage":49,"enemies":"Lagavulin","floor":7,"turns":6},{"damage":9,"enemies":"Exordium Wildlife","floor":10,"turns":6},{"damage":15,"enemies":"Exordium Thugs","floor":11,"turns":3},{"damage":6,"enemies":"3 Louse","floor":12,"turns":3},{"damage":5,"enemies":"Red Slaver","floor":13,"turns":3},{"damage":4,"enemies":"Blue Slaver","floor":14,"turns":3},{"damage":22,"enemies":"Slime Boss","floor":16,"turns":6},{"damage":20,"enemies":"Chosen","floor":18,"turns":4},{"damage":19,"enemies":"2 Thieves","floor":21,"turns":4},{"damage":44,"enemies":"Slavers","floor":23,"turns":3}],"seed_played":"6717426690234173970","potions_obtained":[{"floor":3,"key":"EssenceOfSteel"},{"floor":10,"key":"Regen Potion"},{"floor":11,"key":"EssenceOfSteel"},{"floor":13,"key":"Energy Potion"},{"floor":14,"key":"SmokeBomb"},{"floor":18,"key":"Swift Potion"}],"is_trial":false,"path_per_floor":["M","$","M","?","M","R","E","R","T","M","M","M","M","M","R","B",null,"M","?","T","M","$","E"],"character_chosen":"IRONCLAD","items_purchased":[],"campfire_rested":1,"item_purchase_floors":[],"current_hp_per_floor":[72,72,73,73,74,74,31,31,31,28,19,19,20,22,46,47,80,66,50,50,39,39,0],"gold":371,"neow_bonus":"ONE_RARE_RELIC","is_prod":false,"is_daily":false,"chose_seed":false,"campfire_upgraded":2,"win_rate":0,"timestamp":1551742704,"path_taken":["M","$","M","?","M","R","E","R","T","M","M","M","?","M","R","BOSS","M","?","?","?","$","E"],"build_version":"2019-01-23","purchased_purges":1,"victory":false,"max_hp_per_floor":[80,80,80,80,80,80,80,80,80,80,80,80,80,80,80,80,80,80,80,80,80,80,80],"card_choices":[{"not_picked":["Carnage","Warcry","Pommel Strike"],"picked":"SKIP","floor":1},{"not_picked":["Disarm","Power Through"],"picked":"Sword Boomerang","floor":3},{"not_picked":["Inflame","Warcry"],"picked":"Battle Trance","floor":5},{"not_picked":["Perfected Strike","Iron Wave"],"picked":"Headbutt","floor":7},{"not_picked":["True Grit","Pommel Strike"],"picked":"Dropkick","floor":10},{"not_picked":["Sever Soul","Warcry"],"picked":"Demon Form","floor":11},{"not_picked":["Havoc","Flex"],"picked":"Spot Weakness","floor":12},{"not_picked":["Brutality","Iron Wave"],"picked":"Shrug It Off","floor":13},{"not_picked":["Thunderclap","Anger","Perfected Strike"],"picked":"SKIP","floor":14},{"not_picked":["Thunderclap+1","Entrench"],"picked":"Sword Boomerang+1","floor":18},{"not_picked":["Wild Strike","Sentinel"],"picked":"Iron Wave+1","floor":21}],"player_experience":522953,"relics_obtained":[{"floor":7,"key":"Paper Frog"},{"floor":9,"key":"War Paint"},{"floor":19,"key":"Enchiridion"},{"floor":20,"key":"Red Skull"}],"event_choices":[{"damage_healed":0,"gold_gain":0,"player_choice":"1 cards matched","damage_taken":0,"max_hp_gain":0,"max_hp_loss":0,"event_name":"Match and Keep!","floor":4,"gold_loss":0,"cards_obtained":["Madness"]},{"damage_healed":0,"gold_gain":0,"player_choice":"Obtained Book","damage_taken":16,"max_hp_gain":0,"max_hp_loss":0,"event_name":"Cursed Tome","floor":19,"gold_loss":0}],"is_beta":false,"boss_relics":[{"not_picked":["Calling Bell","Ectoplasm"],"picked":"Runic Pyramid"}],"items_purged_floors":[2],"is_endless":false,"potions_floor_spawned":[3,10,11,13,14,18],"killed_by":"Slavers","ascension_level":0}