{"gold_per_floor":[17,17,117,129,139,139,156,173,173,173,185,185,204,234,234,329,329,344,344,306,316,16,16,49,49,95,95,95,95,115,14,14,113,113,131,142,102,102,114,114,145,160,236,236,4,4,4,22,22,22],"floor_reached":51,"playtime":7139,"items_purged":[],"score":670,"play_id":"a9e100c0-6e36-40f3-aea2-23145cc91aa4","local_time":"20190212202955","is_ascension_mode":false,"campfire_choices":[{"floor":6,"key":"DIG"},{"data":"A Thousand Cuts","floor":10,"key":"SMITH"},{"floor":12,"key":"REST"},{"floor":15,"key":"REST"},{"floor":23,"key":"DIG"},{"floor":25,"key":"DIG"},{"floor":28,"key":"DIG"},{"floor":32,"key":"REST"},{"floor":40,"key":"REST"},{"floor":44,"key":"DIG"},{"floor":47,"key":"DIG"},{"floor":49,"key":"DIG"}],"neow_cost":"NO_GOLD","seed_source_timestamp":88826081372900,"circlet_count":0,"master_deck":["Defend_G+1","Defend_G+1","Defend_G+1","Defend_G+1","Strike_G+1","Strike_G+1","Strike_G+1","Survivor","Neutralize","Poisoned Stab","Choke","Catalyst","A Thousand Cuts+1","Blade Dance","Prepared","Noxious Fumes","Crippling Poison","Bullet Time","Concentrate+1","Footwork","Impatience","Burst","Blade Dance","After Image","Expertise+1","Reflex+1","Tools of the Trade+1","Blade Dance+1","Infinite Blades","A Thousand Cuts","Calculated Gamble+1","Noxious Fumes+1","Writhe"],"relics":["Ring of the Snake","Shovel","Tingsha","Ice Cream","Peace Pipe","Paper Crane","Fusion Hammer","HandDrill","Torii","Smiling Mask","Vajra","Lantern","Oddly Smooth Stone","Astrolabe","Bottled Flame","Frozen Egg 2","Darkstone Periapt","TwistedFunnel","Bronze Scales","Mercury Hourglass"],"potions_floor_usage":[14,27,27,33,41,42,42,50,50],"damage_taken":[{"damage":0,"enemies":"Small Slimes","floor":1,"turns":4},{"damage":2,"enemies":"2 Louse","floor":4,"turns":3},{"damage":0,"enemies":"Cultist","floor":5,"turns":3},{"damage":11,"enemies":"Blue Slaver","floor":7,"turns":4},{"damage":10,"enemies":"Looter","floor":8,"turns":4},{"damage":4,"enemies":"2 Fungi Beasts","floor":11,"turns":4},{"damage":6,"enemies":"Blue Slaver","floor":13,"turns":4},{"damage":18,"enemies":"Gremlin Nob","floor":14,"turns":4},{"damage":24,"enemies":"The Guardian","floor":16,"turns":10},{"damage":2,"enemies":"Shell Parasite","floor":18,"turns":5},{"damage":12,"enemies":"2 Thieves","floor":21,"turns":4},{"damage":4,"enemies":"Book of Stabbing","floor":24,"turns":6},{"damage":7,"enemies":"Colosseum Slavers","floor":27,"turns":4},{"damage":18,"enemies":"Cultist and Chosen","floor":30,"turns":7},{"damage":23,"enemies":"Collector","floor":33,"turns":7},{"damage":11,"enemies":"3 Shapes","floor":35,"turns":4},{"damage":0,"enemies":"3 Darklings","floor":36,"turns":4},{"damage":23,"enemies":"Transient","floor":39,"turns":5},{"damage":0,"enemies":"Nemesis","floor":41,"turns":6},{"damage":9,"enemies":"Spire Growth","floor":42,"turns":5},{"damage":1,"enemies":"3 Darklings","floor":48,"turns":3},{"damage":18,"enemies":"Donu and Deca","floor":50,"turns":7}],"seed_played":"-2615660555969472679","potions_obtained":[{"floor":7,"key":"SmokeBomb"},{"floor":8,"key":"Energy Potion"},{"floor":13,"key":"Fire Potion"},{"floor":14,"key":"Weak Potion"},{"floor":16,"key":"GhostInAJar"},{"floor":30,"key":"EntropicBrew"},{"floor":39,"key":"Block Potion"},{"floor":42,"key":"GhostInAJar"}],"is_trial":false,"path_per_floor":["M","?","?","M","M","R","M","M","T","R","M","R","M","E","R","B",null,"M","?","$","M","$","R","E","R","T","?","R","?","M","$","R","B",null,"M","M","$","?","M","R","E","M","T","R","$","?","R","M","R","B",null],"character_chosen":"THE_SILENT","items_purchased":["Footwork","HandDrill","Impatience","Blade Dance","FearPotion","Infinite Blades","TwistedFunnel","Noxious Fumes+1"],"campfire_rested":4,"item_purchase_floors":[20,22,22,31,31,37,45,45],"current_hp_per_floor":[70,58,58,56,56,56,45,35,35,35,31,52,46,28,49,25,70,68,68,68,56,56,56,52,52,52,45,45,36,18,18,39,16,70,59,59,59,59,36,57,57,48,48,48,48,72,72,71,71,53],"gold":22,"neow_bonus":"ONE_RARE_RELIC","is_prod":false,"is_daily":false,"chose_seed":false,"campfire_upgraded":1,"win_rate":0,"timestamp":1550021395,"path_taken":["M","?","?","M","?","R","M","M","T","R","M","R","M","E","R","BOSS","M","?","$","M","$","R","E","R","T","?","R","?","M","?","R","BOSS","M","?","?","?","M","R","E","M","T","R","$","?","R","?","R","BOSS"],"build_version":"2019-02-06","purchased_purges":0,"victory":true,"max_hp_per_floor":[70,70,70,70,70,70,70,70,70,70,70,70,70,70,70,70,70,70,70,70,70,70,70,70,70,70,70,70,70,70,70,70,70,70,70,70,70,70,70,70,70,70,70,70,70,76,76,76,76,76],"card_choices":[{"not_picked":["Underhanded Strike","Prepared"],"picked":"Poisoned Stab","floor":1},{"not_picked":["Sucker Punch","Deflect"],"picked":"Choke","floor":4},{"not_picked":["Slice","Dagger Spray"],"picked":"Catalyst","floor":5},{"not_picked":["Poisoned Stab","Sucker Punch"],"picked":"A Thousand Cuts","floor":7},{"not_picked":["Prepared","Underhanded Strike"],"picked":"Blade Dance","floor":8},{"not_picked":["All Out Attack","Bane"],"picked":"Prepared","floor":11},{"not_picked":["Poisoned Stab","Well Laid Plans"],"picked":"Noxious Fumes","floor":13},{"not_picked":["Blade Dance","Bouncing Flask"],"picked":"Crippling Poison","floor":14},{"not_picked":["Die Die Die","Venomology"],"picked":"Bullet Time","floor":16},{"not_picked":["Dodge and Roll","Eviscerate"],"picked":"Concentrate+1","floor":18},{"not_picked":["Bane","Deflect","Slice"],"picked":"SKIP","floor":21},{"not_picked":["Dodge and Roll","Expertise"],"picked":"Burst","floor":24},{"not_picked":["Backflip","Riddle With Holes+1","Blur"],"picked":"SKIP","floor":30},{"not_picked":["Tools of the Trade","Unload"],"picked":"After Image","floor":33},{"not_picked":["Flying Knee","Dagger Spray+1","Sucker Punch"],"picked":"SKIP","floor":35},{"not_picked":["Prepared","Deadly Poison+1"],"picked":"Blade Dance+1","floor":36},{"not_picked":["Blade Dance","Cloak And Dagger"],"picked":"A Thousand Cuts","floor":39},{"not_picked":["Dagger Throw","Blade Dance","Choke+1"],"picked":"SKIP","floor":41},{"not_picked":["Poisoned Stab+1","Eviscerate+1"],"picked":"Calculated Gamble+1","floor":42},{"not_picked":["Bane","Quick Slash","Deflect+1"],"picked":"SKIP","floor":48}],"player_experience":618179,"relics_obtained":[{"floor":6,"key":"Ice Cream"},{"floor":9,"key":"Peace Pipe"},{"floor":14,"key":"Paper Crane"},{"floor":23,"key":"Torii"},{"floor":24,"key":"Smiling Mask"},{"floor":25,"key":"Vajra"},{"floor":26,"key":"Lantern"},{"floor":28,"key":"Oddly Smooth Stone"},{"floor":41,"key":"Bottled Flame"},{"floor":43,"key":"Frozen Egg 2"},{"floor":44,"key":"Darkstone Periapt"},{"floor":47,"key":"Bronze Scales"},{"floor":49,"key":"Mercury Hourglass"}],"event_choices":[{"damage_healed":0,"gold_gain":0,"player_choice":"Success","damage_taken":12,"relics_obtained":["Tingsha"],"max_hp_gain":0,"max_hp_loss":0,"event_name":"Scrap Ooze","floor":2,"gold_loss":0},{"damage_healed":0,"gold_gain":100,"player_choice":"Pray","damage_taken":0,"max_hp_gain":0,"max_hp_loss":0,"event_name":"Golden Shrine","floor":3,"gold_loss":0},{"damage_healed":0,"gold_gain":0,"player_choice":"Simplicity","damage_taken":0,"max_hp_gain":0,"max_hp_loss":0,"event_name":"Back to Basics","floor":19,"gold_loss":0,"cards_upgraded":["Defend_G","Defend_G","Defend_G","Defend_G","Defend_G","Strike_G","Strike_G","Strike_G","Strike_G","Strike_G"]},{"damage_healed":0,"gold_gain":0,"player_choice":"Fight","damage_taken":0,"max_hp_gain":0,"max_hp_loss":0,"event_name":"Colosseum","floor":27,"gold_loss":0},{"damage_healed":0,"gold_gain":0,"player_choice":"Fled From Nobs","damage_taken":0,"max_hp_gain":0,"max_hp_loss":0,"event_name":"Colosseum","floor":27,"gold_loss":0},{"damage_healed":0,"gold_gain":0,"player_choice":"Stopped","damage_taken":9,"max_hp_gain":0,"max_hp_loss":0,"event_name":"Cursed Tome","floor":29,"gold_loss":0},{"damage_healed":0,"gold_gain":0,"player_choice":"Ignored","damage_taken":0,"max_hp_gain":0,"max_hp_loss":0,"event_name":"Mysterious Sphere","floor":38,"gold_loss":0},{"damage_healed":18,"gold_gain":0,"player_choice":"Writhe","damage_taken":0,"max_hp_gain":0,"max_hp_loss":0,"event_name":"Winding Halls","floor":46,"gold_loss":0,"cards_obtained":["Writhe"]}],"is_beta":true,"boss_relics":[{"not_picked":["Calling Bell","Runic Dome"],"picked":"Fusion Hammer"},{"not_picked":["Philosopher\u0027s Stone","Runic Pyramid"],"picked":"Astrolabe"}],"items_purged_floors":[],"is_endless":false,"potions_floor_spawned":[7,8,13,14,16,21,27,30,39,42],"ascension_level":0}