{"gold_per_floor":[110,121,139,139,139,139,69,69,69,69,99,118,36,52,52,52],"floor_reached":16,"playtime":391,"items_purged":[],"score":155,"play_id":"ccf146ca-4566-4585-b38d-fdb0ed78e77a","local_time":"20190126232346","is_ascension_mode":true,"campfire_choices":[{"data":"Perfected Strike","floor":6.0,"key":"SMITH"},{"data":"Perfected Strike","floor":8.0,"key":"SMITH"},{"data":"Combust","floor":10.0,"key":"SMITH"},{"data":"Bash","floor":15.0,"key":"SMITH"}],"neow_cost":"NONE","seed_source_timestamp":91768225722300,"circlet_count":0,"master_deck":["AscendersBane","Strike_R","Strike_R","Strike_R","Strike_R","Strike_R","Defend_R","Defend_R","Defend_R","Defend_R","Bash+1","Iron Wave","Perfected Strike+1","Perfected Strike+1","Cleave","Combust+1","Thunderclap+1","Twin Strike+1","Swift Strike+1","Dropkick+1"],"special_seed":0,"relics":["Burning Blood","Question Card","Molten Egg 2","Darkstone Periapt"],"potions_floor_usage":[16],"damage_taken":[{"damage":6.0,"enemies":"Cultist","floor":1.0,"turns":4.0},{"damage":0.0,"enemies":"Small Slimes","floor":2.0,"turns":3.0},{"damage":7.0,"enemies":"Jaw Worm","floor":3.0,"turns":2.0},{"damage":28.0,"enemies":"Gremlin Nob","floor":11.0,"turns":4.0},{"damage":5.0,"enemies":"2 Fungi Beasts","floor":12.0,"turns":2.0},{"damage":20.0,"enemies":"Exordium Thugs","floor":14.0,"turns":4.0},{"damage":35,"enemies":"The Guardian","floor":16,"turns":5}],"seed_played":"-2606104345117225156","potions_obtained":[{"floor":1.0,"key":"Dexterity Potion"},{"floor":11.0,"key":"SkillPotion"},{"floor":14.0,"key":"Fire Potion"}],"is_trial":false,"path_per_floor":["M","M","M","?","?","R","$","R","T","R","E","M","$","M","R","B"],"character_chosen":"IRONCLAD","items_purchased":["Combust","Swift Strike+1"],"campfire_rested":0,"item_purchase_floors":[7,13],"current_hp_per_floor":[72,78,77,65,70,70,70,70,70,70,48,49,49,35,35,0],"gold":52,"neow_bonus":"THREE_CARDS","is_prod":false,"is_daily":false,"chose_seed":false,"campfire_upgraded":4,"win_rate":0,"timestamp":1548563026,"path_taken":["M","M","M","?","?","R","$","R","T","R","E","M","$","M","R","BOSS"],"build_version":"2019-01-23","purchased_purges":0,"victory":false,"max_hp_per_floor":[80,80,80,80,85,85,85,85,85,85,85,85,85,85,85,85],"card_choices":[{"not_picked":["Heavy Blade","Havoc"],"picked":"Iron Wave","floor":0.0},{"not_picked":["Blood for Blood","Clash"],"picked":"Perfected Strike","floor":1.0},{"not_picked":["Iron Wave","Cleave"],"picked":"Perfected Strike","floor":2.0},{"not_picked":["Warcry","Brutality"],"picked":"Cleave","floor":3.0},{"not_picked":["Brutality","Evolve","Iron Wave+1"],"picked":"Thunderclap+1","floor":11.0},{"not_picked":["Iron Wave+1","Blood for Blood+1","Heavy Blade+1"],"picked":"Twin Strike+1","floor":12.0},{"not_picked":["Flex","Armaments","Burning Pact"],"picked":"Dropkick+1","floor":14.0}],"player_experience":542411,"relics_obtained":[{"floor":9.0,"key":"Molten Egg 2"},{"floor":11.0,"key":"Darkstone Periapt"}],"event_choices":[{"damage_healed":0.0,"max_hp_gain":0.0,"max_hp_loss":0.0,"gold_gain":0.0,"event_name":"Scrap Ooze","player_choice":"Success","floor":4.0,"gold_loss":0.0,"damage_taken":12.0,"relics_obtained":["Question Card"]},{"damage_healed":0.0,"max_hp_gain":5.0,"max_hp_loss":0.0,"gold_gain":0.0,"event_name":"Big Fish","player_choice":"Donut","floor":5.0,"gold_loss":0.0,"damage_taken":0.0}],"is_beta":true,"boss_relics":[],"items_purged_floors":[],"is_endless":false,"potions_floor_spawned":[1,11,14],"killed_by":"The Guardian","ascension_level":11}