{"gold_per_floor":[112,122,137,87,98,124,124,158,184,208,220,243,255,287,299,409,421,443,370,396,63,77,77,108,118,118,134,134,146,146],"floor_reached":30,"playtime":1394,"items_purged":["Brutality+1"],"score":306,"play_id":"892264fb-e6c3-48ee-b2b8-16dd4853cbc4","local_time":"20190220152154","is_ascension_mode":true,"campfire_choices":[{"data":"Armaments","floor":7,"key":"SMITH"},{"data":"Iron Wave","floor":11,"key":"SMITH"},{"data":"Inflame","floor":13,"key":"SMITH"},{"data":"Twin Strike","floor":15,"key":"SMITH"},{"data":"Inflame","floor":23,"key":"SMITH"},{"floor":28,"key":"REST"}],"neow_cost":"TEN_PERCENT_HP_LOSS","seed_source_timestamp":9181445590028,"circlet_count":0,"master_deck":["Strike_R","Strike_R","Strike_R","Defend_R","Defend_R","Defend_R","Armaments+1","Twin Strike+1","Iron Wave+1","Cleave","True Grit+1","Inflame+1","Impervious+1","Double Tap+1","Seeing Red+1","Wild Strike+1","Pummel","Shockwave+1","Impervious+1","Inflame+1","Body Slam","Rage+1","Dual Wield+1"],"relics":["Burning Blood","Magic Flower","Toxic Egg 2","Bronze Scales","MawBank","Astrolabe","Centennial Puzzle","DollysMirror","Ancient Tea Set","Oddly Smooth Stone"],"potions_floor_usage":[6,8,14,20,22,24,27],"damage_taken":[{"damage":8,"enemies":"2 Louse","floor":1,"turns":3},{"damage":4,"enemies":"Jaw Worm","floor":2,"turns":7},{"damage":5,"enemies":"Small Slimes","floor":3,"turns":3},{"damage":3,"enemies":"Looter","floor":5,"turns":4},{"damage":20,"enemies":"3 Sentries","floor":6,"turns":8},{"damage":40,"enemies":"Lagavulin","floor":8,"turns":7},{"damage":0,"enemies":"Exordium Wildlife","floor":10,"turns":2},{"damage":0,"enemies":"Blue Slaver","floor":12,"turns":4},{"damage":0,"enemies":"3 Louse","floor":14,"turns":3},{"damage":34,"enemies":"The Guardian","floor":16,"turns":12},{"damage":13,"enemies":"Spheric Guardian","floor":18,"turns":6},{"damage":0,"enemies":"3 Byrds","floor":20,"turns":3},{"damage":13,"enemies":"Snake Plant","floor":22,"turns":2},{"damage":38,"enemies":"Book of Stabbing","floor":24,"turns":6},{"damage":10,"enemies":"Centurion and Healer","floor":25,"turns":4},{"damage":12,"enemies":"Sentry and Sphere","floor":27,"turns":5},{"damage":44,"enemies":"3 Cultists","floor":29,"turns":6},{"damage":22,"enemies":"Shelled Parasite and Fungi","floor":30,"turns":3}],"seed_played":"-3888638179762526331","potions_obtained":[{"floor":1,"key":"Strength Potion"},{"floor":3,"key":"Regen Potion"},{"floor":6,"key":"LiquidBronze"},{"floor":10,"key":"SteroidPotion"},{"floor":12,"key":"AttackPotion"},{"floor":22,"key":"Energy Potion"},{"floor":25,"key":"Poison Potion"},{"floor":27,"key":"SpeedPotion"}],"is_trial":false,"path_per_floor":["M","M","M","?","M","E","R","E","T","M","R","M","R","M","R","B",null,"M","?","M","$","M","R","E","M","T","M","R","M","M"],"character_chosen":"IRONCLAD","items_purchased":["DollysMirror","Inflame"],"campfire_rested":1,"item_purchase_floors":[21,21],"current_hp_per_floor":[72,72,72,72,72,61,61,54,54,63,63,72,72,72,72,47,72,68,68,72,72,68,68,39,38,38,35,56,21,0],"gold":146,"neow_bonus":"ONE_RARE_RELIC","is_prod":false,"is_daily":false,"chose_seed":false,"campfire_upgraded":5,"win_rate":0,"timestamp":1550697714,"path_taken":["M","M","M","?","M","E","R","E","T","M","R","M","R","M","R","BOSS","M","?","M","$","M","R","E","M","T","M","R","M","M"],"build_version":"2019-01-23","purchased_purges":1,"victory":false,"max_hp_per_floor":[72,72,72,72,72,72,72,72,72,72,72,72,72,72,72,72,72,72,72,72,72,72,72,72,72,72,72,72,72,72],"card_choices":[{"not_picked":["Intimidate","Disarm"],"picked":"Armaments","floor":1},{"not_picked":["Perfected Strike","Uppercut"],"picked":"Twin Strike","floor":2},{"not_picked":["Clash","Body Slam"],"picked":"Iron Wave","floor":3},{"not_picked":["Dual Wield","Bloodletting","True Grit"],"picked":"SKIP","floor":5},{"not_picked":["Bloodletting","Iron Wave"],"picked":"Cleave","floor":6},{"not_picked":["Heavy Blade","Thunderclap","Wild Strike"],"picked":"SKIP","floor":8},{"not_picked":["Disarm+1","Wild Strike"],"picked":"True Grit+1","floor":10},{"not_picked":["Rage+1","Spot Weakness+1"],"picked":"Inflame","floor":12},{"not_picked":["Perfected Strike","Cleave"],"picked":"Impervious+1","floor":14},{"not_picked":["Fiend Fire","Juggernaut"],"picked":"Double Tap+1","floor":16},{"not_picked":["Spot Weakness+1","Heavy Blade"],"picked":"Pummel","floor":18},{"not_picked":["Twin Strike","Carnage+1"],"picked":"Shockwave+1","floor":20},{"not_picked":["Clothesline","Perfected Strike","Disarm+1"],"picked":"SKIP","floor":22},{"not_picked":["Sever Soul","Bloodletting+1"],"picked":"Body Slam","floor":24},{"not_picked":["Flex+1","Headbutt"],"picked":"Rage+1","floor":25},{"not_picked":["Cleave","Warcry+1","Pommel Strike+1"],"picked":"SKIP","floor":27},{"not_picked":["Warcry+1","True Grit+1"],"picked":"Dual Wield+1","floor":29}],"player_experience":274507,"relics_obtained":[{"floor":6,"key":"Toxic Egg 2"},{"floor":8,"key":"Bronze Scales"},{"floor":9,"key":"MawBank"},{"floor":24,"key":"Ancient Tea Set"},{"floor":26,"key":"Oddly Smooth Stone"}],"event_choices":[{"cards_removed":["Bash"],"damage_healed":0,"gold_gain":0,"player_choice":"Card Removal","damage_taken":0,"max_hp_gain":0,"max_hp_loss":0,"event_name":"The Cleric","floor":4,"gold_loss":50},{"damage_healed":0,"gold_gain":0,"player_choice":"Obtained Relic","damage_taken":0,"relics_obtained":["Centennial Puzzle"],"max_hp_gain":0,"max_hp_loss":0,"event_name":"Addict","floor":19,"gold_loss":85}],"is_beta":false,"boss_relics":[{"not_picked":["Velvet Choker","Pandora\u0027s Box"],"picked":"Astrolabe"}],"items_purged_floors":[21],"is_endless":false,"potions_floor_spawned":[1,3,6,10,12,22,25,27],"killed_by":"Shelled Parasite and Fungi","ascension_level":3}