{"path_per_floor":["M","?","M","M","M","R","M","E","T","R","E","$","E","?","R","B",null,"M","M","?","M","M"],"character_chosen":"DEFECT","items_purchased":["Static Discharge"],"gold_per_floor":[116,116,134,152,171,171,185,210,210,210,240,202,231,231,231,336,336,347,363,363,377,396,396],"floor_reached":23,"campfire_rested":1,"playtime":883,"item_purchase_floors":[12],"current_hp_per_floor":[74,59,57,57,51,51,43,25,25,47,31,31,21,46,46,31,75,72,55,55,38,25,0],"items_purged":[],"gold":396,"score":234,"play_id":"020e750c-551b-4001-9576-ef66e73b0930","local_time":"20180622175136","is_prod":false,"is_daily":false,"chose_seed":false,"is_ascension_mode":true,"campfire_upgraded":2,"win_rate":0,"timestamp":1529682696,"campfire_choices":[{"data":"Defend_B","floor":6,"key":"SMITH"},{"floor":10,"key":"REST"},{"data":"Static Discharge","floor":15,"key":"SMITH"}],"path_taken":["M","?","M","M","M","R","M","E","T","R","E","$","E","?","R","BOSS","M","M","?","M","M","E"],"build_version":"2018-06-21","seed_source_timestamp":51056604923605,"purchased_purges":0,"circlet_count":0,"victory":false,"master_deck":["Strike_B","Strike_B","Strike_B","Strike_B","Defend_B","Defend_B","Defend_B","Defend_B+1","Zap+1","Dualcast+1","White Noise","Amplify","Auto Shields","Static Discharge+1","Streamline","Thunder Strike","Rip and Tear","Writhe","Glacier+1"],"max_hp_per_floor":[75,75,75,75,75,75,75,75,75,75,75,75,75,75,75,75,75,75,75,75,75,75,75],"relics":["Cracked Core","Bag of Marbles","Ornamental Fan","Mercury Hourglass","Bottled Tornado","Philosopher\u0027s Stone","Omamori"],"card_choices":[{"not_picked":["Conserve Battery","Hello World","Go for the Eyes"],"picked":"SKIP","floor":1},{"not_picked":["Conserve Battery","Ball Lightning","Leap"],"picked":"SKIP","floor":3},{"not_picked":["Steam","Coolheaded","Cold Snap"],"picked":"SKIP","floor":4},{"not_picked":["Turbo","Hologram","Redo"],"picked":"SKIP","floor":5},{"not_picked":["Redo","Sunder"],"picked":"White Noise","floor":7},{"not_picked":["Conserve Battery","Skim"],"picked":"Amplify","floor":8},{"not_picked":["Conserve Battery","Steam"],"picked":"Auto Shields","floor":11},{"not_picked":["Steam Power","Conserve Battery"],"picked":"Streamline","floor":13},{"not_picked":["Rainbow","Fission"],"picked":"Thunder Strike","floor":16},{"not_picked":["Leap","Stack+1","Coolheaded"],"picked":"SKIP","floor":18},{"not_picked":["Beam Cell","Lockon"],"picked":"Rip and Tear","floor":19},{"not_picked":["Go for the Eyes","Beam Cell"],"picked":"Glacier+1","floor":21},{"not_picked":["Stack+1","Go for the Eyes","Barrage"],"picked":"SKIP","floor":22}],"player_experience":403852,"potions_floor_usage":[8,8,18,19],"damage_taken":[{"damage":1,"enemies":"Cultist","floor":1,"turns":4},{"damage":2,"enemies":"Jaw Worm","floor":3,"turns":3},{"damage":0,"enemies":"2 Louse","floor":4,"turns":2},{"damage":6,"enemies":"Looter","floor":5,"turns":3},{"damage":8,"enemies":"Exordium Wildlife","floor":7,"turns":4},{"damage":18,"enemies":"Lagavulin","floor":8,"turns":6},{"damage":16,"enemies":"3 Sentries","floor":11,"turns":7},{"damage":10,"enemies":"Gremlin Nob","floor":13,"turns":4},{"damage":15,"enemies":"The Guardian","floor":16,"turns":9},{"damage":3,"enemies":"Chosen","floor":18,"turns":4},{"damage":17,"enemies":"2 Thieves","floor":19,"turns":3},{"damage":17,"enemies":"Centurion and Healer","floor":21,"turns":6},{"damage":13,"enemies":"Chosen and Byrds","floor":22,"turns":2},{"damage":26,"enemies":"Book of Stabbing","floor":23,"turns":4}],"relics_obtained":[{"floor":8,"key":"Bag of Marbles"},{"floor":9,"key":"Ornamental Fan"},{"floor":11,"key":"Mercury Hourglass"},{"floor":13,"key":"Bottled Tornado"}],"event_choices":[{"event_name":"Shining Light","player_choice":"Entered Light","floor":2,"damage_taken":0},{"event_name":"Big Fish","player_choice":"Banana","floor":14,"damage_taken":0},{"event_name":"The Mausoleum","player_choice":"Yes","floor":20,"damage_taken":0}],"boss_relics":[{"not_picked":["Ectoplasm","Runic Pyramid"],"picked":"Philosopher\u0027s Stone"}],"items_purged_floors":[],"is_endless":false,"potions_floor_spawned":[1,5,11,16],"seed_played":"6506313714882243204","killed_by":"Book of Stabbing","ascension_level":2,"potions_obtained":[{"floor":1,"key":"Strength Potion"},{"floor":5,"key":"SteroidPotion"},{"floor":11,"key":"SkillPotion"},{"floor":16,"key":"SpeedPotion"}],"is_trial":false}