{"gold_per_floor":[17,35,50,50,69,69,69,134,157,175,175,193,193,207,207,207],"floor_reached":16,"playtime":728,"items_purged":[],"score":104,"play_id":"9ffff36d-3a10-413c-9371-bb3052d8721f","local_time":"20190215152844","is_ascension_mode":false,"campfire_choices":[{"data":"Gash","floor":6,"key":"SMITH"},{"data":"Redo","floor":11,"key":"SMITH"},{"floor":15,"key":"REST"}],"neow_cost":"NO_GOLD","seed_source_timestamp":12061985963172,"circlet_count":0,"master_deck":["Strike_B","Strike_B","Strike_B","Defend_B","Defend_B","Defend_B","Zap","Dualcast","Sweeping Beam","Chill","Stack","Gash+1","Buffer","Redo+1","Redo","Self Repair"],"relics":["Cracked Core","Tiny Chest","Pen Nib","Meat on the Bone"],"potions_floor_usage":[8,8],"damage_taken":[{"damage":6,"enemies":"Jaw Worm","floor":1,"turns":3},{"damage":0,"enemies":"Cultist","floor":2,"turns":2},{"damage":0,"enemies":"2 Louse","floor":3,"turns":2},{"damage":1,"enemies":"Lots of Slimes","floor":5,"turns":4},{"damage":13,"enemies":"Lagavulin","floor":8,"turns":5},{"damage":19,"enemies":"Exordium Thugs","floor":10,"turns":5},{"damage":3,"enemies":"Looter","floor":12,"turns":3},{"damage":16,"enemies":"Large Slime","floor":14,"turns":7},{"damage":62,"enemies":"Slime Boss","floor":16,"turns":8}],"seed_played":"3667890428952092995","potions_obtained":[{"floor":1,"key":"Fire Potion"},{"floor":5,"key":"AttackPotion"},{"floor":8,"key":"FearPotion"}],"is_trial":false,"path_per_floor":["M","M","M","?","M","R","?","E","T","M","R","M","T","M","R","B"],"character_chosen":"DEFECT","items_purchased":[],"campfire_rested":1,"item_purchase_floors":[],"current_hp_per_floor":[69,69,69,75,74,74,74,61,61,42,42,39,39,35,57,0],"gold":207,"neow_bonus":"REMOVE_TWO","is_prod":false,"is_daily":false,"chose_seed":false,"campfire_upgraded":2,"win_rate":0,"timestamp":1550266124,"path_taken":["M","M","M","?","?","R","?","E","T","M","R","?","?","M","R","BOSS"],"build_version":"2019-01-23","purchased_purges":0,"victory":false,"max_hp_per_floor":[75,75,75,75,75,75,75,75,75,75,75,75,75,75,75,75],"card_choices":[{"not_picked":["Double Energy","Stack"],"picked":"Sweeping Beam","floor":1},{"not_picked":["Force Field","Stack"],"picked":"Chill","floor":2},{"not_picked":["Barrage","Force Field"],"picked":"Stack","floor":3},{"not_picked":["White Noise","Consume"],"picked":"Gash","floor":5},{"not_picked":["Storm","Redo"],"picked":"Buffer","floor":8},{"not_picked":["Sweeping Beam","Barrage"],"picked":"Redo","floor":10},{"not_picked":["Barrage","Steam Power"],"picked":"Redo","floor":12},{"not_picked":["Rebound","Beam Cell"],"picked":"Self Repair","floor":14}],"player_experience":138957,"relics_obtained":[{"floor":8,"key":"Tiny Chest"},{"floor":9,"key":"Pen Nib"},{"floor":13,"key":"Meat on the Bone"}],"event_choices":[{"damage_healed":6,"gold_gain":0,"player_choice":"Full Heal","damage_taken":0,"max_hp_gain":0,"max_hp_loss":0,"event_name":"Wheel of Change","floor":4,"gold_loss":0},{"damage_healed":0,"gold_gain":0,"player_choice":"Ignored","damage_taken":0,"max_hp_gain":0,"max_hp_loss":0,"event_name":"NoteForYourself","floor":7,"gold_loss":0}],"is_beta":false,"boss_relics":[],"items_purged_floors":[],"is_endless":false,"potions_floor_spawned":[1,5,8],"killed_by":"Slime Boss","ascension_level":0}