{"gold_per_floor":[116,191,191,209,220,220,170,170,216,227,244,263,288,304,304,408,408,419,139,139,139,155,155],"floor_reached":23,"playtime":1099,"items_purged":["Defend_R"],"score":247,"play_id":"ab2b0732-f463-4b3b-9b66-e8fd8226419c","local_time":"20181116193354","is_ascension_mode":true,"campfire_choices":[{"data":"Feed","floor":6,"key":"SMITH"},{"data":"Metallicize","floor":8,"key":"SMITH"},{"floor":15,"key":"RECALL"}],"neow_cost":"NONE","seed_source_timestamp":86370132645744,"circlet_count":0,"master_deck":["Strike_R","Strike_R","Strike_R","Strike_R","Defend_R","Defend_R","Defend_R+1","Bash","Feed+1","Metallicize+1","Cleave","Whirlwind","Bloodletting","Flame Barrier+1","Searing Blow","Shrug It Off","Offering","Feed+1"],"relics":["Burning Blood","War Paint","Philosopher\u0027s Stone","Chemical X","Enchiridion"],"potions_floor_usage":[10,13,14,22,23],"damage_taken":[{"damage":1,"enemies":"2 Louse","floor":1,"turns":2},{"damage":0,"enemies":"Small Slimes","floor":4,"turns":3},{"damage":1,"enemies":"Cultist","floor":5,"turns":3},{"damage":5,"enemies":"2 Fungi Beasts","floor":10,"turns":3},{"damage":0,"enemies":"Lots of Slimes","floor":11,"turns":1},{"damage":12,"enemies":"Blue Slaver","floor":12,"turns":6},{"damage":16,"enemies":"3 Sentries","floor":13,"turns":7},{"damage":6,"enemies":"Red Slaver","floor":14,"turns":2},{"damage":46,"enemies":"The Guardian","floor":16,"turns":17},{"damage":29,"enemies":"Chosen","floor":18,"turns":5},{"damage":0,"enemies":"2 Thieves","floor":22,"turns":1},{"damage":84,"enemies":"Gremlin Leader","floor":23,"turns":4}],"seed_played":"8017147102120728202","potions_obtained":[{"floor":1,"key":"FearPotion"},{"floor":4,"key":"EssenceOfSteel"},{"floor":13,"key":"SteroidPotion"},{"floor":14,"key":"Ancient Potion"},{"floor":16,"key":"SteroidPotion"},{"floor":18,"key":"SpeedPotion"}],"is_trial":false,"path_per_floor":["M","?","?","M","M","R","?","R","T","M","M","M","E","M","R","B",null,"M","$","?","?","M","E"],"character_chosen":"IRONCLAD","items_purchased":["Chemical X"],"campfire_rested":0,"item_purchase_floors":[19],"current_hp_per_floor":[83,72,72,81,89,89,89,89,89,93,93,91,85,89,89,53,109,86,86,70,70,76,0],"gold":155,"neow_bonus":"ONE_RANDOM_RARE_CARD","is_prod":false,"is_daily":false,"chose_seed":false,"campfire_upgraded":2,"win_rate":0,"timestamp":1542414834,"path_taken":["M","?","?","M","M","R","?","R","T","M","M","M","E","M","R","BOSS","M","$","?","?","?","E"],"build_version":"2018-11-15","purchased_purges":1,"victory":false,"max_hp_per_floor":[83,83,83,86,89,89,89,89,89,93,93,97,101,105,105,109,109,109,109,109,109,109,109],"card_choices":[{"not_picked":["Warcry","Sentinel"],"picked":"Metallicize","floor":1},{"not_picked":["Corruption","Wild Strike"],"picked":"Cleave","floor":4},{"not_picked":["Clothesline","Headbutt"],"picked":"Whirlwind","floor":5},{"not_picked":["Pummel","Rupture","True Grit"],"picked":"SKIP","floor":10},{"not_picked":["Blood for Blood","Whirlwind"],"picked":"Bloodletting","floor":11},{"not_picked":["Warcry","Wild Strike"],"picked":"Flame Barrier","floor":12},{"not_picked":["Headbutt","Armaments"],"picked":"Searing Blow","floor":13},{"not_picked":["Clothesline","Blood for Blood"],"picked":"Shrug It Off","floor":14},{"not_picked":["Reaper","Brutality"],"picked":"Offering","floor":16},{"not_picked":["Body Slam","Twin Strike","Thunderclap"],"picked":"SKIP","floor":18},{"not_picked":["Combust","Thunderclap","Armaments"],"picked":"SKIP","floor":22}],"player_experience":370631,"relics_obtained":[{"floor":13,"key":"War Paint"},{"floor":20,"key":"Enchiridion"}],"event_choices":[{"damage_healed":0,"gold_gain":75,"player_choice":"Gather Gold","damage_taken":11,"max_hp_gain":0,"max_hp_loss":0,"event_name":"World of Goop","floor":2,"gold_loss":0},{"damage_healed":0,"gold_gain":0,"player_choice":"Ignored","damage_taken":0,"max_hp_gain":0,"max_hp_loss":0,"event_name":"Liars Game","floor":3,"gold_loss":0},{"cards_removed":["Strike_R"],"damage_healed":0,"gold_gain":0,"player_choice":"Card Removal","damage_taken":0,"max_hp_gain":0,"max_hp_loss":0,"event_name":"The Cleric","floor":7,"gold_loss":50},{"damage_healed":0,"gold_gain":0,"player_choice":"Obtained Book","damage_taken":16,"max_hp_gain":0,"max_hp_loss":0,"event_name":"Cursed Tome","floor":20,"gold_loss":0},{"damage_healed":0,"gold_gain":0,"player_choice":"Copied","damage_taken":0,"max_hp_gain":0,"max_hp_loss":0,"event_name":"Duplicator","floor":21,"gold_loss":0,"cards_obtained":["Feed"]}],"is_beta":true,"boss_relics":[{"not_picked":["Velvet Choker","Tiny House"],"picked":"Philosopher\u0027s Stone"}],"items_purged_floors":[19],"is_endless":false,"potions_floor_spawned":[1,4,13,14,16,18],"killed_by":"Gremlin Leader","ascension_level":3}