{"gold_per_floor":[119,119,129,144,144,144,177,177,177,207,207,219,65,95,95,195,195,206,161,174,191,191],"floor_reached":22,"playtime":1335,"items_purged":[],"score":280,"play_id":"3ad823ed-143a-4651-aec5-841063e9c72c","local_time":"20190228175900","is_ascension_mode":true,"campfire_choices":[{"data":"Barricade","floor":6,"key":"SMITH"},{"data":"Whirlwind","floor":11,"key":"SMITH"},{"floor":15,"key":"REST"}],"neow_cost":"NONE","seed_source_timestamp":19876794340974,"circlet_count":0,"master_deck":["Strike_R","Strike_R","Strike_R","Strike_R","Strike_R","Defend_R","Defend_R","Defend_R","Defend_R","Bash","Sword Boomerang","Barricade+1","Whirlwind+1","Body Slam","Ghostly Armor","Entrench","Enlightenment","Iron Wave","Feed","Entrench","Reaper","Body Slam","Headbutt"],"relics":["Burning Blood","Matryoshka","Dodecahedron","Meat on the Bone","Happy Flower","Singing Bowl","Strawberry","Smiling Mask","Orrery"],"potions_floor_usage":[3,7,7,10,16,16],"damage_taken":[{"damage":0,"enemies":"Small Slimes","floor":1,"turns":3},{"damage":9,"enemies":"Jaw Worm","floor":3,"turns":4},{"damage":1,"enemies":"Cultist","floor":4,"turns":4},{"damage":15,"enemies":"Lagavulin","floor":7,"turns":5},{"damage":30,"enemies":"Gremlin Nob","floor":10,"turns":5},{"damage":0,"enemies":"Lots of Slimes","floor":12,"turns":1},{"damage":30,"enemies":"3 Sentries","floor":14,"turns":5},{"damage":43,"enemies":"The Guardian","floor":16,"turns":19},{"damage":70,"enemies":"Shell Parasite","floor":18,"turns":14},{"damage":0,"enemies":"3 Byrds","floor":20,"turns":5},{"damage":36,"enemies":"Centurion and Healer","floor":21,"turns":8},{"damage":76,"enemies":"Cultist and Chosen","floor":22,"turns":10}],"seed_played":"579003745251614083","potions_obtained":[{"floor":0,"key":"Strength Potion"},{"floor":0,"key":"SpeedPotion"},{"floor":0,"key":"Weak Potion"},{"floor":7,"key":"EssenceOfSteel"},{"floor":10,"key":"Fruit Juice"},{"floor":12,"key":"GamblersBrew"},{"floor":21,"key":"BloodPotion"}],"is_trial":false,"path_per_floor":["M","?","M","M","?","R","E","T","T","E","R","M","$","E","R","B",null,"M","$","M","M","M"],"character_chosen":"IRONCLAD","items_purchased":["Entrench","Enlightenment","Headbutt"],"campfire_rested":1,"item_purchase_floors":[13,13,19],"current_hp_per_floor":[80,80,77,80,80,80,71,71,71,54,54,60,60,48,74,54,87,41,41,67,59,0],"gold":191,"neow_bonus":"THREE_SMALL_POTIONS","is_prod":false,"is_daily":false,"chose_seed":false,"campfire_upgraded":2,"win_rate":0,"timestamp":1551398340,"path_taken":["M","?","M","M","?","R","E","?","T","E","R","M","$","E","R","BOSS","M","$","?","?","?"],"build_version":"2019-01-23","purchased_purges":0,"victory":false,"max_hp_per_floor":[80,80,80,80,80,80,80,80,80,87,87,87,87,87,87,92,96,98,98,100,102,102],"card_choices":[{"not_picked":["Burning Pact","Havoc","Rage"],"picked":"SKIP","floor":1},{"not_picked":["Inflame","True Grit"],"picked":"Sword Boomerang","floor":3},{"not_picked":["Shrug It Off","Twin Strike"],"picked":"Barricade","floor":4},{"not_picked":["Clothesline","Searing Blow"],"picked":"Whirlwind","floor":7},{"not_picked":["Carnage","True Grit"],"picked":"Body Slam","floor":10},{"not_picked":["Sword Boomerang","True Grit"],"picked":"Ghostly Armor","floor":12},{"not_picked":["Clash","Intimidate"],"picked":"Iron Wave","floor":14},{"not_picked":["Brutality","Offering"],"picked":"Feed","floor":16},{"not_picked":["Twin Strike","Pummel"],"picked":"Entrench","floor":17},{"not_picked":["Rage","Blood for Blood"],"picked":"Reaper","floor":17},{"not_picked":["Battle Trance","Armaments"],"picked":"Body Slam","floor":17},{"not_picked":["Rupture","True Grit","Body Slam"],"picked":"Singing Bowl","floor":17},{"not_picked":["Twin Strike","Power Through","Cleave"],"picked":"Singing Bowl","floor":17},{"not_picked":["Twin Strike","Anger","Pommel Strike"],"picked":"Singing Bowl","floor":18},{"not_picked":["Anger","Uppercut","Cleave"],"picked":"Singing Bowl","floor":20},{"not_picked":["Evolve+1","Burning Pact","Shrug It Off"],"picked":"Singing Bowl","floor":21}],"player_experience":479331,"relics_obtained":[{"floor":7,"key":"Matryoshka"},{"floor":8,"key":"Dodecahedron"},{"floor":8,"key":"Meat on the Bone"},{"floor":9,"key":"Happy Flower"},{"floor":9,"key":"Singing Bowl"},{"floor":10,"key":"Strawberry"},{"floor":14,"key":"Smiling Mask"}],"event_choices":[{"damage_healed":0,"gold_gain":0,"player_choice":"Ignored","damage_taken":0,"max_hp_gain":0,"max_hp_loss":0,"event_name":"Liars Game","floor":2,"gold_loss":0},{"damage_healed":0,"gold_gain":0,"player_choice":"Ignored","damage_taken":0,"max_hp_gain":0,"max_hp_loss":0,"event_name":"Golden Wing","floor":5,"gold_loss":0}],"is_beta":false,"boss_relics":[{"not_picked":["Empty Cage","Fusion Hammer"],"picked":"Orrery"}],"items_purged_floors":[],"is_endless":false,"potions_floor_spawned":[7,10,12,21],"killed_by":"Cultist and Chosen","ascension_level":5}