{"gold_per_floor":[219,219,219,237,252,252,44,44,125,125,151,176,216,239,239,359,359,383,4,27,27,27,27,27],"floor_reached":24,"playtime":780,"items_purged":["Strike_R","Strike_R"],"score":262,"play_id":"57e03bc2-9a75-447e-a1f8-629c941f7865","local_time":"20190304130429","is_ascension_mode":true,"campfire_choices":[{"data":"Cleave","floor":6,"key":"SMITH"},{"data":"Forethought","floor":8,"key":"SMITH"},{"floor":15,"key":"REST"},{"floor":23,"key":"REST"}],"neow_cost":"NONE","seed_source_timestamp":11764115484589,"circlet_count":0,"master_deck":["Strike_R","Strike_R","Strike_R","Defend_R","Defend_R","Defend_R","Defend_R","Bash","Infernal Blade+1","Cleave+1","Shrug It Off","Forethought+1","Dropkick","Shrug It Off","Headbutt","Seeing Red","Demon Form","Heavy Blade","Shrug It Off+1"],"relics":["Burning Blood","Paper Frog","Bloody Idol","Strawberry","Mummified Hand","Runic Pyramid","Regal Pillow"],"potions_floor_usage":[13,13,20,22],"damage_taken":[{"damage":7,"enemies":"Jaw Worm","floor":1,"turns":5},{"damage":21,"enemies":"Small Slimes","floor":4,"turns":3},{"damage":1,"enemies":"Cultist","floor":5,"turns":3},{"damage":6,"enemies":"Looter","floor":12,"turns":3},{"damage":10,"enemies":"3 Sentries","floor":13,"turns":4},{"damage":5,"enemies":"Blue Slaver","floor":14,"turns":3},{"damage":26,"enemies":"Slime Boss","floor":16,"turns":9},{"damage":26,"enemies":"2 Thieves","floor":18,"turns":4},{"damage":26,"enemies":"3 Byrds","floor":20,"turns":6},{"damage":35,"enemies":"Colosseum Slavers","floor":22,"turns":5},{"damage":70,"enemies":"Gremlin Leader","floor":24,"turns":4}],"seed_played":"-2183072738609530923","potions_obtained":[{"floor":4,"key":"SteroidPotion"},{"floor":5,"key":"Ancient Potion"},{"floor":16,"key":"SpeedPotion"}],"is_trial":false,"path_per_floor":["M","?","?","M","M","R","$","R","T","?","T","M","E","M","R","B",null,"M","$","M","?","?","R","E"],"character_chosen":"IRONCLAD","items_purchased":["Forethought","Dropkick","Regal Pillow","Regen Potion","Energy Potion"],"campfire_rested":2,"item_purchase_floors":[7,7,19,19,19],"current_hp_per_floor":[71,76,76,61,66,66,66,66,66,45,52,52,48,49,76,56,83,63,63,43,43,28,70,0],"gold":27,"neow_bonus":"HUNDRED_GOLD","is_prod":false,"is_daily":false,"chose_seed":false,"campfire_upgraded":2,"win_rate":0,"timestamp":1551726269,"path_taken":["M","?","?","?","M","R","$","R","T","?","?","M","E","M","R","BOSS","M","$","M","?","?","R","E"],"build_version":"2019-01-23","purchased_purges":2,"victory":false,"max_hp_per_floor":[80,85,85,85,85,85,85,85,85,85,92,92,92,92,92,92,92,92,92,92,92,92,92,92],"card_choices":[{"not_picked":["Iron Wave","Clothesline"],"picked":"Infernal Blade","floor":1},{"not_picked":["Pummel","Flame Barrier"],"picked":"Cleave","floor":4},{"not_picked":["Carnage","Cleave"],"picked":"Shrug It Off","floor":5},{"not_picked":["Wild Strike","Blood for Blood"],"picked":"Shrug It Off","floor":12},{"not_picked":["Sword Boomerang","Shrug It Off"],"picked":"Headbutt","floor":13},{"not_picked":["Iron Wave","Armaments"],"picked":"Seeing Red","floor":14},{"not_picked":["Bludgeon","Berserk"],"picked":"Demon Form","floor":16},{"not_picked":["Dropkick+1","Seeing Red"],"picked":"Heavy Blade","floor":18},{"not_picked":["Sever Soul","Clash+1"],"picked":"Shrug It Off+1","floor":20}],"player_experience":509746,"relics_obtained":[{"floor":9,"key":"Paper Frog"},{"floor":11,"key":"Strawberry"},{"floor":13,"key":"Mummified Hand"}],"event_choices":[{"damage_healed":0,"gold_gain":0,"player_choice":"Donut","damage_taken":0,"max_hp_gain":5,"max_hp_loss":0,"event_name":"Big Fish","floor":2,"gold_loss":0},{"damage_healed":0,"gold_gain":0,"player_choice":"Upgraded","damage_taken":0,"max_hp_gain":0,"max_hp_loss":0,"event_name":"Upgrade Shrine","floor":3,"gold_loss":0,"cards_upgraded":["Infernal Blade"]},{"damage_healed":0,"gold_gain":0,"player_choice":"Take Damage","damage_taken":21,"relics_obtained":["Golden Idol"],"max_hp_gain":0,"max_hp_loss":0,"event_name":"Golden Idol","floor":10,"gold_loss":0},{"damage_healed":0,"gold_gain":0,"player_choice":"Gave Idol","damage_taken":0,"relics_obtained":["Bloody Idol"],"max_hp_gain":0,"max_hp_loss":0,"event_name":"Forgotten Altar","floor":21,"relics_lost":["Golden Idol"],"gold_loss":0},{"damage_healed":0,"gold_gain":0,"player_choice":"Fight","damage_taken":0,"max_hp_gain":0,"max_hp_loss":0,"event_name":"Colosseum","floor":22,"gold_loss":0},{"damage_healed":0,"gold_gain":0,"player_choice":"Fled From Nobs","damage_taken":0,"max_hp_gain":0,"max_hp_loss":0,"event_name":"Colosseum","floor":22,"gold_loss":0}],"is_beta":false,"boss_relics":[{"not_picked":["Snecko Eye","Tiny House"],"picked":"Runic Pyramid"}],"items_purged_floors":[7,19],"is_endless":false,"potions_floor_spawned":[4,5,16],"killed_by":"Gremlin Leader","ascension_level":7}