{"gold_per_floor":[115,133,8,22,22,50,50,66,66,81,95,127,127,127,127,127],"floor_reached":16,"playtime":757,"items_purged":[],"score":151,"play_id":"39dd291a-edf4-4684-852b-0b8fdd63b917","local_time":"20190304190513","is_ascension_mode":true,"campfire_choices":[{"floor":7,"key":"REST"},{"floor":13,"key":"REST"},{"floor":15,"key":"REST"}],"neow_cost":"NONE","seed_source_timestamp":33441512043723,"circlet_count":0,"master_deck":["Strike_R","Strike_R","Strike_R","Strike_R","Strike_R","Defend_R","Defend_R","Defend_R","Defend_R","Bash","Wild Strike","Juggernaut","Sword Boomerang","True Grit","Exhume+1","Shrug It Off+1","Headbutt","Entrench+1"],"relics":["Burning Blood","Toxic Egg 2","Blue Candle","Shuriken","Bottled Lightning","NlothsMask"],"potions_floor_usage":[6,16,16],"damage_taken":[{"damage":1,"enemies":"Cultist","floor":1,"turns":4},{"damage":11,"enemies":"Jaw Worm","floor":2,"turns":4},{"damage":0,"enemies":"2 Louse","floor":4,"turns":2},{"damage":23,"enemies":"Lagavulin","floor":6,"turns":6},{"damage":20,"enemies":"Exordium Thugs","floor":8,"turns":5},{"damage":17,"enemies":"3 Louse","floor":10,"turns":4},{"damage":11,"enemies":"Blue Slaver","floor":11,"turns":4},{"damage":41,"enemies":"3 Sentries","floor":12,"turns":11},{"damage":69,"enemies":"The Guardian","floor":16,"turns":9}],"seed_played":"7032201630218872719","potions_obtained":[{"floor":4,"key":"PowerPotion"},{"floor":11,"key":"SteroidPotion"},{"floor":12,"key":"Energy Potion"}],"is_trial":false,"path_per_floor":["M","M","$","M","?","E","R","M","T","M","M","E","R","?","R","B"],"character_chosen":"IRONCLAD","items_purchased":["Juggernaut","Sword Boomerang"],"campfire_rested":3,"item_purchase_floors":[3,3],"current_hp_per_floor":[85,80,80,86,68,51,77,63,63,52,47,12,38,38,64,0],"gold":127,"neow_bonus":"TEN_PERCENT_HP_BONUS","is_prod":false,"is_daily":false,"chose_seed":false,"campfire_upgraded":0,"win_rate":0,"timestamp":1551747913,"path_taken":["M","M","?","M","?","E","R","M","T","M","M","E","R","?","R","BOSS"],"build_version":"2019-01-23","purchased_purges":0,"victory":false,"max_hp_per_floor":[88,88,88,88,88,88,88,88,88,88,88,88,88,88,88,88],"card_choices":[{"not_picked":["Intimidate","Anger"],"picked":"Wild Strike","floor":1},{"not_picked":["Rupture","Thunderclap","Evolve"],"picked":"SKIP","floor":2},{"not_picked":["Flex","Combust"],"picked":"True Grit","floor":4},{"not_picked":["Sword Boomerang","Clothesline"],"picked":"Exhume+1","floor":6},{"not_picked":["Sword Boomerang","Pommel Strike"],"picked":"Shrug It Off+1","floor":8},{"not_picked":["Armaments+1","Flex+1"],"picked":"Headbutt","floor":10},{"not_picked":["Body Slam","Power Through+1"],"picked":"Entrench+1","floor":11},{"not_picked":["Reckless Charge","Anger","Clothesline"],"picked":"SKIP","floor":12}],"player_experience":527573,"relics_obtained":[{"floor":6,"key":"Blue Candle"},{"floor":9,"key":"Shuriken"},{"floor":12,"key":"Bottled Lightning"}],"event_choices":[{"damage_healed":0,"gold_gain":0,"player_choice":"Success","damage_taken":18,"relics_obtained":["Toxic Egg 2"],"max_hp_gain":0,"max_hp_loss":0,"event_name":"Scrap Ooze","floor":5,"gold_loss":0},{"damage_healed":0,"gold_gain":0,"player_choice":"Trade","damage_taken":0,"relics_obtained":["NlothsMask"],"max_hp_gain":0,"max_hp_loss":0,"event_name":"FaceTrader","floor":14,"gold_loss":0}],"is_beta":false,"boss_relics":[],"items_purged_floors":[],"is_endless":false,"potions_floor_spawned":[4,11,12],"killed_by":"The Guardian","ascension_level":7}