{"gold_per_floor":[113,132,3,16,31,106,125,137,137,151,151,151,163,163,163,258,258,273,273,284,297,297,297,313,412,412,412,432,432,239,239,239,335,335,345,232,232,247,247,247,247,247,247,267,267,280,290,307,307,307],"floor_reached":50,"playtime":1873,"items_purged":["Normality"],"score":509,"play_id":"ff34558e-0761-4194-bfb4-d99b8dc578f8","local_time":"20190217175842","is_ascension_mode":true,"campfire_choices":[{"data":"Shrug It Off","floor":12,"key":"SMITH"},{"data":"Body Slam","floor":15,"key":"SMITH"},{"floor":23,"key":"REST"},{"floor":27,"key":"REST"},{"floor":29,"key":"REST"},{"data":"Body Slam","floor":32,"key":"SMITH"},{"floor":40,"key":"REST"},{"floor":42,"key":"RECALL"},{"floor":45,"key":"REST"},{"floor":49,"key":"REST"}],"neow_cost":"CURSE","seed_source_timestamp":23259644068796,"circlet_count":0,"master_deck":["Strike_R+1","Strike_R+1","Strike_R+1","Strike_R+1","Strike_R+1","Defend_R+1","Defend_R+1","Defend_R+1","Defend_R+1","Bash+1","Perfected Strike+1","Cleave+1","Shrug It Off+1","Metallicize+1","Perfected Strike+1","Iron Wave+1","Body Slam+1","Iron Wave+1","Body Slam+1","Pommel Strike+1","Armaments+1","Infernal Blade+1","Demon Form+1","Flex+1","Heavy Blade+1","Sword Boomerang+1","Flame Barrier"],"relics":["Burning Blood","Magic Flower","Juzu Bracelet","Sozu","Blue Candle","Brimstone","Lizard Tail","Vajra","Mark of the Bloom","Self Forming Clay"],"potions_floor_usage":[10,10,16,16],"damage_taken":[{"damage":1,"enemies":"Cultist","floor":1,"turns":4},{"damage":8,"enemies":"Jaw Worm","floor":2,"turns":4},{"damage":5,"enemies":"Small Slimes","floor":4,"turns":3},{"damage":4,"enemies":"2 Fungi Beasts","floor":5,"turns":5},{"damage":9,"enemies":"3 Louse","floor":7,"turns":3},{"damage":0,"enemies":"Looter","floor":8,"turns":4},{"damage":3,"enemies":"Large Slime","floor":10,"turns":4},{"damage":9,"enemies":"Red Slaver","floor":13,"turns":3},{"damage":79,"enemies":"Hexaghost","floor":16,"turns":16},{"damage":25,"enemies":"Spheric Guardian","floor":18,"turns":6},{"damage":16,"enemies":"3 Byrds","floor":20,"turns":6},{"damage":44,"enemies":"Shelled Parasite and Fungi","floor":21,"turns":8},{"damage":6,"enemies":"Centurion and Healer","floor":24,"turns":7},{"damage":20,"enemies":"Cultist and Chosen","floor":28,"turns":6},{"damage":65,"enemies":"Champ","floor":33,"turns":8},{"damage":2,"enemies":"Orb Walker","floor":35,"turns":3},{"damage":37,"enemies":"3 Darklings","floor":38,"turns":5},{"damage":2,"enemies":"Transient","floor":44,"turns":5},{"damage":23,"enemies":"Sphere and 2 Shapes","floor":46,"turns":3},{"damage":0,"enemies":"4 Shapes","floor":47,"turns":3},{"damage":7,"enemies":"Spire Growth","floor":48,"turns":4},{"damage":29,"enemies":"Awakened One","floor":50,"turns":3}],"seed_played":"6553014072493075626","potions_obtained":[{"floor":5,"key":"SteroidPotion"},{"floor":8,"key":"SteroidPotion"},{"floor":10,"key":"GamblersBrew"},{"floor":13,"key":"Explosive Potion"}],"is_trial":false,"path_per_floor":["M","M","$","M","M","?","M","M","T","M","?","R","M","?","R","B",null,"M","?","M","M","?","R","M","?","T","R","M","R","$","?","R","B",null,"M","?","?","M","?","R","?","R","T","M","R","M","M","M","R","B"],"character_chosen":"IRONCLAD","items_purchased":["Shrug It Off","Brimstone"],"campfire_rested":6,"item_purchase_floors":[3,30],"current_hp_per_floor":[80,80,80,80,80,69,69,78,78,80,85,85,85,85,85,15,85,69,53,46,11,11,38,41,41,41,68,57,84,84,84,84,28,90,90,90,85,57,57,57,57,57,57,55,55,32,32,25,25,0],"gold":307,"neow_bonus":"ONE_RARE_RELIC","is_prod":false,"is_daily":false,"chose_seed":false,"campfire_upgraded":3,"win_rate":0,"timestamp":1550447922,"path_taken":["M","M","$","M","M","?","M","M","T","M","?","R","M","?","R","BOSS","M","?","M","M","?","R","M","?","T","R","M","R","$","?","R","BOSS","M","?","?","M","?","R","?","R","T","M","R","M","M","M","R","BOSS"],"build_version":"2019-01-23","purchased_purges":1,"victory":false,"max_hp_per_floor":[80,80,80,80,80,80,80,80,80,80,85,85,85,85,85,85,85,85,90,90,90,90,90,90,90,90,90,90,90,90,90,90,90,90,90,90,85,85,85,85,85,85,85,85,85,85,85,85,85,85],"card_choices":[{"not_picked":["Havoc","Burning Pact"],"picked":"Perfected Strike","floor":1},{"not_picked":["Heavy Blade","Havoc"],"picked":"Cleave","floor":2},{"not_picked":["Body Slam","Rage"],"picked":"Metallicize","floor":4},{"not_picked":["Offering","Wild Strike"],"picked":"Perfected Strike","floor":5},{"not_picked":["Clash","Twin Strike"],"picked":"Iron Wave","floor":7},{"not_picked":["Cleave","Clothesline"],"picked":"Body Slam","floor":8},{"not_picked":["Armaments","Headbutt"],"picked":"Iron Wave","floor":10},{"not_picked":["Anger","Twin Strike"],"picked":"Body Slam","floor":13},{"not_picked":["True Grit","Shrug It Off","Flex"],"picked":"SKIP","floor":18},{"not_picked":["Reaper","Flex"],"picked":"Pommel Strike","floor":20},{"not_picked":["Body Slam","Sword Boomerang"],"picked":"Armaments+1","floor":21},{"not_picked":["Bludgeon","Feel No Pain+1"],"picked":"Infernal Blade","floor":24},{"not_picked":["Headbutt","Warcry","Clash"],"picked":"SKIP","floor":28},{"not_picked":["Exhume","Berserk"],"picked":"Demon Form","floor":33},{"not_picked":["Sword Boomerang","Headbutt"],"picked":"Flex","floor":35},{"not_picked":["True Grit+1","Hemokinesis"],"picked":"Heavy Blade","floor":38},{"not_picked":["Spot Weakness","Uppercut+1"],"picked":"Sword Boomerang+1","floor":44},{"not_picked":["Clash+1","Cleave","Immolate"],"picked":"SKIP","floor":46},{"not_picked":["Blood for Blood","Anger+1"],"picked":"Flame Barrier","floor":47},{"not_picked":["Headbutt+1","Clothesline","Pommel Strike"],"picked":"SKIP","floor":48}],"player_experience":189749,"relics_obtained":[{"floor":9,"key":"Juzu Bracelet"},{"floor":26,"key":"Blue Candle"},{"floor":43,"key":"Self Forming Clay"}],"event_choices":[{"damage_healed":0,"gold_gain":75,"player_choice":"Gather Gold","damage_taken":11,"max_hp_gain":0,"max_hp_loss":0,"event_name":"World of Goop","floor":6,"gold_loss":0},{"damage_healed":0,"gold_gain":0,"player_choice":"Donut","damage_taken":0,"max_hp_gain":5,"max_hp_loss":0,"event_name":"Big Fish","floor":11,"gold_loss":0},{"damage_healed":0,"gold_gain":0,"player_choice":"Grow","damage_taken":0,"max_hp_gain":0,"max_hp_loss":0,"event_name":"Living Wall","floor":14,"gold_loss":0,"cards_upgraded":["Iron Wave"]},{"damage_healed":0,"gold_gain":0,"player_choice":"Shed Blood","damage_taken":21,"max_hp_gain":5,"max_hp_loss":0,"event_name":"Forgotten Altar","floor":19,"gold_loss":0},{"damage_healed":0,"gold_gain":0,"player_choice":"Ignored","damage_taken":0,"max_hp_gain":0,"max_hp_loss":0,"event_name":"Vampires","floor":22,"gold_loss":0},{"damage_healed":0,"gold_gain":99,"player_choice":"Stole From Cult","damage_taken":0,"max_hp_gain":0,"max_hp_loss":0,"event_name":"Nest","floor":25,"gold_loss":0},{"damage_healed":0,"gold_gain":0,"player_choice":"Leave","damage_taken":0,"max_hp_gain":0,"max_hp_loss":0,"event_name":"FaceTrader","floor":31,"gold_loss":0},{"damage_healed":0,"gold_gain":0,"player_choice":"Paid Gold","damage_taken":0,"relics_obtained":["Vajra"],"max_hp_gain":0,"max_hp_loss":0,"event_name":"WeMeetAgain","floor":36,"gold_loss":113},{"damage_healed":0,"gold_gain":0,"player_choice":"Max HP","damage_taken":0,"max_hp_gain":0,"max_hp_loss":5,"event_name":"Winding Halls","floor":37,"gold_loss":0},{"damage_healed":0,"gold_gain":0,"player_choice":"Upgrade","damage_taken":0,"relics_obtained":["Mark of the Bloom"],"max_hp_gain":0,"max_hp_loss":0,"event_name":"MindBloom","floor":39,"gold_loss":0,"cards_upgraded":["Strike_R","Strike_R","Strike_R","Strike_R","Strike_R","Defend_R","Defend_R","Defend_R","Defend_R","Bash","Perfected Strike","Cleave","Metallicize","Perfected Strike","Iron Wave","Pommel Strike","Infernal Blade","Demon Form","Flex","Heavy Blade"]},{"damage_healed":0,"gold_gain":0,"player_choice":"Ignored","damage_taken":0,"max_hp_gain":0,"max_hp_loss":0,"event_name":"Mysterious Sphere","floor":41,"gold_loss":0}],"is_beta":false,"boss_relics":[{"not_picked":["Busted Crown","Snecko Eye"],"picked":"Sozu"},{"not_picked":["Velvet Choker","Calling Bell"],"picked":"Lizard Tail"}],"items_purged_floors":[3],"is_endless":false,"potions_floor_spawned":[5,8,10,13,20,21,24,38,47,48],"killed_by":"Awakened One","ascension_level":2}