{"gold_per_floor":[119,44,44,64,81,81,108,108,108,0,20,20,31,31,31,155,155,173,196,96,96,96,96,96,96,96,112,126,140,181,206,206,330,330,349,372,385,44,67,67,92,92,92,130,130,5,28,28,28,28,28,28,28,72,72],"floor_reached":56,"playtime":2011,"items_purged":["Strike_R","Strike_R","Strike_R"],"score":1224,"play_id":"256b5dff-2036-41e2-9ba0-4904cdbd941c","local_time":"20190103150153","is_ascension_mode":false,"campfire_choices":[{"data":"Searing Blow","floor":6.0,"key":"SMITH"},{"data":"Searing Blow+1","floor":8.0,"key":"SMITH"},{"data":"Searing Blow+2","floor":12.0,"key":"SMITH"},{"data":"Searing Blow+3","floor":15.0,"key":"SMITH"},{"data":"Searing Blow+4","floor":23.0,"key":"SMITH"},{"data":"Searing Blow+5","floor":25.0,"key":"SMITH"},{"data":"Searing Blow+6","floor":32.0,"key":"SMITH"},{"data":"Searing Blow+7","floor":40.0,"key":"SMITH"},{"data":"Searing Blow+8","floor":42,"key":"SMITH"},{"data":"Searing Blow+9","floor":45,"key":"SMITH"},{"floor":49,"key":"RECALL"},{"data":"Searing Blow+10","floor":52,"key":"SMITH"}],"neow_cost":"NONE","seed_source_timestamp":1218566714756023,"circlet_count":0,"master_deck":["Strike_R","Strike_R","Defend_R","Defend_R+1","Defend_R","Bash+1","Purity","Warcry","Searing Blow+11","Dual Wield","Battle Trance","Evolve","Offering","Searing Blow+7","Warcry+1"],"special_seed":0,"relics":["Burning Blood","Shuriken","Gremlin Horn","Golden Idol","Runic Dome","MutagenicStrength","Mango","Torii","Runic Cube","DollysMirror","Pen Nib","Self Forming Clay","Charon\u0027s Ashes","Sundial"],"potions_floor_usage":[41,55],"damage_taken":[{"damage":6.0,"enemies":"Cultist","floor":1.0,"turns":4.0},{"damage":1.0,"enemies":"2 Louse","floor":4.0,"turns":4.0},{"damage":3.0,"enemies":"Jaw Worm","floor":5.0,"turns":4.0},{"damage":44.0,"enemies":"Lagavulin","floor":7.0,"turns":6.0},{"damage":6.0,"enemies":"Exordium Wildlife","floor":11.0,"turns":5.0},{"damage":5.0,"enemies":"Looter","floor":13.0,"turns":2.0},{"damage":14.0,"enemies":"Slime Boss","floor":16.0,"turns":9.0},{"damage":12.0,"enemies":"2 Thieves","floor":18.0,"turns":4.0},{"damage":16.0,"enemies":"Spheric Guardian","floor":19.0,"turns":4.0},{"damage":0.0,"enemies":"Snake Plant","floor":27.0,"turns":1.0},{"damage":5.0,"enemies":"Centurion and Healer","floor":28.0,"turns":3.0},{"damage":10.0,"enemies":"Cultist and Chosen","floor":29.0,"turns":3.0},{"damage":2.0,"enemies":"Slavers","floor":30.0,"turns":3.0},{"damage":0.0,"enemies":"Snecko","floor":31.0,"turns":3.0},{"damage":26.0,"enemies":"Automaton","floor":33.0,"turns":6.0},{"damage":17.0,"enemies":"3 Darklings","floor":35.0,"turns":3.0},{"damage":6.0,"enemies":"Orb Walker","floor":36.0,"turns":1.0},{"damage":6.0,"enemies":"4 Shapes","floor":37.0,"turns":3.0},{"damage":6.0,"enemies":"3 Darklings","floor":39.0,"turns":2.0},{"damage":0,"enemies":"Transient","floor":41,"turns":5},{"damage":13,"enemies":"Nemesis","floor":44,"turns":3},{"damage":7,"enemies":"Maw","floor":47,"turns":3},{"damage":51,"enemies":"Time Eater","floor":50,"turns":4},{"damage":6,"enemies":"Shield and Spear","floor":54,"turns":1},{"damage":88,"enemies":"The Heart","floor":55,"turns":6}],"seed_played":"4429062526522166612","potions_obtained":[{"floor":1.0,"key":"FairyPotion"},{"floor":11.0,"key":"PowerPotion"},{"floor":13.0,"key":"PowerPotion"},{"floor":16.0,"key":"Poison Potion"},{"floor":27.0,"key":"SteroidPotion"},{"floor":41,"key":"SmokeBomb"}],"is_trial":false,"path_per_floor":["M","$","?","M","M","R","E","R","T","$","M","R","M","?","R","B",null,"M","M","$","?","?","R","?","R","T","M","M","M","E","M","R","B",null,"M","M","M","$","M","R","M","R","T","E","R","$","M","T","R","B",null,"R","$","E","B",null],"character_chosen":"IRONCLAD","items_purchased":["Battle Trance","Evolve","DollysMirror","Pen Nib"],"campfire_rested":0,"item_purchase_floors":[10,10,38,38],"current_hp_per_floor":[80,80,64,69,72,72,34,34,34,34,34,34,35,35,35,27,74,68,58,58,74,74,74,74,74,88,88,88,84,88,88,88,68,88,77,77,77,77,77,77,83,83,83,76,76,76,75,75,75,30,88,88,88,88,14],"gold":72,"neow_bonus":"RANDOM_COLORLESS","is_prod":false,"is_daily":false,"chose_seed":false,"campfire_upgraded":11,"win_rate":0,"timestamp":1546545713,"path_taken":["M","?","?","M","M","R","E","R","T","$","M","R","M","?","R","BOSS","M","M","$","?","?","R","?","R","T","M","M","?","E","M","R","BOSS","M","M","M","$","M","R","M","R","T","E","R","$","M","?","R","BOSS","R","$","E","BOSS"],"build_version":"2019-01-02","purchased_purges":3,"victory":true,"max_hp_per_floor":[80,80,80,80,80,80,80,80,80,80,80,80,80,74,74,74,74,74,74,74,74,74,74,74,74,88,88,88,88,88,88,88,88,88,88,88,88,88,88,88,88,88,88,88,88,88,88,88,88,88,88,88,88,88,88],"card_choices":[{"not_picked":["Flex","Armaments","Heavy Blade"],"picked":"SKIP","floor":1.0},{"not_picked":["Feel No Pain","Flex"],"picked":"Warcry","floor":4.0},{"not_picked":["Sever Soul","Rage"],"picked":"Searing Blow","floor":5.0},{"not_picked":["Bloodletting","Perfected Strike"],"picked":"Dual Wield","floor":7.0},{"not_picked":["Shockwave","Clothesline","Infernal Blade"],"picked":"SKIP","floor":11.0},{"not_picked":["Body Slam","True Grit","Thunderclap"],"picked":"SKIP","floor":13.0},{"not_picked":["Power Through","Pommel Strike","Iron Wave"],"picked":"SKIP","floor":18.0},{"not_picked":["Sentinel","Body Slam+1","Spot Weakness"],"picked":"SKIP","floor":19.0},{"not_picked":["Pommel Strike","Exhume","Metallicize"],"picked":"SKIP","floor":27.0},{"not_picked":["Thunderclap","Rage+1","Anger"],"picked":"SKIP","floor":28.0},{"not_picked":["Flame Barrier","Wild Strike+1","Perfected Strike"],"picked":"SKIP","floor":29.0},{"not_picked":["Perfected Strike","Uppercut","Sever Soul"],"picked":"SKIP","floor":30.0},{"not_picked":["Sword Boomerang","Warcry","Spot Weakness"],"picked":"SKIP","floor":31.0},{"not_picked":["Juggernaut","Fiend Fire"],"picked":"Offering","floor":33.0},{"not_picked":["Heavy Blade+1","Body Slam+1","True Grit"],"picked":"SKIP","floor":35.0},{"not_picked":["Reckless Charge","Seeing Red","Infernal Blade"],"picked":"SKIP","floor":36.0},{"not_picked":["Burning Pact","Iron Wave+1","Pommel Strike"],"picked":"SKIP","floor":37.0},{"not_picked":["Body Slam+1","Hemokinesis+1"],"picked":"Warcry+1","floor":39.0},{"not_picked":["Flex","Pommel Strike+1","Warcry"],"picked":"SKIP","floor":41},{"not_picked":["Havoc+1","Sword Boomerang","Carnage+1"],"picked":"SKIP","floor":44},{"not_picked":["Wild Strike","Body Slam+1","Armaments"],"picked":"SKIP","floor":47},{"not_picked":["Whirlwind+1","Exhume","Pommel Strike"],"picked":"SKIP","floor":54}],"player_experience":433174,"relics_obtained":[{"floor":7.0,"key":"Shuriken"},{"floor":9.0,"key":"Gremlin Horn"},{"floor":26.0,"key":"Mango"},{"floor":30.0,"key":"Torii"},{"floor":43,"key":"Self Forming Clay"},{"floor":44,"key":"Charon\u0027s Ashes"},{"floor":54,"key":"Sundial"}],"event_choices":[{"damage_healed":0.0,"max_hp_gain":0.0,"max_hp_loss":0.0,"gold_gain":0.0,"event_name":"Shining Light","player_choice":"Entered Light","floor":3.0,"gold_loss":0.0,"damage_taken":16.0,"cards_upgraded":["Defend_R","Bash"]},{"damage_healed":0.0,"max_hp_gain":0.0,"max_hp_loss":6.0,"gold_gain":0.0,"event_name":"Golden Idol","player_choice":"Lose Max HP","floor":14.0,"gold_loss":0.0,"damage_taken":0.0,"relics_obtained":["Golden Idol"]},{"damage_healed":24.0,"max_hp_gain":0.0,"max_hp_loss":0.0,"gold_gain":0.0,"event_name":"The Library","player_choice":"Heal","floor":21.0,"gold_loss":0.0,"damage_taken":0.0},{"damage_healed":0.0,"max_hp_gain":0.0,"max_hp_loss":0.0,"gold_gain":0.0,"event_name":"Drug Dealer","player_choice":"Inject Mutagens","floor":22.0,"gold_loss":0.0,"damage_taken":0.0,"relics_obtained":["MutagenicStrength"]},{"cards_removed":["Defend_R"],"damage_healed":0.0,"max_hp_gain":0.0,"max_hp_loss":0.0,"gold_gain":0.0,"event_name":"Back to Basics","player_choice":"Elegance","floor":24.0,"gold_loss":0.0,"damage_taken":0.0}],"is_beta":true,"boss_relics":[{"not_picked":["Lizard Tail","Orrery"],"picked":"Runic Dome"},{"not_picked":["Tiny House","Cursed Key"],"picked":"Runic Cube"}],"items_purged_floors":[2,20,46],"is_endless":false,"potions_floor_spawned":[1,11,13,16,18,27,28,33,35,37,41],"ascension_level":0}