{"gold_per_floor":[111,124,124,136,136,170,170,170,247,247,266,284,284,310,310,415,415,428,353,453,453,499,499,534,534,534,545,545,565,565,365,365,463,463,473,483,206,206,219,219],"floor_reached":40,"playtime":1574,"items_purged":["Strike_R+1","Strike_R+1"],"score":571,"play_id":"4b332623-eafe-4840-99b4-45e535ba1f7b","local_time":"20180804022010","is_ascension_mode":true,"campfire_choices":[{"data":"Demon Form","floor":8,"key":"SMITH"},{"data":"Shrug It Off","floor":10,"key":"SMITH"},{"data":"Cleave","floor":13,"key":"SMITH"},{"data":"Shockwave","floor":15,"key":"SMITH"},{"data":"Fire Breathing","floor":23,"key":"SMITH"},{"data":"Heavy Blade","floor":25,"key":"SMITH"},{"data":"Bash","floor":28,"key":"SMITH"},{"floor":30,"key":"REST"},{"data":"Metallicize","floor":32,"key":"SMITH"}],"neow_cost":"NONE","seed_source_timestamp":193467665511033,"circlet_count":0,"master_deck":["Defend_R+1","Defend_R+1","Defend_R+1","Defend_R+1","Bash+1","Body Slam+1","Shockwave+1","Shrug It Off+1","Demon Form+1","Cleave+1","Fire Breathing+1","Heavy Blade+1","Metallicize+1","Shrug It Off","Barricade","Shrug It Off","Shrug It Off+1"],"relics":["Burning Blood","Blue Candle","Pantograph","Pear","Turnip","Empty Cage","Art of War","Vajra","Unceasing Top","Cursed Key","Blood Vial","Calipers"],"potions_floor_usage":[14,14,16,36,38,39,39],"damage_taken":[{"damage":0,"enemies":"Small Slimes","floor":1,"turns":3},{"damage":13,"enemies":"Jaw Worm","floor":2,"turns":4},{"damage":7,"enemies":"2 Louse","floor":4,"turns":4},{"damage":15,"enemies":"Lagavulin","floor":6,"turns":5},{"damage":22,"enemies":"Exordium Thugs","floor":11,"turns":5},{"damage":9,"enemies":"Blue Slaver","floor":12,"turns":4},{"damage":8,"enemies":"Gremlin Nob","floor":14,"turns":4},{"damage":17,"enemies":"The Guardian","floor":16,"turns":9},{"damage":1,"enemies":"Chosen","floor":18,"turns":6},{"damage":55,"enemies":"Book of Stabbing","floor":24,"turns":7},{"damage":8,"enemies":"2 Thieves","floor":27,"turns":3},{"damage":15,"enemies":"Chosen and Byrds","floor":29,"turns":6},{"damage":34,"enemies":"Automaton","floor":33,"turns":9},{"damage":28,"enemies":"Flame Bruiser 1 Orb","floor":35,"turns":6},{"damage":23,"enemies":"3 Darklings","floor":36,"turns":4},{"damage":2,"floor":38,"turns":5},{"damage":8,"enemies":"Spire Growth","floor":39,"turns":7},{"damage":88,"enemies":"2 Orb Walkers","floor":40,"turns":6}],"seed_played":"-7024265899544421793","potions_obtained":[{"floor":11,"key":"Regen Potion"},{"floor":12,"key":"SteroidPotion"},{"floor":14,"key":"Energy Potion"},{"floor":18,"key":"Ancient Potion"},{"floor":29,"key":"Strength Potion"},{"floor":35,"key":"Energy Potion"},{"floor":36,"key":"Ancient Potion"}],"is_trial":false,"path_per_floor":["M","M","?","M","?","E","T","R","T","R","M","M","R","E","R","B",null,"M","?","?","?","T","R","E","R","T","M","R","M","R","$","R","B",null,"M","M","$","?","M"],"character_chosen":"IRONCLAD","items_purchased":["Metallicize","Shrug It Off","Blood Vial","Shrug It Off"],"campfire_rested":1,"item_purchase_floors":[31,31,37,37],"current_hp_per_floor":[80,73,73,72,72,63,63,63,73,73,57,54,54,64,64,78,87,90,90,90,90,90,90,41,41,41,39,39,30,57,57,57,54,81,59,42,42,73,73,0],"gold":219,"neow_bonus":"THREE_CARDS","is_prod":false,"is_daily":false,"chose_seed":false,"campfire_upgraded":8,"win_rate":0,"timestamp":1533342010,"path_taken":["M","M","?","M","?","E","?","R","T","R","M","M","R","E","R","BOSS","M","?","?","?","?","R","E","R","T","M","R","M","R","$","R","BOSS","M","M","$","?","M","E"],"build_version":"2018-08-02","purchased_purges":2,"victory":false,"max_hp_per_floor":[80,80,80,80,80,80,80,80,90,90,90,90,90,90,90,90,90,90,90,90,90,90,90,90,90,90,90,90,90,90,90,90,90,90,90,90,90,90,90,90],"card_choices":[{"not_picked":["Fire Breathing","Cleave"],"picked":"Body Slam","floor":0},{"not_picked":["Anger","Thunderclap"],"picked":"Shockwave","floor":1},{"not_picked":["Ghostly Armor","Perfected Strike"],"picked":"Shrug It Off","floor":2},{"not_picked":["Thunderclap","Dual Wield"],"picked":"Demon Form","floor":4},{"not_picked":["Disarm","Armaments"],"picked":"Cleave","floor":6},{"not_picked":["Dual Wield","Anger","Infernal Blade"],"picked":"SKIP","floor":11},{"not_picked":["Armaments","Disarm"],"picked":"Fire Breathing","floor":12},{"not_picked":["Thunderclap","Wild Strike","Second Wind"],"picked":"SKIP","floor":14},{"not_picked":["Inflame","Perfected Strike","Rage"],"picked":"SKIP","floor":18},{"not_picked":["Clothesline","Juggernaut"],"picked":"Heavy Blade","floor":24},{"not_picked":["Armaments","Perfected Strike","Carnage+1"],"picked":"SKIP","floor":27},{"not_picked":["Armaments","Perfected Strike","Carnage+1"],"picked":"SKIP","floor":27},{"not_picked":["Blood for Blood","Armaments","Pommel Strike"],"picked":"SKIP","floor":29},{"not_picked":["Double Tap","Fiend Fire"],"picked":"Barricade","floor":33},{"not_picked":["Twin Strike","Pommel Strike+1","Clash"],"picked":"SKIP","floor":35},{"not_picked":["Perfected Strike+1","Wild Strike","Sword Boomerang"],"picked":"SKIP","floor":36},{"not_picked":["Warcry+1","Spot Weakness"],"picked":"Shrug It Off+1","floor":39}],"player_experience":494563,"relics_obtained":[{"floor":6,"key":"Blue Candle"},{"floor":7,"key":"Pantograph"},{"floor":9,"key":"Pear"},{"floor":14,"key":"Turnip"},{"floor":22,"key":"Art of War"},{"floor":24,"key":"Vajra"},{"floor":26,"key":"Unceasing Top"},{"floor":38,"key":"Calipers"}],"event_choices":[{"event_name":"Living Wall","player_choice":"Grow","floor":3,"damage_taken":0},{"event_name":"Liars Game","player_choice":"disagreed","floor":5,"damage_taken":0},{"event_name":"Beggar","player_choice":"Gave Gold","floor":19,"damage_taken":0},{"event_name":"Golden Shrine","player_choice":"Pray","floor":20,"damage_taken":0},{"event_name":"Back to Basics","player_choice":"Simplicity","floor":21,"damage_taken":0},{"event_name":"MindBloom","player_choice":"Fight","floor":38,"damage_taken":0}],"is_beta":false,"boss_relics":[{"not_picked":["Calling Bell","Eternal Feather"],"picked":"Empty Cage"},{"not_picked":["Black Star","Runic Pyramid"],"picked":"Cursed Key"}],"items_purged_floors":[31,37],"is_endless":false,"potions_floor_spawned":[11,12,14,18,29,35,36],"killed_by":"2 Orb Walkers","ascension_level":5}