{"gold_per_floor":[117,134,84,84,101,8,8,19,19,19,54,54,80,100,100,203,203,221,237,12,12,12,43,43,43,43,43,59,59,69,69],"floor_reached":31,"playtime":882,"items_purged":["Strike_R"],"score":288,"play_id":"f2d5dc3f-2c4c-4d5a-bedf-ef60a6098643","local_time":"20190304232828","is_ascension_mode":false,"campfire_choices":[{"data":"Whirlwind","floor":10,"key":"SMITH"},{"data":"Limit Break","floor":12,"key":"SMITH"},{"floor":15,"key":"REST"},{"floor":25,"key":"REST"},{"floor":27,"key":"RECALL"}],"neow_cost":"NONE","seed_source_timestamp":49111438641905,"circlet_count":0,"master_deck":["Strike_R","Strike_R","Defend_R","Defend_R","Defend_R+1","Defend_R+1","Bash","Sword Boomerang","Twin Strike","Inflame","Iron Wave","Whirlwind+1","Limit Break+1","Inflame","Feed","Heavy Blade","Seeing Red","Shrug It Off","Sentinel","Exhume","Inflame+1"],"relics":["Burning Blood","Shuriken","Omamori","War Paint","Orrery","Vajra","Bottled Tornado"],"potions_floor_usage":[2,11,11,11,11,11,13,16,16,16,23,30,31],"damage_taken":[{"damage":6,"enemies":"Small Slimes","floor":1,"turns":3},{"damage":6,"enemies":"Jaw Worm","floor":2,"turns":2},{"damage":7,"enemies":"2 Louse","floor":5,"turns":3},{"damage":5,"enemies":"Large Slime","floor":8,"turns":4},{"damage":0,"enemies":"Gremlin Nob","floor":11,"turns":2},{"damage":36,"enemies":"Lagavulin","floor":13,"turns":4},{"damage":10,"enemies":"Looter","floor":14,"turns":3},{"damage":14,"enemies":"Hexaghost","floor":16,"turns":7},{"damage":14,"enemies":"Spheric Guardian","floor":18,"turns":4},{"damage":25,"enemies":"2 Thieves","floor":19,"turns":3},{"damage":27,"enemies":"Gremlin Leader","floor":23,"turns":5},{"damage":23,"enemies":"3 Cultists","floor":28,"turns":4},{"damage":29,"enemies":"Centurion and Healer","floor":30,"turns":4},{"damage":30,"enemies":"Shelled Parasite and Fungi","floor":31,"turns":3}],"seed_played":"-7601498441115637722","potions_obtained":[{"floor":0,"key":"GamblersBrew"},{"floor":0,"key":"Strength Potion"},{"floor":0,"key":"EntropicBrew"},{"floor":5,"key":"Fire Potion"},{"floor":11,"key":"EssenceOfSteel"},{"floor":13,"key":"Weak Potion"},{"floor":14,"key":"Energy Potion"},{"floor":19,"key":"Swift Potion"},{"floor":23,"key":"SteroidPotion"},{"floor":30,"key":"FearPotion"}],"is_trial":false,"path_per_floor":["M","M","?","?","M","$","?","M","T","R","E","R","E","M","R","B",null,"M","M","$","?","?","E","?","R","T","R","M","?","M","M"],"character_chosen":"IRONCLAD","items_purchased":["Inflame","Iron Wave","Vajra"],"campfire_rested":2,"item_purchase_floors":[6,6,20],"current_hp_per_floor":[80,80,80,85,84,84,84,85,85,85,85,85,55,51,76,68,85,80,64,64,64,64,43,43,70,70,70,53,53,30,0],"gold":69,"neow_bonus":"THREE_SMALL_POTIONS","is_prod":false,"is_daily":false,"chose_seed":false,"campfire_upgraded":2,"win_rate":0,"timestamp":1551763708,"path_taken":["M","M","?","?","M","?","?","M","T","R","E","R","E","M","R","BOSS","M","M","$","?","?","E","?","R","T","R","?","?","M","M"],"build_version":"2019-01-23","purchased_purges":1,"victory":false,"max_hp_per_floor":[80,80,80,85,85,85,85,85,85,85,85,85,85,85,85,85,85,88,91,91,91,91,91,91,91,91,91,91,91,91,91],"card_choices":[{"not_picked":["Perfected Strike","Anger"],"picked":"Sword Boomerang","floor":1},{"not_picked":["True Grit","Fire Breathing"],"picked":"Twin Strike","floor":2},{"not_picked":["Entrench","Wild Strike","Sentinel"],"picked":"SKIP","floor":5},{"not_picked":["Body Slam","Corruption"],"picked":"Whirlwind","floor":8},{"not_picked":["Fire Breathing","Clash"],"picked":"Limit Break","floor":11},{"not_picked":["True Grit","Berserk","Ghostly Armor"],"picked":"SKIP","floor":13},{"not_picked":["Spot Weakness","Iron Wave"],"picked":"Inflame","floor":14},{"not_picked":["Brutality","Dark Embrace"],"picked":"Feed","floor":16},{"not_picked":["Anger","Clothesline"],"picked":"Heavy Blade","floor":17},{"not_picked":["Perfected Strike","Bloodletting"],"picked":"Seeing Red","floor":17},{"not_picked":["Body Slam","Combust","Berserk"],"picked":"SKIP","floor":18},{"not_picked":["Blood for Blood","Sentinel+1"],"picked":"Shrug It Off","floor":19},{"not_picked":["Armaments","Thunderclap+1","Cleave"],"picked":"SKIP","floor":23},{"not_picked":["Sever Soul","Anger+1"],"picked":"Exhume","floor":28},{"not_picked":["True Grit","Sever Soul"],"picked":"Inflame+1","floor":30}],"player_experience":542168,"relics_obtained":[{"floor":9,"key":"Shuriken"},{"floor":11,"key":"Omamori"},{"floor":13,"key":"War Paint"},{"floor":23,"key":"Bottled Tornado"}],"event_choices":[{"cards_removed":["Strike_R"],"damage_healed":0,"gold_gain":0,"player_choice":"Card Removal","damage_taken":0,"max_hp_gain":0,"max_hp_loss":0,"event_name":"The Cleric","floor":3,"gold_loss":50},{"damage_healed":0,"gold_gain":0,"player_choice":"Donut","damage_taken":0,"max_hp_gain":5,"max_hp_loss":0,"event_name":"Big Fish","floor":4,"gold_loss":0},{"damage_healed":0,"gold_gain":0,"player_choice":"Ignored","damage_taken":0,"max_hp_gain":0,"max_hp_loss":0,"event_name":"Liars Game","floor":7,"gold_loss":0},{"damage_healed":0,"gold_gain":0,"player_choice":"Ignored","damage_taken":0,"max_hp_gain":0,"max_hp_loss":0,"event_name":"Beggar","floor":21,"gold_loss":0},{"damage_healed":0,"gold_gain":0,"player_choice":"Ignored","damage_taken":0,"max_hp_gain":0,"max_hp_loss":0,"event_name":"Vampires","floor":22,"gold_loss":0},{"damage_healed":0,"gold_gain":0,"cards_transformed":["Strike_R"],"player_choice":"Transformed","damage_taken":0,"max_hp_gain":0,"max_hp_loss":0,"event_name":"Transmorgrifier","floor":24,"gold_loss":0,"cards_obtained":["Sentinel"]},{"damage_healed":0,"gold_gain":0,"player_choice":"Ignored","damage_taken":0,"max_hp_gain":0,"max_hp_loss":0,"event_name":"Ghosts","floor":29,"gold_loss":0}],"is_beta":false,"boss_relics":[{"not_picked":["Fusion Hammer","Snecko Eye"],"picked":"Orrery"}],"items_purged_floors":[20],"is_endless":false,"potions_floor_spawned":[5,11,13,14,19,23,30],"killed_by":"Shelled Parasite and Fungi","ascension_level":0}