{"gold_per_floor":[112,37,37,48,63,63,63,63,63,63,81,81,94,94,94,94],"floor_reached":16,"playtime":300,"items_purged":["Writhe"],"score":90,"play_id":"a752b63d-3bfe-4f9c-bcaa-88fc25847bf8","local_time":"20190304131022","is_ascension_mode":false,"campfire_choices":[{"data":"Cleave","floor":6,"key":"SMITH"},{"floor":8,"key":"RECALL"},{"data":"Pommel Strike","floor":10,"key":"SMITH"},{"data":"Seeing Red","floor":15,"key":"SMITH"}],"neow_cost":"CURSE","seed_source_timestamp":12597882937002,"circlet_count":0,"master_deck":["Strike_R","Strike_R","Strike_R","Strike_R","Defend_R","Defend_R","Defend_R","Defend_R","Bash+1","Pommel Strike+1","Seeing Red+1","Cleave+1"],"relics":["Burning Blood","Magic Flower","Blue Candle"],"potions_floor_usage":[16],"damage_taken":[{"damage":5,"enemies":"2 Louse","floor":1,"turns":3},{"damage":6,"enemies":"Jaw Worm","floor":4,"turns":3},{"damage":0,"enemies":"Small Slimes","floor":5,"turns":3},{"damage":9,"enemies":"Gremlin Gang","floor":11,"turns":2},{"damage":7,"enemies":"2 Fungi Beasts","floor":13,"turns":2},{"damage":81,"enemies":"Hexaghost","floor":16,"turns":10}],"seed_played":"1529267701541064945","potions_obtained":[{"floor":11,"key":"GamblersBrew"}],"is_trial":false,"path_per_floor":["M","$","?","M","M","R","?","R","T","R","M","?","M","$","R","B"],"character_chosen":"IRONCLAD","items_purchased":[],"campfire_rested":0,"item_purchase_floors":[],"current_hp_per_floor":[80,80,80,80,80,80,73,73,73,73,73,78,80,80,80,0],"gold":94,"neow_bonus":"ONE_RARE_RELIC","is_prod":false,"is_daily":false,"chose_seed":false,"campfire_upgraded":3,"win_rate":0,"timestamp":1551726622,"path_taken":["M","$","?","M","M","R","?","R","T","R","?","?","M","$","R","BOSS"],"build_version":"2019-01-23","purchased_purges":1,"victory":false,"max_hp_per_floor":[80,80,80,80,80,80,80,80,80,80,80,85,85,85,85,85],"card_choices":[{"not_picked":["Flex","Inflame"],"picked":"Pommel Strike","floor":1},{"not_picked":["Rupture","Battle Trance"],"picked":"Seeing Red","floor":4},{"not_picked":["Inflame","Body Slam"],"picked":"Cleave","floor":5},{"not_picked":["Perfected Strike","Anger","Iron Wave"],"picked":"SKIP","floor":11},{"not_picked":["Anger","Disarm","Havoc"],"picked":"SKIP","floor":13}],"player_experience":510526,"relics_obtained":[{"floor":9,"key":"Blue Candle"}],"event_choices":[{"damage_healed":0,"gold_gain":0,"player_choice":"Grow","damage_taken":0,"max_hp_gain":0,"max_hp_loss":0,"event_name":"Living Wall","floor":3,"gold_loss":0,"cards_upgraded":["Bash"]},{"cards_removed":["Strike_R"],"damage_healed":0,"gold_gain":0,"player_choice":"Card Removal","damage_taken":7,"max_hp_gain":0,"max_hp_loss":0,"event_name":"Golden Wing","floor":7,"gold_loss":0},{"damage_healed":0,"gold_gain":0,"player_choice":"Donut","damage_taken":0,"max_hp_gain":5,"max_hp_loss":0,"event_name":"Big Fish","floor":12,"gold_loss":0}],"is_beta":false,"boss_relics":[],"items_purged_floors":[2],"is_endless":false,"potions_floor_spawned":[11],"killed_by":"Hexaghost","ascension_level":0}