{"path_per_floor":["M","$","?","M","$","R","E","R","T","E","R","?","M","M","R","B",null,"M","?","?","M","?","R","E","R","T","?","R","$","R","$","R","B",null,"M","M","?","M","M","R","?","?","T","M","R","M","M","M","R"],"character_chosen":"DEFECT","items_purchased":["Flash of Steel","Auto Shields","Mummified Hand","Bottled Tornado"],"gold_per_floor":[210,47,222,239,61,61,87,87,110,141,141,141,158,169,169,268,268,283,283,333,349,349,349,382,382,382,632,632,257,257,14,14,118,118,133,151,151,165,184,184,0,0,23,35,35,48,58,71,71,71],"floor_reached":50,"campfire_rested":1,"playtime":2918,"current_hp_per_floor":[73,73,73,68,68,68,57,57,64,63,63,63,63,55,55,44,82,77,77,77,82,66,66,59,59,59,59,59,59,59,59,82,50,82,82,82,82,82,74,74,74,64,64,74,74,82,73,71,71,0],"items_purged":["Strike_B","Doubt","Regret"],"gold":71,"score":493,"play_id":"114da81e-23ad-406c-9d2b-454ad75e7c9c","local_time":"20180430112140","is_prod":false,"is_daily":false,"chose_seed":false,"is_ascension_mode":false,"campfire_upgraded":11,"timestamp":1525101700,"path_taken":["M","$","?","M","$","R","E","R","T","E","R","?","?","M","R","BOSS","M","?","?","M","?","R","E","R","T","?","R","?","R","$","R","BOSS","M","M","?","?","M","R","?","?","T","?","R","M","M","M","R","BOSS"],"build_version":"2018-04-27v3","seed_source_timestamp":9531872669912,"purchased_purges":3,"victory":false,"master_deck":["Strike_B","Strike_B","Defend_B","Defend_B","Defend_B+1","Defend_B","Zap+1","Dualcast+1","Streamline+1","Flash of Steel","Darkness+1","Auto Shields+1","Seek+1","Beam Cell+1","Biased Cognition+1","Self Repair+1","Writhe","Amplify+1","Skim+1","Thinking Ahead+1","Deep Breath+1","Deep Breath","White Noise","Impulse+1"],"max_hp_per_floor":[75,75,75,75,75,75,75,75,82,82,82,82,82,82,82,82,82,82,82,82,82,82,82,82,82,82,82,82,82,82,82,82,82,82,82,82,82,82,82,82,82,82,82,82,82,82,82,82,82,82],"relics":["Cracked Core","Art of War","Strawberry","Bag of Preparation","Sozu","War Paint","Nilry\u0027s Codex","Torii","Gremlin Horn","Mummified Hand","Bottled Tornado","Nuclear Battery","Red Mask","Regal Pillow"],"card_choices":[{"not_picked":["Hologram","Leap"],"picked":"Streamline","floor":1},{"not_picked":["Impulse","Ball Lightning"],"picked":"Darkness","floor":4},{"not_picked":["Go for the Eyes","Buffer"],"picked":"Seek","floor":7},{"not_picked":["Sweeping Beam","Static Discharge"],"picked":"Beam Cell","floor":10},{"not_picked":["Fusion","Seek"],"picked":"Biased Cognition","floor":16},{"not_picked":["Barrage","Coolheaded"],"picked":"Self Repair","floor":18},{"not_picked":["Prime","Multi-Cast"],"picked":"Amplify","floor":33},{"not_picked":["Impulse","Cold Snap"],"picked":"Skim","floor":36},{"not_picked":["Panache","Blind"],"picked":"Thinking Ahead","floor":42},{"not_picked":["Trip","Panache"],"picked":"Deep Breath","floor":42},{"not_picked":["Panacea","Dark Shackles"],"picked":"Deep Breath","floor":42},{"not_picked":["Axe Kick","Hologram"],"picked":"White Noise","floor":46},{"not_picked":["Chill","Coolheaded"],"picked":"Impulse","floor":47}],"player_experience":214893,"potions_floor_usage":[16,18,35],"damage_taken":[{"damage":2,"enemies":"Small Slimes","floor":1,"turns":4},{"damage":5,"enemies":"2 Louse","floor":4,"turns":2},{"damage":11,"enemies":"3 Sentries","floor":7,"turns":6},{"damage":1,"enemies":"Gremlin Nob","floor":10,"turns":4},{"damage":0,"enemies":"Cultist","floor":13,"turns":2},{"damage":8,"enemies":"3 Louse","floor":14,"turns":3},{"damage":26,"enemies":"Hexaghost","floor":16,"turns":7},{"damage":5,"enemies":"2 Thieves","floor":18,"turns":4},{"damage":0,"enemies":"Spheric Guardian","floor":21,"turns":3},{"damage":21,"enemies":"Book of Stabbing","floor":24,"turns":4},{"damage":32,"enemies":"Collector","floor":33,"turns":6},{"damage":0,"enemies":"Flame Bruiser 1 Orb","floor":35,"turns":3},{"damage":7,"enemies":"Orb Walker","floor":36,"turns":3},{"damage":0,"enemies":"Flame Bruiser 2 Orb","floor":38,"turns":3},{"damage":18,"enemies":"3 Darklings","floor":39,"turns":3},{"damage":0,"enemies":"4 Shapes","floor":44,"turns":3},{"damage":12,"enemies":"Spire Growth","floor":46,"turns":5},{"damage":19,"enemies":"3 Darklings","floor":47,"turns":3},{"damage":19,"enemies":"Sphere and 2 Shapes","floor":48,"turns":4},{"damage":74,"enemies":"Awakened One","floor":50,"turns":6}],"event_choices":[{"event_name":"Liars Game","player_choice":"agreed","floor":3,"damage_taken":0},{"event_name":"The Lab","player_choice":"Got Potions","floor":12,"damage_taken":0},{"event_name":"The Mausoleum","player_choice":"Yes","floor":19,"damage_taken":0},{"event_name":"The Joust","player_choice":"Bet on Murderer","floor":20,"damage_taken":0},{"event_name":"Cursed Tome","player_choice":"Obtained Book","floor":22,"damage_taken":0},{"event_name":"Golden Shrine","player_choice":"Desecrate","floor":27,"damage_taken":0},{"event_name":"Tomb of Lord Red Mask","player_choice":"Paid","floor":41,"damage_taken":0},{"event_name":"SensoryStone","player_choice":"Memory 3","floor":42,"damage_taken":0}],"boss_relics":[{"not_picked":["Snecko Eye","Runic Pyramid"],"picked":"Sozu"},{"not_picked":["White Beast Statue","Runic Dome"],"picked":"Nuclear Battery"}],"potions_floor_spawned":[4,10,13,18,33,35,38,39,47,48],"seed_played":"-2714611229831959316","killed_by":"Awakened One","ascension_level":0,"is_trial":false}