{"gold_per_floor":[113,113,125,138,88,88,98,110,110,110,110,71,101,114,114,216,216,228,228,228,239,164,164,195,207,207,219],"floor_reached":27,"playtime":1105,"items_purged":["Strike_B"],"score":245,"play_id":"f909cde0-6170-4d22-8a44-ae7d24bc40e6","local_time":"20181126185324","is_ascension_mode":true,"campfire_choices":[{"data":"Self Repair","floor":6,"key":"SMITH"},{"data":"Heatsinks","floor":10,"key":"SMITH"},{"floor":15,"key":"REST"},{"floor":23,"key":"REST"}],"neow_cost":"NONE","seed_source_timestamp":951321408111675,"circlet_count":0,"master_deck":["Strike_B","Defend_B","Defend_B","Defend_B+1","Defend_B","Zap+1","Dualcast","Self Repair+1","Heatsinks+1","Loop","White Noise","Biased Cognition","Necronomicurse","Static Discharge"],"relics":["Cracked Core","Turnip","Bird Faced Urn","Velvet Choker","Necronomicon","Matryoshka","MawBank","Bottled Flame"],"potions_floor_usage":[13,13,16,25,27],"damage_taken":[{"damage":0,"enemies":"Small Slimes","floor":1,"turns":3},{"damage":6,"enemies":"2 Louse","floor":3,"turns":2},{"damage":1,"enemies":"Jaw Worm","floor":4,"turns":3},{"damage":11,"enemies":"3 Louse","floor":7,"turns":4},{"damage":22,"enemies":"Exordium Wildlife","floor":8,"turns":7},{"damage":19,"enemies":"Gremlin Nob","floor":13,"turns":5},{"damage":20,"enemies":"Lots of Slimes","floor":14,"turns":5},{"damage":36,"enemies":"The Guardian","floor":16,"turns":13},{"damage":19,"enemies":"Shell Parasite","floor":18,"turns":7},{"damage":50,"enemies":"3 Byrds","floor":21,"turns":5},{"damage":42,"enemies":"Slavers","floor":24,"turns":5},{"damage":31,"enemies":"Snake Plant","floor":25,"turns":2},{"damage":32,"enemies":"Centurion and Healer","floor":27,"turns":16}],"seed_played":"-5526194813296832782","potions_obtained":[{"floor":3,"key":"GamblersBrew"},{"floor":4,"key":"Weak Potion"},{"floor":14,"key":"Regen Potion"},{"floor":18,"key":"Weak Potion"},{"floor":25,"key":"SteroidPotion"}],"is_trial":false,"path_per_floor":["M","?","M","M","?","R","M","M","T","R","?","$","E","M","R","B",null,"M","?","?","M","$","R","E","M","T","M"],"character_chosen":"DEFECT","items_purchased":["Loop"],"campfire_rested":2,"item_purchase_floors":[12],"current_hp_per_floor":[82,66,60,59,59,59,58,46,46,46,39,39,30,28,52,49,82,79,63,47,17,17,43,21,12,12,0],"gold":219,"neow_bonus":"TEN_PERCENT_HP_BONUS","is_prod":false,"is_daily":false,"chose_seed":false,"campfire_upgraded":2,"win_rate":0,"timestamp":1543254804,"path_taken":["M","?","M","M","?","R","M","M","T","R","?","$","E","M","R","BOSS","M","?","?","M","$","R","E","M","T","M"],"build_version":"2018-11-15","purchased_purges":1,"victory":false,"max_hp_per_floor":[82,82,82,82,82,82,82,82,82,82,82,82,82,82,82,82,82,82,82,87,87,87,87,87,87,87,87],"card_choices":[{"not_picked":["Streamline","Leap","Go for the Eyes"],"picked":"SKIP","floor":1},{"not_picked":["Blizzard","Leap","Rebound"],"picked":"SKIP","floor":3},{"not_picked":["Recycle","Cold Snap"],"picked":"Self Repair","floor":4},{"not_picked":["Consume","Fusion","Leap"],"picked":"SKIP","floor":7},{"not_picked":["Scrape","Barrage"],"picked":"Heatsinks","floor":8},{"not_picked":["Loop","Fission"],"picked":"White Noise","floor":13},{"not_picked":["Gash","Turbo","Cold Snap"],"picked":"SKIP","floor":14},{"not_picked":["Machine Learning","Thunder Strike"],"picked":"Biased Cognition","floor":16},{"not_picked":["Stack+1","Leap","Gash"],"picked":"SKIP","floor":18},{"not_picked":["Beam Cell","Rebound","Consume"],"picked":"SKIP","floor":21},{"not_picked":["Hello World","Steam+1"],"picked":"Static Discharge","floor":24},{"not_picked":["Beam Cell","Darkness+1","Redo"],"picked":"SKIP","floor":25}],"player_experience":559789,"relics_obtained":[{"floor":9,"key":"Turnip"},{"floor":13,"key":"Bird Faced Urn"},{"floor":19,"key":"Necronomicon"},{"floor":24,"key":"Matryoshka"},{"floor":26,"key":"MawBank"},{"floor":26,"key":"Bottled Flame"}],"event_choices":[{"damage_healed":0,"gold_gain":0,"player_choice":"Entered Light","damage_taken":16,"max_hp_gain":0,"max_hp_loss":0,"event_name":"Shining Light","floor":2,"gold_loss":0,"cards_upgraded":["Zap","Defend_B"]},{"cards_removed":["Strike_B"],"damage_healed":0,"gold_gain":0,"player_choice":"Card Removal","damage_taken":0,"max_hp_gain":0,"max_hp_loss":0,"event_name":"The Cleric","floor":5,"gold_loss":50},{"cards_removed":["Strike_B"],"damage_healed":0,"gold_gain":0,"player_choice":"Card Removal","damage_taken":7,"max_hp_gain":0,"max_hp_loss":0,"event_name":"Golden Wing","floor":11,"gold_loss":0},{"damage_healed":0,"gold_gain":0,"player_choice":"Obtained Book","damage_taken":16,"max_hp_gain":0,"max_hp_loss":0,"event_name":"Cursed Tome","floor":19,"gold_loss":0},{"damage_healed":0,"gold_gain":0,"player_choice":"Shed Blood","damage_taken":21,"max_hp_gain":5,"max_hp_loss":0,"event_name":"Forgotten Altar","floor":20,"gold_loss":0}],"is_beta":false,"boss_relics":[{"not_picked":["Runic Pyramid","FrozenCore"],"picked":"Velvet Choker"}],"items_purged_floors":[22],"is_endless":false,"potions_floor_spawned":[3,4,14,18,25],"killed_by":"Centurion and Healer","ascension_level":1}