{"path_per_floor":["M","?","M","M","M","R","E","R","T","E"],"character_chosen":"DEFECT","items_purchased":[],"gold_per_floor":[118,118,138,152,171,171,206,206,233,260,260],"floor_reached":11,"campfire_rested":0,"playtime":396,"item_purchase_floors":[],"current_hp_per_floor":[71,71,65,60,59,59,34,34,34,8,0],"items_purged":[],"gold":260,"score":83,"play_id":"0669b94a-679b-4108-9a4d-1320b33d9d0a","local_time":"20180602034626","is_prod":false,"is_daily":false,"chose_seed":false,"is_ascension_mode":false,"campfire_upgraded":2,"win_rate":0.0,"timestamp":1527903986,"campfire_choices":[{"data":"Darkness","floor":6,"key":"SMITH"},{"data":"Buffer","floor":8,"key":"SMITH"}],"path_taken":["M","?","M","M","M","R","E","R","T","E","?"],"build_version":"2018-05-31","seed_source_timestamp":10930266690598,"purchased_purges":0,"victory":false,"master_deck":["Strike_B+1","Strike_B+1","Strike_B","Defend_B","Defend_B","Defend_B","Defend_B","Zap","Dualcast","Fusion","Static Discharge","Darkness+1","Buffer+1","Creative AI"],"max_hp_per_floor":[75,75,75,75,75,75,75,75,75,75,75],"relics":["Cracked Core","Omamori","Art of War","Whetstone"],"card_choices":[{"not_picked":["Hologram","Barrage"],"picked":"Fusion","floor":1},{"not_picked":["Barrage","Blizzard"],"picked":"Static Discharge","floor":3},{"not_picked":["Turbo","Barrage"],"picked":"Darkness","floor":4},{"not_picked":["Hologram","Go for the Eyes","Compile Driver"],"picked":"SKIP","floor":5},{"not_picked":["Turbo","Sweeping Beam"],"picked":"Buffer","floor":7},{"not_picked":["Tempest","Force Field"],"picked":"Creative AI","floor":10}],"player_experience":295817,"potions_floor_usage":[],"damage_taken":[{"damage":4,"enemies":"Cultist","floor":1,"turns":4},{"damage":6,"enemies":"2 Louse","floor":3,"turns":3},{"damage":5,"enemies":"Small Slimes","floor":4,"turns":3},{"damage":1,"enemies":"Exordium Wildlife","floor":5,"turns":4},{"damage":25,"enemies":"3 Sentries","floor":7,"turns":6},{"damage":26,"enemies":"Gremlin Nob","floor":10,"turns":5},{"damage":8,"enemies":"2 Fungi Beasts","floor":11,"turns":2}],"relics_obtained":[{"floor":7,"key":"Omamori"},{"floor":9,"key":"Art of War"},{"floor":10,"key":"Whetstone"}],"event_choices":[{"event_name":"Bonfire Elementals","player_choice":"BASIC","floor":2,"damage_taken":0}],"boss_relics":[],"items_purged_floors":[],"potions_floor_spawned":[4,5,7],"seed_played":"7698208437527049382","killed_by":"2 Fungi Beasts","ascension_level":0,"potions_obtained":[{"floor":4,"key":"Ancient Potion"},{"floor":5,"key":"Ancient Potion"},{"floor":7,"key":"Fire Potion"}],"is_trial":false}