{"gold_per_floor":[115,40,52,52,52,52,63,63,63,63,89,66,105,130,142,250,262,289,321,333,361,373,385,411,423],"floor_reached":25,"playtime":1333,"items_purged":["Strike_B"],"score":335,"play_id":"9de8ae36-3acf-4af8-b281-df91aaeceb04","local_time":"20190118222821","is_ascension_mode":true,"campfire_choices":[{"floor":6,"key":"RECALL"},{"data":"Dualcast","floor":8,"key":"SMITH"},{"data":"Go for the Eyes","floor":10,"key":"SMITH"},{"floor":15,"key":"REST"},{"data":"Reboot","floor":23,"key":"SMITH"}],"neow_cost":"NONE","seed_source_timestamp":0,"circlet_count":0,"master_deck":["Defend_B+1","Defend_B","Defend_B+1","Defend_B+1","Zap","Dualcast+1","Gash","Gash","Go for the Eyes+1","Gash","Gash","Scrape","Reboot+1","Undo","Gash+1","Gash","Bite","Bite","Bite","Bite","Bite","Reprogram+1"],"special_seed":0,"relics":["Nuclear Battery","Vajra","MawBank","DataDisk"],"potions_floor_usage":[24,25],"damage_taken":[{"damage":0.0,"enemies":"Cultist","floor":1.0,"turns":4.0},{"damage":7,"enemies":"Small Slimes","floor":3,"turns":4},{"damage":0,"enemies":"2 Louse","floor":7,"turns":3},{"damage":29,"enemies":"3 Sentries","floor":11,"turns":9},{"damage":19,"enemies":"Lagavulin","floor":13,"turns":7},{"damage":10,"enemies":"Red Slaver","floor":14,"turns":2},{"damage":8,"enemies":"Hexaghost","floor":16,"turns":7},{"damage":4,"enemies":"Chosen","floor":18,"turns":3},{"damage":5,"enemies":"3 Byrds","floor":19,"turns":3},{"damage":12,"enemies":"Snecko","floor":21,"turns":4},{"damage":2,"enemies":"3 Cultists","floor":24,"turns":4},{"damage":38,"enemies":"Slavers","floor":25,"turns":1}],"seed_played":"3825497202085598125","potions_obtained":[{"floor":3,"key":"Ancient Potion"},{"floor":14,"key":"Ancient Potion"},{"floor":19,"key":"Ancient Potion"},{"floor":21,"key":"Swift Potion"}],"is_trial":false,"path_per_floor":["M","$","M","?","?","R","M","R","T","R","E","?","E","M","R","B",null,"M","M","?","M","?","R","M","E"],"character_chosen":"DEFECT","items_purchased":[],"campfire_rested":1,"item_purchase_floors":[],"current_hp_per_floor":[68,68,61,46,46,46,46,46,46,46,17,35,16,6,28,20,61,57,52,38,26,26,26,32,0],"gold":423,"neow_bonus":"BOSS_RELIC","is_prod":false,"is_daily":false,"chose_seed":false,"campfire_upgraded":3,"win_rate":0,"timestamp":1547875701,"path_taken":["M","$","?","?","?","R","?","R","T","R","E","?","E","M","R","BOSS","M","M","?","M","?","R","M","E"],"build_version":"2019-01-17v2","purchased_purges":1,"victory":false,"max_hp_per_floor":[75,75,75,75,75,75,75,75,75,75,75,75,75,75,75,75,75,75,75,80,80,56,56,56,56],"card_choices":[{"not_picked":["Cold Snap","Ball Lightning"],"picked":"Gash","floor":1.0},{"not_picked":["Leap","Coolheaded"],"picked":"Gash","floor":3},{"not_picked":["Steam Power","Aggregate"],"picked":"Go for the Eyes","floor":7},{"not_picked":["Ball Lightning","Consume"],"picked":"Gash","floor":11},{"not_picked":["Barrage","Conserve Battery"],"picked":"Gash","floor":13},{"not_picked":["Lockon","Barrage"],"picked":"Scrape","floor":14},{"not_picked":["Meteor Strike","Biased Cognition"],"picked":"Reboot","floor":16},{"not_picked":["Beam Cell","Go for the Eyes"],"picked":"Undo","floor":18},{"not_picked":["Go for the Eyes","Leap"],"picked":"Gash+1","floor":19},{"not_picked":["Glacier","Rebound"],"picked":"Gash","floor":21},{"not_picked":["Gash","Cold Snap"],"picked":"Reprogram+1","floor":24}],"player_experience":355274,"relics_obtained":[{"floor":9,"key":"Vajra"},{"floor":11,"key":"MawBank"},{"floor":13,"key":"DataDisk"}],"event_choices":[{"damage_healed":0,"gold_gain":0,"player_choice":"Entered Light","damage_taken":15,"max_hp_gain":0,"max_hp_loss":0,"event_name":"Shining Light","floor":4,"gold_loss":0,"cards_upgraded":["Defend_B","Defend_B"]},{"damage_healed":0,"gold_gain":0,"player_choice":"Forge","damage_taken":0,"max_hp_gain":0,"max_hp_loss":0,"event_name":"Accursed Blacksmith","floor":5,"gold_loss":0,"cards_upgraded":["Defend_B"]},{"damage_healed":18,"gold_gain":0,"player_choice":"Healed","damage_taken":0,"max_hp_gain":0,"max_hp_loss":0,"event_name":"The Cleric","floor":12,"gold_loss":35},{"damage_healed":0,"gold_gain":0,"player_choice":"Shed Blood","damage_taken":19,"max_hp_gain":5,"max_hp_loss":0,"event_name":"Forgotten Altar","floor":20,"gold_loss":0},{"damage_healed":0,"gold_gain":0,"player_choice":"Became a vampire","damage_taken":0,"max_hp_gain":0,"max_hp_loss":24,"event_name":"Vampires","floor":22,"gold_loss":0,"cards_obtained":["Bite","Bite","Bite","Bite","Bite"]}],"is_beta":false,"boss_relics":[{"not_picked":["Snecko Eye","Calling Bell","Pandora\u0027s Box"]}],"items_purged_floors":[2],"is_endless":false,"potions_floor_spawned":[3,14,19,21],"killed_by":"Slavers","ascension_level":7}