{"path_per_floor":["M","?","M","M","M","E","M","E","T","M","?","M","?","M","R","B",null,"M","?","T","$","M","E","M"],"character_chosen":"IRONCLAD","items_purchased":["Gambling Chip"],"gold_per_floor":[20,20,36,50,70,105,125,153,178,194,194,214,276,295,295,400,400,415,315,315,22,35,61,74],"floor_reached":25,"campfire_rested":0,"playtime":2047,"current_hp_per_floor":[80,73,78,80,74,47,52,32,32,24,24,28,20,26,26,26,80,67,67,67,67,63,24,12],"items_purged":[],"gold":74,"score":237,"play_id":"7338ad4d-38e2-40ec-957a-64b06852eb75","local_time":"20180315112449","is_prod":false,"is_daily":false,"is_ascension_mode":false,"campfire_upgraded":1,"timestamp":1521109489,"path_taken":["M","?","M","M","M","E","M","E","T","M","?","?","?","M","R","BOSS","M","?","?","?","?","E","M","E"],"build_version":"2018-03-09","purchased_purges":0,"victory":false,"master_deck":["Bash","Reckless Charge","Carnage","Dropkick+1","Intimidate","Spot Weakness","Thunderclap","Limit Break+1","Bludgeon","Perfected Strike","Anger","Clothesline","Sword Boomerang","True Grit","Entrench","Flame Barrier","Cleave","Shrug It Off","J.A.X.","Sentinel+1","Rupture+1","Shockwave"],"max_hp_per_floor":[80,80,80,80,80,80,80,80,80,80,80,80,80,80,80,80,80,80,80,80,80,80,80,80],"relics":["Burning Blood","Sundial","Letter Opener","Champion Belt","Whetstone","Prayer Wheel","Paper Frog","Pandora\u0027s Box","Bottled Flame","Gambling Chip","Self Forming Clay"],"card_choices":[{"not_picked":["Iron Wave","Pommel Strike"],"picked":"Reckless Charge"},{"not_picked":["Headbutt","Clothesline"],"picked":"Carnage"},{"not_picked":["Sword Boomerang","Shrug It Off"],"picked":"Dropkick"},{"not_picked":["Feel No Pain","Shrug It Off"],"picked":"Intimidate"},{"not_picked":["Rage","Seeing Red"],"picked":"Spot Weakness"},{"not_picked":["True Grit","Twin Strike"],"picked":"Thunderclap"},{"not_picked":["Pummel","Pommel Strike"],"picked":"Limit Break"},{"not_picked":["Exhume","Fiend Fire"],"picked":"Bludgeon"},{"not_picked":["Wild Strike","Warcry"],"picked":"Shrug It Off"},{"not_picked":["Intimidate","Shrug It Off"],"picked":"Sentinel"},{"not_picked":["Body Slam","Anger"],"picked":"Rupture"},{"not_picked":["Brutality","Perfected Strike"],"picked":"Shockwave"}],"player_experience":199854,"potions_floor_usage":[7,8,13,13,22,24,25],"damage_taken":[{"damage":2,"enemies":"2 Louse","floor":1,"turns":6},{"damage":1,"enemies":"Jaw Worm","floor":3,"turns":4},{"damage":0,"enemies":"Small Slimes","floor":4,"turns":2},{"damage":12,"enemies":"Red Slaver","floor":5,"turns":5},{"damage":33,"enemies":"3 Sentries","floor":6,"turns":13},{"damage":1,"enemies":"3 Louse","floor":7,"turns":3},{"damage":26,"enemies":"Lagavulin","floor":8,"turns":5},{"damage":14,"enemies":"Exordium Thugs","floor":10,"turns":3},{"damage":2,"enemies":"Looter","floor":12,"turns":2},{"damage":14,"enemies":"Gremlin Nob","floor":13,"turns":3},{"damage":0,"enemies":"2 Fungi Beasts","floor":14,"turns":3},{"damage":6,"enemies":"Slime Boss","floor":16,"turns":7},{"damage":19,"enemies":"2 Thieves","floor":18,"turns":4},{"damage":19,"enemies":"Shell Parasite","floor":22,"turns":4},{"damage":45,"enemies":"Book of Stabbing","floor":23,"turns":6},{"damage":18,"enemies":"Sentry and Sphere","floor":24,"turns":4},{"damage":14,"enemies":"Slavers","floor":25,"turns":2}],"event_choices":[{"event_name":"Golden Wing","player_choice":"Card Removal","floor":2,"damage_taken":0},{"event_name":"Wheel of Change","player_choice":"Relic","floor":11,"damage_taken":0},{"event_name":"Dead Adventurer","player_choice":"Searched \u00272\u0027 times","floor":13,"damage_taken":0},{"event_name":"Drug Dealer","player_choice":"Got JAXXED","floor":19,"damage_taken":0}],"boss_relics":[{"not_picked":["Calling Bell","Tiny House"],"picked":"Pandora\u0027s Box"}],"potions_floor_spawned":[3,5,7,12,13,16,18,22],"seed_played":"7038775744209701254","killed_by":"Slavers","ascension_level":0,"is_trial":false}