{"path_per_floor":["M","M","M","?","M","E","M","R","T","?","M","M","M"],"character_chosen":"DEFECT","items_purchased":[],"gold_per_floor":[109,128,140,140,152,177,194,194,194,194,209,224,234,234],"floor_reached":14,"campfire_rested":1,"playtime":524,"item_purchase_floors":[],"current_hp_per_floor":[65,64,55,55,44,19,8,30,30,30,23,13,11,0],"items_purged":[],"gold":234,"score":106,"play_id":"153b3ff3-987e-4c3a-8b34-f04fa97b7610","local_time":"20180621233851","is_prod":false,"is_daily":false,"chose_seed":false,"is_ascension_mode":true,"campfire_upgraded":0,"win_rate":0,"timestamp":1529617131,"campfire_choices":[{"floor":8,"key":"REST"}],"path_taken":["M","M","M","?","M","E","M","R","T","?","M","M","M","M"],"build_version":"2018-06-14v2","seed_source_timestamp":36167611034172,"purchased_purges":0,"victory":false,"master_deck":["Strike_B","Strike_B","Strike_B","Strike_B","Defend_B","Defend_B","Defend_B","Defend_B","Zap","Dualcast","Multi-Cast","Streamline","Echo Form","Self Repair+1","Loop","Reprogram"],"max_hp_per_floor":[75,75,75,75,75,75,75,75,75,75,75,75,75,75],"relics":["Cracked Core","Lantern","Darkstone Periapt"],"card_choices":[{"not_picked":["Recycle","Go for the Eyes","Turbo"],"picked":"SKIP","floor":1},{"not_picked":["Beam Cell","Hologram","Doom and Gloom"],"picked":"SKIP","floor":2},{"not_picked":["Redo","Rip and Tear","Compile Driver"],"picked":"SKIP","floor":3},{"not_picked":["Go for the Eyes","Skim"],"picked":"Streamline","floor":5},{"not_picked":["Fusion","Stack"],"picked":"Echo Form","floor":6},{"not_picked":["Streamline","Steam"],"picked":"Self Repair","floor":7},{"not_picked":["Leap","Sweeping Beam","Beam Cell"],"picked":"SKIP","floor":11},{"not_picked":["Sunder","Beam Cell"],"picked":"Loop","floor":12},{"not_picked":["Beam Cell","Leap"],"picked":"Reprogram","floor":13}],"player_experience":379248,"potions_floor_usage":[6,11,11],"damage_taken":[{"damage":10,"enemies":"2 Louse","floor":1,"turns":2},{"damage":1,"enemies":"Cultist","floor":2,"turns":3},{"damage":9,"enemies":"Jaw Worm","floor":3,"turns":4},{"damage":11,"enemies":"3 Louse","floor":5,"turns":4},{"damage":25,"enemies":"Lagavulin","floor":6,"turns":6},{"damage":11,"enemies":"Blue Slaver","floor":7,"turns":4},{"damage":17,"enemies":"Lots of Slimes","floor":11,"turns":3},{"damage":20,"enemies":"2 Fungi Beasts","floor":12,"turns":5},{"damage":12,"enemies":"Looter","floor":13,"turns":3},{"damage":15,"enemies":"Gremlin Gang","floor":14,"turns":2}],"relics_obtained":[{"floor":6,"key":"Lantern"},{"floor":9,"key":"Darkstone Periapt"}],"event_choices":[{"event_name":"The Lab","player_choice":"Got Potions","floor":4,"damage_taken":0},{"event_name":"Living Wall","player_choice":"Grow","floor":10,"damage_taken":0}],"boss_relics":[],"items_purged_floors":[],"is_endless":false,"potions_floor_spawned":[1,2,7,12,13],"seed_played":"-2062090148807422203","killed_by":"Gremlin Gang","ascension_level":2,"potions_obtained":[{"floor":1,"key":"SteroidPotion"},{"floor":2,"key":"AttackPotion"},{"floor":4,"key":"AttackPotion"},{"floor":4,"key":"LiquidBronze"},{"floor":4,"key":"Strength Potion"},{"floor":7,"key":"PowerPotion"},{"floor":12,"key":"Swift Potion"},{"floor":13,"key":"Swift Potion"}],"is_trial":false}