{"gold_per_floor":[110,129,143,156,156,156,188,188,188,205,221,231,231,231,231,231],"floor_reached":16,"playtime":507,"items_purged":[],"score":109,"play_id":"c49c8c7f-32ae-466c-8f37-c6303090d01a","local_time":"20181126190202","is_ascension_mode":true,"campfire_choices":[{"data":"Auto Shields","floor":6,"key":"SMITH"},{"data":"Storm","floor":8,"key":"SMITH"},{"data":"Self Repair","floor":13,"key":"SMITH"},{"data":"Amplify","floor":15,"key":"SMITH"}],"neow_cost":"NONE","seed_source_timestamp":952440014463365,"circlet_count":0,"master_deck":["Strike_B","Strike_B","Strike_B","Defend_B","Defend_B","Defend_B","Defend_B","Zap","Dualcast","Self Repair","Reinforced Body","Auto Shields+1","Storm+1","Amplify+1","Self Repair+1"],"relics":["Cracked Core","Ancient Tea Set","Regal Pillow","Singing Bowl","DataDisk"],"potions_floor_usage":[11,16,16],"damage_taken":[{"damage":5,"enemies":"Cultist","floor":1,"turns":4},{"damage":5,"enemies":"Small Slimes","floor":2,"turns":4},{"damage":0,"enemies":"2 Louse","floor":3,"turns":2},{"damage":10,"enemies":"Looter","floor":4,"turns":3},{"damage":25,"enemies":"Gremlin Nob","floor":7,"turns":5},{"damage":7,"enemies":"Large Slime","floor":10,"turns":5},{"damage":3,"enemies":"Exordium Wildlife","floor":11,"turns":4},{"damage":21,"enemies":"Gremlin Gang","floor":12,"turns":7},{"damage":31,"enemies":"Hexaghost","floor":16,"turns":11}],"seed_played":"-181296381721534908","potions_obtained":[{"floor":1,"key":"Fruit Juice"},{"floor":2,"key":"Strength Potion"},{"floor":7,"key":"FearPotion"},{"floor":10,"key":"Weak Potion"}],"is_trial":false,"path_per_floor":["M","M","M","M","?","R","E","R","T","M","M","M","R","?","R","B"],"character_chosen":"DEFECT","items_purchased":[],"campfire_rested":0,"item_purchase_floors":[],"current_hp_per_floor":[70,65,72,69,57,57,39,39,39,41,45,31,31,31,31,0],"gold":231,"neow_bonus":"RANDOM_COMMON_RELIC","is_prod":false,"is_daily":false,"chose_seed":false,"campfire_upgraded":4,"win_rate":0,"timestamp":1543255322,"path_taken":["M","M","M","?","?","R","E","R","T","M","M","M","R","?","R","BOSS"],"build_version":"2018-11-15","purchased_purges":0,"victory":false,"max_hp_per_floor":[75,75,75,75,75,75,75,75,75,77,77,77,77,77,77,77],"card_choices":[{"not_picked":["Aggregate","Rebound","Beam Cell"],"picked":"SKIP","floor":1},{"not_picked":["Darkness","Lockon"],"picked":"Self Repair","floor":2},{"not_picked":["Skim","Turbo"],"picked":"Reinforced Body","floor":3},{"not_picked":["Skim","Self Repair"],"picked":"Auto Shields","floor":4},{"not_picked":["Rip and Tear","Doom and Gloom"],"picked":"Storm","floor":7},{"not_picked":["Gash","Conserve Battery","Coolheaded"],"picked":"Singing Bowl","floor":10},{"not_picked":["Redo","FTL"],"picked":"Amplify","floor":11},{"not_picked":["Cold Snap","Hologram"],"picked":"Self Repair","floor":12}],"player_experience":560894,"relics_obtained":[{"floor":7,"key":"Singing Bowl"},{"floor":9,"key":"DataDisk"}],"event_choices":[{"damage_healed":0,"gold_gain":0,"player_choice":"Success","damage_taken":12,"relics_obtained":["Regal Pillow"],"max_hp_gain":0,"max_hp_loss":0,"event_name":"Scrap Ooze","floor":5,"gold_loss":0},{"cards_removed":["Strike_B"],"damage_healed":0,"gold_gain":0,"player_choice":"Forget","damage_taken":0,"max_hp_gain":0,"max_hp_loss":0,"event_name":"Living Wall","floor":14,"gold_loss":0}],"is_beta":false,"boss_relics":[],"items_purged_floors":[],"is_endless":false,"potions_floor_spawned":[1,2,7,10],"killed_by":"Hexaghost","ascension_level":1}