{"path_per_floor":["M","M","T","M","M","R","E","R","T","T","E","M","M","$","R","B",null,"M","?","$","?","M","E","R","E","T","M","M","M","R","E","R"],"character_chosen":"IRONCLAD","items_purchased":["Champion Belt"],"gold_per_floor":[111,122,147,164,178,178,212,212,239,262,295,308,326,12,12,112,112,130,130,55,55,66,131,131,159,209,222,237,251,251,279,279],"floor_reached":33,"campfire_rested":0,"playtime":2394,"current_hp_per_floor":[80,80,80,80,66,66,47,47,47,47,41,40,40,40,40,31,80,80,80,80,80,80,71,71,81,81,87,90,90,90,84,84],"items_purged":["Strike_R"],"gold":279,"score":317,"play_id":"99efa3ce-7da8-420e-99d0-25331416c060","is_prod":false,"is_daily":false,"is_ascension_mode":false,"campfire_upgraded":6,"path_taken":["M","M","?","?","M","R","E","R","T","?","E","M","?","$","R","BOSS","M","?","$","?","M","E","R","E","T","M","M","M","R","E","R","BOSS"],"build_version":"2018-02-22-PROD2","purchased_purges":1,"victory":false,"master_deck":["Strike_R","Strike_R","Strike_R","Defend_R","Defend_R","Defend_R","Defend_R","Bash+1","Body Slam+1","Blood for Blood","Burning Pact","Rupture","Disarm","Thunderclap","Uppercut+1","Bludgeon+1","Flex","Disarm","Dropkick+1","Shrug It Off+1","Exhume","Pummel+1","Feed"],"max_hp_per_floor":[80,80,80,80,80,80,80,80,80,80,80,80,80,80,80,80,80,80,80,80,80,80,80,80,90,90,90,90,90,90,90,90],"relics":["Burning Blood","Happy Flower","Vajra","Oddly Smooth Stone","Bag of Marbles","Centennial Puzzle","Champion Belt","Mark of Pain","Tiny Chest","Pear","Bag of Preparation","Darkstone Periapt"],"card_choices":[{"not_picked":["Corruption","Combust"],"picked":"Body Slam"},{"not_picked":["Pommel Strike","Whirlwind"],"picked":"Blood for Blood"},{"not_picked":["Clash","Perfected Strike"],"picked":"Burning Pact"},{"not_picked":["True Grit","Clothesline"],"picked":"Rupture"},{"not_picked":["Cleave","Exhume"],"picked":"Disarm"},{"not_picked":["Second Wind","Cleave"],"picked":"Thunderclap"},{"not_picked":["Flex","Clothesline"],"picked":"Uppercut"},{"not_picked":["Exhume","Dark Embrace"],"picked":"Bludgeon"},{"not_picked":["Dual Wield","Infernal Blade"],"picked":"Flex"},{"not_picked":["Clothesline","Blood for Blood"],"picked":"Dropkick"},{"not_picked":["Flex","Clothesline"],"picked":"Shrug It Off"},{"not_picked":["Wild Strike","Dropkick"],"picked":"Exhume"},{"not_picked":["Clothesline","Twin Strike"],"picked":"Pummel"},{"not_picked":["Clash","Havoc"],"picked":"Feed"}],"player_experience":149730,"potions_floor_usage":[11,25,31,33,33],"damage_taken":[{"damage":1,"enemies":"Cultist","floor":1,"turns":4},{"damage":2,"enemies":"Jaw Worm","floor":2,"turns":5},{"damage":0,"enemies":"2 Louse","floor":4,"turns":3},{"damage":20,"enemies":"Red Slaver","floor":5,"turns":6},{"damage":25,"enemies":"Gremlin Nob","floor":7,"turns":4},{"damage":12,"enemies":"Lagavulin","floor":11,"turns":5},{"damage":7,"enemies":"Blue Slaver","floor":12,"turns":5},{"damage":6,"enemies":"2 Fungi Beasts","floor":13,"turns":3},{"damage":15,"enemies":"Hexaghost","floor":16,"turns":9},{"damage":1,"enemies":"2 Thieves","floor":18,"turns":4},{"damage":5,"enemies":"3 Byrds","floor":22,"turns":6},{"damage":15,"enemies":"Gremlin Leader","floor":23,"turns":5},{"damage":6,"enemies":"Book of Stabbing","floor":25,"turns":3},{"damage":0,"enemies":"Snake Plant","floor":27,"turns":2},{"damage":0,"enemies":"Centurion and Healer","floor":28,"turns":5},{"damage":0,"enemies":"Snecko","floor":29,"turns":2},{"damage":12,"enemies":"Slavers","floor":31,"turns":6},{"damage":86,"enemies":"Automaton","floor":33,"turns":8}],"event_choices":[{"event_name":"Duplicator","player_choice":"One dupe","floor":19,"damage_taken":0},{"event_name":"Addict","player_choice":"Ignored","floor":21,"damage_taken":0}],"boss_relics":[{"not_picked":["Runic Dome","Astrolabe"],"picked":"Mark of Pain"}],"potions_floor_spawned":[1,4,5,18,25,31],"seed_played":"-4355614246138386301","killed_by":"Automaton","ascension_level":0,"is_trial":false}