{"gold_per_floor":[116,126,126,126,142,478,478,493,574,593,618,642,656,674,674,795,795,811,198,198,217,0,20,60,60,60,60,60,60,60,79,79,79],"floor_reached":33,"playtime":2327,"items_purged":["Defend_B"],"score":271,"play_id":"db7e0f7c-e41d-4e04-b11b-0b74b566dd74","local_time":"20190210233545","is_ascension_mode":false,"campfire_choices":[{"floor":7,"key":"REST"},{"floor":15,"key":"REST"},{"floor":28,"key":"REST"},{"data":"Sunder","floor":30,"key":"SMITH"},{"floor":32,"key":"REST"}],"neow_cost":"NONE","seed_source_timestamp":47775659907712,"circlet_count":0,"master_deck":["Strike_B","Strike_B","Strike_B","Strike_B","Defend_B","Defend_B","Defend_B","Zap+1","Dualcast","Sweeping Beam","Go for the Eyes","Beam Cell","Redo","Rebound","BootSequence+1","Thunder Strike","Barrage","Genetic Algorithm+1","Leap+1","Fission+1","Fusion+1","Genetic Algorithm+1","Undo+1","Self Repair","Steam+1","Auto Shields+1","Self Repair+1","Master of Strategy+1","Swift Strike","Barrage","Thunder Strike","Sunder+1","Streamline","Stack+1"],"relics":["Cracked Core","Golden Idol","Old Coin","Toxic Egg 2","Orrery","Membership Card","Pantograph","Bronze Scales","Strange Spoon","Bag of Marbles","Juzu Bracelet","Bag of Preparation"],"potions_floor_usage":[6,16,18,24,24,31],"damage_taken":[{"damage":7,"enemies":"2 Louse","floor":1,"turns":2},{"damage":1,"enemies":"Cultist","floor":2,"turns":3},{"damage":3,"enemies":"Jaw Worm","floor":5,"turns":3},{"damage":7,"enemies":"Gremlin Nob","floor":6,"turns":4},{"damage":2,"enemies":"3 Louse","floor":8,"turns":2},{"damage":7,"enemies":"Blue Slaver","floor":10,"turns":2},{"damage":0,"enemies":"Looter","floor":11,"turns":2},{"damage":14,"enemies":"Large Slime","floor":12,"turns":5},{"damage":0,"enemies":"Blue Slaver","floor":13,"turns":3},{"damage":0,"enemies":"Exordium Wildlife","floor":14,"turns":3},{"damage":28,"enemies":"Slime Boss","floor":16,"turns":11},{"damage":37,"enemies":"3 Byrds","floor":18,"turns":6},{"damage":2,"enemies":"2 Thieves","floor":21,"turns":5},{"damage":3,"enemies":"Snake Plant","floor":23,"turns":4},{"damage":46,"enemies":"Slavers","floor":24,"turns":6},{"damage":12,"enemies":"Colosseum Slavers","floor":27,"turns":4},{"damage":27,"enemies":"3 Cultists","floor":31,"turns":6},{"damage":93,"enemies":"Automaton","floor":33,"turns":12}],"seed_played":"-4324966301317235302","potions_obtained":[{"floor":5,"key":"Block Potion"},{"floor":8,"key":"SneckoOil"},{"floor":12,"key":"SpeedPotion"},{"floor":13,"key":"Block Potion"},{"floor":16,"key":"Explosive Potion"},{"floor":23,"key":"Explosive Potion"}],"is_trial":false,"path_per_floor":["M","M","?","?","M","E","R","M","T","M","M","M","M","M","R","B",null,"M","$","?","M","$","M","E","?","T","?","R","?","R","M","R","B"],"character_chosen":"DEFECT","items_purchased":["Membership Card","Pantograph","Bronze Scales","Self Repair","Master of Strategy+1","Swift Strike","Strange Spoon","Thunder Strike","Bag of Marbles"],"campfire_rested":4,"item_purchase_floors":[19,19,19,19,19,19,22,22,22],"current_hp_per_floor":[68,67,49,49,46,39,61,59,59,52,52,38,38,38,60,32,75,45,45,45,60,60,57,21,46,46,44,66,66,66,46,68,0],"gold":79,"neow_bonus":"UPGRADE_CARD","is_prod":false,"is_daily":false,"chose_seed":false,"campfire_upgraded":1,"win_rate":0.0,"timestamp":1549863345,"path_taken":["M","M","?","?","M","E","R","M","T","M","M","M","M","M","R","BOSS","M","$","?","M","$","M","E","?","T","?","R","?","R","M","R","BOSS"],"build_version":"2019-01-23","purchased_purges":1,"victory":false,"max_hp_per_floor":[75,75,75,75,75,75,75,75,75,75,75,75,75,75,75,75,75,75,75,75,75,75,75,75,75,75,75,75,75,75,75,75,75],"card_choices":[{"not_picked":["Lockon","Beam Cell"],"picked":"Sweeping Beam","floor":1},{"not_picked":["Chaos","Cold Snap"],"picked":"Go for the Eyes","floor":2},{"not_picked":["Sweeping Beam","Storm"],"picked":"Beam Cell","floor":5},{"not_picked":["Gash","Streamline"],"picked":"Redo","floor":6},{"not_picked":["Coolheaded","Go for the Eyes"],"picked":"Rebound","floor":8},{"not_picked":["Beam Cell","Conserve Battery+1"],"picked":"BootSequence+1","floor":10},{"not_picked":["Barrage","Hologram+1"],"picked":"Thunder Strike","floor":11},{"not_picked":["Conserve Battery+1","Rebound"],"picked":"Barrage","floor":12},{"not_picked":["Barrage","Coolheaded+1"],"picked":"Genetic Algorithm+1","floor":13},{"not_picked":["Steam Power+1","Cold Snap"],"picked":"Leap+1","floor":14},{"not_picked":["Creative AI","All For One"],"picked":"Fission+1","floor":16},{"not_picked":["Rebound","Recycle+1"],"picked":"Fusion+1","floor":17},{"not_picked":["Beam Cell","Compile Driver"],"picked":"Genetic Algorithm+1","floor":17},{"not_picked":["Gash","Go for the Eyes"],"picked":"Undo+1","floor":17},{"not_picked":["Consume+1","Blizzard"],"picked":"Self Repair","floor":17},{"not_picked":["Rebound","Storm"],"picked":"Steam+1","floor":17},{"not_picked":["Machine Learning","Glacier+1"],"picked":"Auto Shields+1","floor":18},{"not_picked":["Turbo+1","Cold Snap"],"picked":"Barrage","floor":21},{"not_picked":["Ball Lightning","Conserve Battery+1"],"picked":"Sunder","floor":23},{"not_picked":["Double Energy+1","All For One"],"picked":"Streamline","floor":24},{"not_picked":["Consume+1","Barrage+1"],"picked":"Stack+1","floor":31}],"player_experience":35012,"relics_obtained":[{"floor":6,"key":"Old Coin"},{"floor":9,"key":"Toxic Egg 2"},{"floor":24,"key":"Juzu Bracelet"},{"floor":26,"key":"Bag of Preparation"}],"event_choices":[{"damage_healed":0,"gold_gain":0,"player_choice":"Take Damage","damage_taken":18,"relics_obtained":["Golden Idol"],"max_hp_gain":0,"max_hp_loss":0,"event_name":"Golden Idol","floor":3,"gold_loss":0},{"damage_healed":0,"gold_gain":0,"player_choice":"Ignored","damage_taken":0,"max_hp_gain":0,"max_hp_loss":0,"event_name":"Liars Game","floor":4,"gold_loss":0},{"damage_healed":0,"gold_gain":0,"player_choice":"Upgraded","damage_taken":0,"max_hp_gain":0,"max_hp_loss":0,"event_name":"Upgrade Shrine","floor":20,"gold_loss":0,"cards_upgraded":["Self Repair"]},{"damage_healed":25,"gold_gain":0,"player_choice":"Heal","damage_taken":0,"max_hp_gain":0,"max_hp_loss":0,"event_name":"The Library","floor":25,"gold_loss":0},{"damage_healed":0,"gold_gain":0,"player_choice":"Fight","damage_taken":0,"max_hp_gain":0,"max_hp_loss":0,"event_name":"Colosseum","floor":27,"gold_loss":0},{"damage_healed":0,"gold_gain":0,"player_choice":"Fled From Nobs","damage_taken":0,"max_hp_gain":0,"max_hp_loss":0,"event_name":"Colosseum","floor":27,"gold_loss":0},{"damage_healed":0,"gold_gain":0,"player_choice":"Ignored","damage_taken":0,"max_hp_gain":0,"max_hp_loss":0,"event_name":"The Mausoleum","floor":29,"gold_loss":0}],"is_beta":false,"boss_relics":[{"not_picked":["Astrolabe","Runic Dome"],"picked":"Orrery"}],"items_purged_floors":[19],"is_endless":false,"potions_floor_spawned":[5,8,12,13,14,16,23],"killed_by":"Automaton","ascension_level":0}