{"gold_per_floor":[99,99,24,24,24,24,24,24,24,24,24,24,24,24,24,24],"floor_reached":16,"playtime":989,"items_purged":[],"score":145,"play_id":"bb9522ed-3cfa-4270-8139-057a316abb1c","local_time":"20190102214537","is_ascension_mode":true,"campfire_choices":[{"data":"White Noise","floor":7,"key":"SMITH"},{"floor":12,"key":"REST"},{"floor":15,"key":"REST"}],"neow_cost":"NONE","seed_source_timestamp":1199235355044600,"circlet_count":0,"master_deck":["Strike_B","Strike_B","Strike_B","Defend_B","Defend_B","Defend_B","Defend_B","Zap","Dualcast","Coolheaded","Storm","Tempest","White Noise+1","Coolheaded","Multi-Cast","Chaos"],"relics":["Ectoplasm","MawBank","Smiling Mask","Strawberry","Lantern","Happy Flower"],"potions_floor_usage":[11,11,14,14],"damage_taken":[{"damage":2,"enemies":"Jaw Worm","floor":1,"turns":4},{"damage":0,"enemies":"Cultist","floor":5,"turns":4},{"damage":25,"enemies":"Lagavulin","floor":6,"turns":6},{"damage":35,"enemies":"3 Sentries","floor":8,"turns":7},{"damage":0,"enemies":"Small Slimes","floor":11,"turns":1},{"damage":22,"enemies":"Gremlin Nob","floor":14,"turns":4},{"damage":40,"enemies":"The Guardian","floor":16,"turns":9}],"seed_played":"-109291209100982784","potions_obtained":[{"floor":1,"key":"Energy Potion"},{"floor":6,"key":"Energy Potion"},{"floor":8,"key":"Energy Potion"},{"floor":11,"key":"SkillPotion"}],"is_trial":false,"path_per_floor":["M","?","$","?","M","E","R","E","T","$","M","R","?","E","R","B"],"character_chosen":"DEFECT","items_purchased":["Storm"],"campfire_rested":2,"item_purchase_floors":[3],"current_hp_per_floor":[73,73,73,73,73,48,48,20,20,20,20,44,37,15,39,0],"gold":24,"neow_bonus":"BOSS_RELIC","is_prod":false,"is_daily":false,"chose_seed":false,"campfire_upgraded":1,"win_rate":0,"timestamp":1546490737,"path_taken":["M","?","$","?","M","E","R","E","T","$","?","R","?","E","R","BOSS"],"build_version":"2018-12-20","purchased_purges":0,"victory":false,"max_hp_per_floor":[75,75,75,75,75,75,75,82,82,82,82,82,82,82,82,82],"card_choices":[{"not_picked":["Compile Driver","Capacitor"],"picked":"Coolheaded","floor":1},{"not_picked":["Steam","Double Energy"],"picked":"Tempest","floor":5},{"not_picked":["Gash","Leap"],"picked":"White Noise","floor":6},{"not_picked":["Rip and Tear","Streamline"],"picked":"Coolheaded","floor":8},{"not_picked":["Capacitor","Scrape"],"picked":"Multi-Cast","floor":11},{"not_picked":["Hello World","Fusion"],"picked":"Chaos","floor":14}],"player_experience":319539,"relics_obtained":[{"floor":4,"key":"MawBank"},{"floor":6,"key":"Smiling Mask"},{"floor":8,"key":"Strawberry"},{"floor":9,"key":"Lantern"},{"floor":14,"key":"Happy Flower"}],"event_choices":[{"damage_healed":0,"gold_gain":0,"player_choice":"Leave","damage_taken":0,"max_hp_gain":0,"max_hp_loss":0,"event_name":"The Cleric","floor":2,"gold_loss":0},{"damage_healed":0,"gold_gain":0,"player_choice":"Relic","damage_taken":0,"max_hp_gain":0,"max_hp_loss":0,"event_name":"Wheel of Change","floor":4,"gold_loss":0},{"cards_removed":["Strike_B"],"damage_healed":0,"gold_gain":0,"player_choice":"Card Removal","damage_taken":7,"max_hp_gain":0,"max_hp_loss":0,"event_name":"Golden Wing","floor":13,"gold_loss":0}],"is_beta":false,"boss_relics":[],"items_purged_floors":[],"is_endless":false,"potions_floor_spawned":[1,6,8,11],"killed_by":"The Guardian","ascension_level":5}