{"gold_per_floor":[117,132,145,157,59,59,75,109,156,185,185,195,195,215,215,310,310,310,310,29,29,29,29,29,29,29,29,29,29,29,29,29,29,29,29,29,29],"floor_reached":38,"playtime":4126,"items_purged":["Strike_R","Strike_R"],"score":656,"play_id":"99636571-b534-423f-9398-5850c67b368d","local_time":"20190306052308","is_ascension_mode":false,"campfire_choices":[{"data":"Uppercut","floor":6,"key":"SMITH"},{"data":"Limit Break","floor":11,"key":"SMITH"},{"data":"Armaments","floor":13,"key":"SMITH"},{"data":"Body Slam","floor":15,"key":"SMITH"},{"data":"Metallicize","floor":25,"key":"SMITH"},{"data":"Flex","floor":27,"key":"SMITH"},{"data":"Heavy Blade","floor":29,"key":"SMITH"},{"data":"Flame Barrier","floor":32,"key":"SMITH"}],"neow_cost":"NONE","seed_source_timestamp":42840171174936,"circlet_count":0,"master_deck":["Strike_R","Strike_R","Strike_R","Defend_R","Defend_R","Defend_R","Defend_R","Bash","Uppercut+1","Spot Weakness","Heavy Blade+1","Body Slam+1","Shrug It Off","Limit Break+1","Shrug It Off","Armaments+1","Feed","Flex+1","Whirlwind","Metallicize+1","Shrug It Off","Flame Barrier+1","Ghostly Armor+1","Reaper"],"relics":["Burning Blood","Anchor","Blood Vial","Shuriken","Ectoplasm","Red Skull","Centennial Puzzle","Sozu"],"potions_floor_usage":[8,10,23,28,33,33],"damage_taken":[{"damage":3,"enemies":"2 Louse","floor":1,"turns":3},{"damage":1,"enemies":"Cultist","floor":2,"turns":4},{"damage":1,"enemies":"Jaw Worm","floor":3,"turns":3},{"damage":11,"enemies":"Red Slaver","floor":4,"turns":4},{"damage":8,"enemies":"Large Slime","floor":7,"turns":7},{"damage":16,"enemies":"Lagavulin","floor":8,"turns":5},{"damage":22,"enemies":"3 Sentries","floor":10,"turns":8},{"damage":6,"enemies":"Lots of Slimes","floor":12,"turns":6},{"damage":0,"enemies":"2 Fungi Beasts","floor":14,"turns":3},{"damage":0,"enemies":"Slime Boss","floor":16,"turns":7},{"damage":2,"enemies":"Chosen","floor":18,"turns":4},{"damage":8,"enemies":"Shell Parasite","floor":21,"turns":3},{"damage":0,"enemies":"Cultist and Chosen","floor":22,"turns":4},{"damage":13,"enemies":"Gremlin Leader","floor":23,"turns":6},{"damage":6,"enemies":"Centurion and Healer","floor":30,"turns":7},{"damage":0,"enemies":"Snecko","floor":31,"turns":8},{"damage":33,"enemies":"Collector","floor":33,"turns":7},{"damage":1,"enemies":"3 Darklings","floor":35,"turns":3},{"damage":32,"enemies":"Time Eater","floor":37,"turns":10}],"seed_played":"-1578768112050604912","potions_obtained":[{"floor":2,"key":"Swift Potion"},{"floor":4,"key":"Weak Potion"},{"floor":8,"key":"Energy Potion"},{"floor":16,"key":"Poison Potion"},{"floor":18,"key":"FairyPotion"},{"floor":21,"key":"Block Potion"},{"floor":28,"key":"Fruit Juice"},{"floor":28,"key":"Strength Potion"},{"floor":28,"key":"Ancient Potion"}],"is_trial":false,"path_per_floor":["M","M","M","M","$","R","M","E","T","E","R","M","R","M","R","B",null,"M","?","$","M","M","E","$","R","T","R","?","R","M","M","R","B",null,"M","?","B",null],"character_chosen":"IRONCLAD","items_purchased":["Shrug It Off","Flex","Whirlwind","Metallicize"],"campfire_rested":0,"item_purchase_floors":[5,20,20,20],"current_hp_per_floor":[88,88,88,83,83,83,81,71,71,57,57,59,59,67,67,75,88,88,80,80,83,91,84,84,84,84,84,89,89,95,103,103,76,103,103,103,77],"gold":29,"neow_bonus":"TEN_PERCENT_HP_BONUS","is_prod":false,"is_daily":false,"chose_seed":false,"campfire_upgraded":8,"win_rate":0,"timestamp":1551817388,"path_taken":["M","M","M","M","$","R","M","E","T","E","R","M","R","M","R","BOSS","M","?","?","M","M","E","$","R","T","R","?","R","?","M","R","BOSS","M","?","BOSS"],"build_version":"2019-01-23","purchased_purges":2,"victory":true,"max_hp_per_floor":[88,88,88,88,88,88,88,88,88,88,88,88,88,88,88,88,88,88,88,88,91,91,91,91,91,91,91,96,96,100,103,103,103,103,103,103,103],"card_choices":[{"not_picked":["Heavy Blade","Clash"],"picked":"Uppercut","floor":1},{"not_picked":["Bloodletting","Havoc"],"picked":"Spot Weakness","floor":2},{"not_picked":["Clothesline","Thunderclap"],"picked":"Heavy Blade","floor":3},{"not_picked":["Thunderclap","Clash"],"picked":"Body Slam","floor":4},{"not_picked":["Flame Barrier","Headbutt"],"picked":"Limit Break","floor":7},{"not_picked":["Clothesline","Berserk","Thunderclap"],"picked":"SKIP","floor":8},{"not_picked":["Dual Wield","Headbutt"],"picked":"Shrug It Off","floor":10},{"not_picked":["Heavy Blade","Bloodletting"],"picked":"Armaments","floor":12},{"not_picked":["Heavy Blade","Anger","Clothesline"],"picked":"SKIP","floor":14},{"not_picked":["Dark Embrace","Fiend Fire"],"picked":"Feed","floor":16},{"not_picked":["Perfected Strike","Clash+1","Entrench+1"],"picked":"SKIP","floor":18},{"not_picked":["Pommel Strike","Warcry"],"picked":"Shrug It Off","floor":21},{"not_picked":["Feel No Pain","Twin Strike"],"picked":"Flame Barrier","floor":22},{"not_picked":["Second Wind","Cleave","Dual Wield"],"picked":"SKIP","floor":23},{"not_picked":["Anger","Reckless Charge","Dropkick"],"picked":"SKIP","floor":30},{"not_picked":["Heavy Blade","Flame Barrier"],"picked":"Ghostly Armor+1","floor":31},{"not_picked":["Feed","Berserk"],"picked":"Reaper","floor":33},{"not_picked":["Armaments","Dropkick+1","Ghostly Armor+1"],"picked":"SKIP","floor":35}],"player_experience":483772,"relics_obtained":[{"floor":8,"key":"Anchor"},{"floor":9,"key":"Blood Vial"},{"floor":10,"key":"Shuriken"},{"floor":23,"key":"Red Skull"},{"floor":26,"key":"Centennial Puzzle"}],"event_choices":[{"damage_healed":0,"gold_gain":0,"player_choice":"","damage_taken":8,"max_hp_gain":0,"max_hp_loss":0,"event_name":"Knowing Skull","floor":19,"potions_obtained":[],"gold_loss":0,"cards_obtained":[]},{"damage_healed":0,"gold_gain":0,"player_choice":"Got Potions","damage_taken":0,"max_hp_gain":0,"max_hp_loss":0,"event_name":"Lab","floor":28,"gold_loss":0},{"damage_healed":0,"gold_gain":0,"player_choice":"Took Portal","damage_taken":0,"max_hp_gain":0,"max_hp_loss":0,"event_name":"SecretPortal","floor":36,"gold_loss":0}],"is_beta":false,"boss_relics":[{"not_picked":["Black Star","Empty Cage"],"picked":"Ectoplasm"},{"not_picked":["Runic Dome","Lizard Tail"],"picked":"Sozu"}],"items_purged_floors":[5,20],"is_endless":false,"potions_floor_spawned":[2,4,8,16,18,21,22,31],"ascension_level":0}