{"gold_per_floor":[16,34,45,59,59,59,70,70,95,45,45,57,57,57,57,161,161,177,194,211,2,2,2,32,32,32,44,44,44,0,17,17,17],"floor_reached":33,"playtime":1609,"items_purged":[],"score":349,"play_id":"b67d9da8-a3a6-4b12-9c86-8ed8743ba89b","local_time":"20190218214100","is_ascension_mode":true,"campfire_choices":[{"data":"Body Slam","floor":6,"key":"SMITH"},{"data":"Impervious","floor":8,"key":"SMITH"},{"data":"Entrench","floor":13,"key":"SMITH"},{"floor":15,"key":"REST"},{"floor":23,"key":"REST"},{"data":"Bash","floor":25,"key":"SMITH"},{"data":"Seeing Red","floor":32,"key":"SMITH"}],"neow_cost":"NO_GOLD","seed_source_timestamp":40323770026047,"circlet_count":0,"master_deck":["Strike_R","Strike_R","Strike_R","Strike_R","Defend_R+1","Defend_R","Defend_R+1","Defend_R","Bash+1","Heavy Blade","Shrug It Off","Body Slam+1","Impervious+1","Entrench+1","Dark Embrace+1","Battle Trance+1","Impervious+1","Rampage+1","Seeing Red+1"],"relics":["Burning Blood","Orichalcum","Philosopher\u0027s Stone","DollysMirror","Omamori","Frozen Egg 2"],"potions_floor_usage":[16,16,19,24,33],"damage_taken":[{"damage":0,"enemies":"Small Slimes","floor":1,"turns":3},{"damage":8,"enemies":"Jaw Worm","floor":2,"turns":4},{"damage":0,"enemies":"Cultist","floor":3,"turns":4},{"damage":27,"enemies":"Gremlin Gang","floor":4,"turns":7},{"damage":9,"enemies":"Exordium Thugs","floor":7,"turns":5},{"damage":0,"enemies":"Blue Slaver","floor":12,"turns":4},{"damage":19,"enemies":"The Guardian","floor":16,"turns":16},{"damage":0,"enemies":"Spheric Guardian","floor":18,"turns":3},{"damage":31,"enemies":"3 Byrds","floor":19,"turns":9},{"damage":20,"enemies":"Sentry and Sphere","floor":20,"turns":6},{"damage":15,"enemies":"Slavers","floor":24,"turns":7},{"damage":0,"enemies":"Centurion and Healer","floor":27,"turns":6},{"damage":0,"enemies":"Snake Plant","floor":31,"turns":3},{"damage":89,"enemies":"Collector","floor":33,"turns":6}],"seed_played":"7970029687639999600","potions_obtained":[{"floor":4,"key":"FearPotion"},{"floor":7,"key":"EssenceOfSteel"},{"floor":12,"key":"Ancient Potion"},{"floor":16,"key":"Weak Potion"},{"floor":19,"key":"EssenceOfSteel"},{"floor":20,"key":"GamblersBrew"},{"floor":31,"key":"Weak Potion"}],"is_trial":false,"path_per_floor":["M","M","M","M","$","R","M","R","T","?","?","M","R","$","R","B",null,"M","M","M","$","?","R","E","R","T","M","?","?","?","M","R","B"],"character_chosen":"IRONCLAD","items_purchased":["DollysMirror"],"campfire_rested":2,"item_purchase_floors":[21],"current_hp_per_floor":[96,94,96,75,75,75,72,72,72,72,53,59,59,59,87,74,96,96,71,57,57,57,85,76,76,76,82,82,82,82,88,88,0],"gold":17,"neow_bonus":"TWENTY_PERCENT_HP_BONUS","is_prod":false,"is_daily":false,"chose_seed":false,"campfire_upgraded":5,"win_rate":0,"timestamp":1550547660,"path_taken":["M","M","M","M","$","R","M","R","T","?","?","M","R","?","R","BOSS","M","?","?","$","?","R","E","R","T","?","?","?","?","M","R","BOSS"],"build_version":"2019-01-23","purchased_purges":0,"victory":false,"max_hp_per_floor":[96,96,96,96,96,96,96,96,96,96,96,96,96,96,96,96,96,96,96,96,96,96,96,96,96,96,96,96,96,96,96,96,96],"card_choices":[{"not_picked":["Thunderclap","Clash"],"picked":"Heavy Blade","floor":1},{"not_picked":["Cleave","Perfected Strike"],"picked":"Shrug It Off","floor":2},{"not_picked":["Havoc","Perfected Strike","Uppercut"],"picked":"SKIP","floor":3},{"not_picked":["Clothesline","Armaments"],"picked":"Body Slam","floor":4},{"not_picked":["Whirlwind","Headbutt"],"picked":"Impervious","floor":7},{"not_picked":["Dual Wield","Wild Strike"],"picked":"Entrench","floor":12},{"not_picked":["Demon Form","Brutality"],"picked":"Dark Embrace","floor":16},{"not_picked":["Flex","Intimidate+1","Blood for Blood"],"picked":"SKIP","floor":18},{"not_picked":["Anger+1","Carnage","Whirlwind"],"picked":"SKIP","floor":19},{"not_picked":["Feel No Pain","Inflame"],"picked":"Battle Trance+1","floor":20},{"not_picked":["Sword Boomerang","Bloodletting+1"],"picked":"Rampage+1","floor":24},{"not_picked":["Iron Wave","Clash","Carnage"],"picked":"SKIP","floor":27},{"not_picked":["Warcry","Perfected Strike","Wild Strike+1"],"picked":"SKIP","floor":31}],"player_experience":221794,"relics_obtained":[{"floor":9,"key":"Orichalcum"},{"floor":24,"key":"Omamori"},{"floor":26,"key":"Frozen Egg 2"}],"event_choices":[{"cards_removed":["Strike_R"],"damage_healed":0,"gold_gain":0,"player_choice":"Card Removal","damage_taken":0,"max_hp_gain":0,"max_hp_loss":0,"event_name":"The Cleric","floor":10,"gold_loss":50},{"damage_healed":0,"gold_gain":0,"player_choice":"Entered Light","damage_taken":19,"max_hp_gain":0,"max_hp_loss":0,"event_name":"Shining Light","floor":11,"gold_loss":0,"cards_upgraded":["Defend_R","Defend_R"]},{"damage_healed":0,"gold_gain":0,"player_choice":"Upgraded","damage_taken":0,"max_hp_gain":0,"max_hp_loss":0,"event_name":"Upgrade Shrine","floor":22,"gold_loss":0,"cards_upgraded":["Dark Embrace"]},{"damage_healed":0,"gold_gain":0,"player_choice":"Smashed Altar","damage_taken":0,"max_hp_gain":0,"max_hp_loss":0,"event_name":"Forgotten Altar","floor":28,"gold_loss":0,"cards_obtained":["Decay"]},{"damage_healed":0,"gold_gain":0,"player_choice":"Read","damage_taken":0,"max_hp_gain":0,"max_hp_loss":0,"event_name":"The Library","floor":29,"gold_loss":0,"cards_obtained":["Seeing Red"]},{"damage_healed":0,"gold_gain":0,"player_choice":"Paid Fearfully","damage_taken":0,"max_hp_gain":0,"max_hp_loss":0,"event_name":"Masked Bandits","floor":30,"gold_loss":44}],"is_beta":false,"boss_relics":[{"not_picked":["Snecko Eye","Black Blood"],"picked":"Philosopher\u0027s Stone"}],"items_purged_floors":[],"is_endless":false,"potions_floor_spawned":[4,7,12,16,19,20,31],"killed_by":"Collector","ascension_level":3}