{"gold_per_floor":[115,125,75,93,93,93,119,119,145,175,175,175,195,195,195,295,295,312,343,355,41,41,41,73,73,99,117,117,133,133,33,33,128,128,145,145,163,208,220,220,220,220,245,258,269,144,161,172,172,172],"floor_reached":51,"playtime":13247,"items_purged":["Injury","Strike_R","Defend_R"],"score":805,"play_id":"29ed6f2e-ed87-47f5-9088-f4bc90e98a3d","local_time":"20180804015339","is_ascension_mode":true,"campfire_choices":[{"data":"Iron Wave","floor":6,"key":"SMITH"},{"data":"Spot Weakness","floor":8,"key":"SMITH"},{"data":"Battle Trance","floor":11,"key":"SMITH"},{"floor":15,"key":"REST"},{"data":"Barricade","floor":23,"key":"SMITH"},{"floor":25,"key":"REST"},{"floor":32,"key":"REST"},{"data":"Body Slam","floor":40,"key":"SMITH"},{"data":"Limit Break","floor":42,"key":"SMITH"},{"data":"Iron Wave","floor":49,"key":"SMITH"}],"neow_cost":"NONE","seed_source_timestamp":180122435224435,"circlet_count":0,"master_deck":["Defend_R","Defend_R","Bash+1","Twin Strike+1","Iron Wave+1","Spot Weakness+1","Battle Trance+1","Barricade+1","Shrug It Off+1","Cleave+1","Body Slam+1","Headbutt+1","Shrug It Off+1","Iron Wave+1","Limit Break+1","Whirlwind+1"],"relics":["Burning Blood","Centennial Puzzle","Lantern","Boot","Red Skull","Empty Cage","Red Mask","Matryoshka","Bag of Marbles","Art of War","Vajra","Velvet Choker","Du-Vu Doll","Champion Belt","Happy Flower","Whetstone"],"potions_floor_usage":[20,24,24,29,33,33,39,44],"damage_taken":[{"damage":5,"enemies":"Small Slimes","floor":1,"turns":6},{"damage":2,"enemies":"2 Louse","floor":2,"turns":3},{"damage":9,"enemies":"Jaw Worm","floor":4,"turns":3},{"damage":17,"enemies":"Gremlin Nob","floor":7,"turns":4},{"damage":33,"enemies":"Lagavulin","floor":10,"turns":5},{"damage":10,"enemies":"Large Slime","floor":13,"turns":3},{"damage":29,"enemies":"The Guardian","floor":16,"turns":9},{"damage":17,"enemies":"Shell Parasite","floor":18,"turns":8},{"damage":25,"floor":19,"turns":5},{"damage":20,"enemies":"2 Thieves","floor":20,"turns":4},{"damage":43,"enemies":"Slavers","floor":24,"turns":6},{"damage":1,"enemies":"Cultist and Chosen","floor":27,"turns":4},{"damage":0,"enemies":"Snake Plant","floor":29,"turns":2},{"damage":44,"enemies":"Champ","floor":33,"turns":14},{"damage":10,"enemies":"3 Darklings","floor":35,"turns":9},{"damage":0,"floor":36,"turns":5},{"damage":0,"enemies":"Orb Walker","floor":37,"turns":4},{"damage":8,"floor":38,"turns":9},{"damage":22,"enemies":"Transient","floor":39,"turns":5},{"damage":8,"enemies":"4 Shapes","floor":44,"turns":5},{"damage":3,"enemies":"Flame Bruiser 2 Orb","floor":45,"turns":5},{"damage":0,"enemies":"Maw","floor":47,"turns":7},{"damage":0,"enemies":"4 Shapes","floor":48,"turns":5},{"damage":40,"enemies":"Awakened One","floor":50,"turns":9}],"seed_played":"-5214476474699611678","potions_obtained":[{"floor":2,"key":"Dexterity Potion"},{"floor":4,"key":"Fire Potion"},{"floor":16,"key":"Block Potion"},{"floor":18,"key":"BloodPotion"},{"floor":20,"key":"PowerPotion"},{"floor":24,"key":"PowerPotion"},{"floor":29,"key":"Swift Potion"},{"floor":37,"key":"Swift Potion"},{"floor":38,"key":"SkillPotion"},{"floor":44,"key":"Strength Potion"},{"floor":48,"key":"SneckoOil"}],"is_trial":false,"path_per_floor":["M","M","?","M","?","R","E","R","T","E","R","?","M","?","R","B",null,"M","?","M","$","?","R","E","R","T","M","?","M","?","$","R","B",null,"M","?","M","?","M","R","?","R","T","M","M","$","M","M","R","B"],"character_chosen":"IRONCLAD","items_purchased":["Matryoshka"],"campfire_rested":3,"item_purchase_floors":[21],"current_hp_per_floor":[80,80,80,77,77,77,66,66,66,39,39,39,35,35,59,36,80,69,50,36,36,36,36,7,31,31,36,36,42,42,42,66,28,80,76,80,80,78,62,62,62,62,62,60,63,63,69,75,75,41],"gold":172,"neow_bonus":"RANDOM_COMMON_RELIC","is_prod":false,"is_daily":false,"chose_seed":false,"campfire_upgraded":7,"win_rate":0,"timestamp":1533340419,"path_taken":["M","M","?","M","?","R","E","R","T","E","R","?","?","?","R","BOSS","M","?","M","$","?","R","E","R","T","?","?","M","?","?","R","BOSS","M","?","M","?","M","R","?","R","T","M","?","?","M","M","R","BOSS"],"build_version":"2018-08-02","purchased_purges":3,"victory":true,"max_hp_per_floor":[80,80,80,80,80,80,80,80,80,80,80,80,80,80,80,80,80,80,80,80,80,80,80,80,80,80,80,80,80,80,80,80,80,80,80,80,80,80,80,80,80,80,80,80,80,80,80,80,80,80],"card_choices":[{"not_picked":["Clash","Feel No Pain"],"picked":"Twin Strike","floor":1},{"not_picked":["Sword Boomerang","Seeing Red","Burning Pact"],"picked":"SKIP","floor":2},{"not_picked":["Carnage","Juggernaut"],"picked":"Iron Wave","floor":4},{"not_picked":["Disarm","Burning Pact"],"picked":"Spot Weakness","floor":7},{"not_picked":["Intimidate","Immolate"],"picked":"Battle Trance","floor":10},{"not_picked":["Flex","Twin Strike","Seeing Red"],"picked":"SKIP","floor":13},{"not_picked":["Double Tap","Impervious"],"picked":"Barricade","floor":16},{"not_picked":["Seeing Red","Warcry+1"],"picked":"Shrug It Off+1","floor":18},{"not_picked":["Hemokinesis","Dual Wield"],"picked":"Cleave","floor":19},{"not_picked":["Sever Soul","Evolve"],"picked":"Body Slam","floor":20},{"not_picked":["Seeing Red","Spot Weakness"],"picked":"Headbutt+1","floor":24},{"not_picked":["Heavy Blade+1","Hemokinesis","Corruption+1"],"picked":"SKIP","floor":27},{"not_picked":["Sword Boomerang+1","Clash"],"picked":"Shrug It Off+1","floor":29},{"not_picked":["Cleave+1","Armaments+1"],"picked":"Iron Wave","floor":35},{"not_picked":["Infernal Blade+1","Reckless Charge","Rupture"],"picked":"SKIP","floor":37},{"not_picked":["Seeing Red+1","Headbutt"],"picked":"Limit Break","floor":38},{"not_picked":["Cleave","Dropkick","Warcry"],"picked":"SKIP","floor":39},{"not_picked":["Perfected Strike+1","Warcry","Pommel Strike"],"picked":"SKIP","floor":44},{"not_picked":["Warcry","Headbutt+1"],"picked":"Whirlwind+1","floor":45},{"not_picked":["Inflame","Clothesline+1","Cleave+1"],"picked":"SKIP","floor":47},{"not_picked":["Spot Weakness","Clash+1","Cleave"],"picked":"SKIP","floor":48}],"player_experience":481316,"relics_obtained":[{"floor":7,"key":"Lantern"},{"floor":9,"key":"Boot"},{"floor":10,"key":"Red Skull"},{"floor":19,"key":"Red Mask"},{"floor":24,"key":"Bag of Marbles"},{"floor":26,"key":"Art of War"},{"floor":26,"key":"Vajra"},{"floor":36,"key":"Du-Vu Doll"},{"floor":38,"key":"Champion Belt"},{"floor":43,"key":"Happy Flower"},{"floor":43,"key":"Whetstone"}],"event_choices":[{"event_name":"The Cleric","player_choice":"Card Removal","floor":3,"damage_taken":0},{"event_name":"Liars Game","player_choice":"disagreed","floor":5,"damage_taken":0},{"event_name":"Living Wall","player_choice":"Forget","floor":12,"damage_taken":0},{"event_name":"Accursed Blacksmith","player_choice":"Forge","floor":14,"damage_taken":0},{"event_name":"Masked Bandits","player_choice":"Fought over 312 gold","floor":19,"damage_taken":0},{"event_name":"Beggar","player_choice":"Ignored","floor":22,"damage_taken":0},{"event_name":"Vampires","player_choice":"Ignored","floor":28,"damage_taken":0},{"event_name":"Drug Dealer","player_choice":"Ignored","floor":30,"damage_taken":0},{"event_name":"MindBloom","player_choice":"Fight","floor":36,"damage_taken":0},{"event_name":"Mysterious Sphere","player_choice":"Fight","floor":38,"damage_taken":0},{"event_name":"Falling","player_choice":"Removed Skill","floor":41,"damage_taken":0}],"is_beta":false,"boss_relics":[{"not_picked":["Lizard Tail","Runic Dome"],"picked":"Empty Cage"},{"not_picked":["White Beast Statue","Coffee Dripper"],"picked":"Velvet Choker"}],"items_purged_floors":[21,31,46],"is_endless":false,"potions_floor_spawned":[2,4,16,18,20,24,29,37,38,44,48],"ascension_level":4}