{"gold_per_floor":[116,136,148,163,179,179,208,208,232,232,246,246,260,286,286,390,390,407,407,425,437,437],"floor_reached":22,"playtime":972,"items_purged":[],"score":270,"play_id":"5156df3e-73c6-4e0c-b213-bd8335298a27","local_time":"20190111040912","is_ascension_mode":true,"campfire_choices":[{"data":"Capacitor","floor":6,"key":"SMITH"},{"floor":8,"key":"REST"},{"data":"Streamline","floor":10,"key":"SMITH"},{"data":"Dualcast","floor":12,"key":"SMITH"},{"floor":15,"key":"REST"}],"neow_cost":"NONE","seed_source_timestamp":170055830574755,"circlet_count":0,"master_deck":["Strike_B","Strike_B","Defend_B","Defend_B","Defend_B","Defend_B","Zap","Dualcast+1","Capacitor+1","Coolheaded","Barrage","Cold Snap","Streamline+1","Cold Snap","Hologram","Conserve Battery","Barrage+1","Chill"],"relics":["Cracked Core","Letter Opener","Oddly Smooth Stone","Orichalcum","Empty Cage"],"potions_floor_usage":[5,14,20],"damage_taken":[{"damage":3,"enemies":"Small Slimes","floor":1,"turns":3},{"damage":7,"enemies":"Jaw Worm","floor":2,"turns":4},{"damage":0,"enemies":"Cultist","floor":3,"turns":4},{"damage":10,"enemies":"Exordium Wildlife","floor":4,"turns":4},{"damage":12,"enemies":"Lots of Slimes","floor":5,"turns":6},{"damage":15,"enemies":"Gremlin Nob","floor":7,"turns":4},{"damage":3,"enemies":"Looter","floor":11,"turns":3},{"damage":11,"enemies":"Blue Slaver","floor":13,"turns":2},{"damage":12,"enemies":"Lagavulin","floor":14,"turns":7},{"damage":14,"enemies":"The Guardian","floor":16,"turns":11},{"damage":9,"enemies":"3 Byrds","floor":18,"turns":6},{"damage":51,"enemies":"Colosseum Slavers","floor":19,"turns":7},{"damage":3,"enemies":"Shell Parasite","floor":20,"turns":8},{"damage":4,"enemies":"Shelled Parasite and Fungi","floor":21,"turns":8},{"damage":6,"enemies":"Snake Plant","floor":22,"turns":1}],"seed_played":"8095733687909448129","potions_obtained":[{"floor":2,"key":"Energy Potion"},{"floor":4,"key":"Energy Potion"},{"floor":14,"key":"Dexterity Potion"}],"is_trial":false,"path_per_floor":["M","M","M","M","M","R","E","R","T","R","M","R","M","E","R","B",null,"M","?","M","M","M"],"character_chosen":"DEFECT","items_purchased":[],"campfire_rested":2,"item_purchase_floors":[],"current_hp_per_floor":[72,65,65,55,43,43,28,52,52,52,49,49,38,26,50,36,71,62,11,8,4,0],"gold":437,"neow_bonus":"TEN_PERCENT_HP_BONUS","is_prod":false,"is_daily":false,"chose_seed":false,"campfire_upgraded":3,"win_rate":0,"timestamp":1547176152,"path_taken":["M","M","M","M","M","R","E","R","T","R","M","R","M","E","R","BOSS","M","?","M","M","M"],"build_version":"2019-01-03v4","purchased_purges":0,"victory":false,"max_hp_per_floor":[82,82,82,82,82,82,82,82,82,82,82,82,82,82,82,82,82,82,82,82,82,82],"card_choices":[{"not_picked":["Go for the Eyes","Conserve Battery"],"picked":"Capacitor","floor":1},{"not_picked":["Blizzard","Rebound"],"picked":"Coolheaded","floor":2},{"not_picked":["Go for the Eyes","Beam Cell"],"picked":"Barrage","floor":3},{"not_picked":["Coolheaded","Force Field"],"picked":"Cold Snap","floor":4},{"not_picked":["Coolheaded","Beam Cell"],"picked":"Streamline","floor":5},{"not_picked":["Leap","Doom and Gloom"],"picked":"Cold Snap","floor":7},{"not_picked":["Rebound","Meteor Strike","Leap"],"picked":"SKIP","floor":11},{"not_picked":["Beam Cell","Ball Lightning"],"picked":"Hologram","floor":13},{"not_picked":["Chaos","Steam"],"picked":"Conserve Battery","floor":14},{"not_picked":["Go for the Eyes","Coolheaded"],"picked":"Barrage+1","floor":18},{"not_picked":["Coolheaded","Hologram","Go for the Eyes"],"picked":"SKIP","floor":20},{"not_picked":["Stack","Redo+1"],"picked":"Chill","floor":21}],"player_experience":665842,"relics_obtained":[{"floor":7,"key":"Letter Opener"},{"floor":9,"key":"Oddly Smooth Stone"},{"floor":14,"key":"Orichalcum"}],"event_choices":[{"damage_healed":0,"gold_gain":0,"player_choice":"Fight","damage_taken":0,"max_hp_gain":0,"max_hp_loss":0,"event_name":"Colosseum","floor":19,"gold_loss":0},{"damage_healed":0,"gold_gain":0,"player_choice":"Fled From Nobs","damage_taken":0,"max_hp_gain":0,"max_hp_loss":0,"event_name":"Colosseum","floor":19,"gold_loss":0}],"is_beta":false,"boss_relics":[{"not_picked":["Busted Crown","Snecko Eye"],"picked":"Empty Cage"}],"items_purged_floors":[],"is_endless":false,"potions_floor_spawned":[2,4,14],"killed_by":"Snake Plant","ascension_level":7}