{"gold_per_floor":[114,68,84,5,80,80,108,108,134,161,173,185,221,233,245,377,389,420,432,18,18,38,38,82,82,108,132,132,176,201,126,126,251,251,267,280,300,300,324,324,324,324,324,324,338,3,3,336,336,336],"floor_reached":50,"playtime":2754,"items_purged":["Shame"],"score":788,"play_id":"cbc57fea-f406-4647-a0e9-86ffd132bf1a","local_time":"20190130193827","is_ascension_mode":true,"campfire_choices":[{"data":"Infernal Blade","floor":6.0,"key":"SMITH"},{"data":"Inflame","floor":12.0,"key":"SMITH"},{"data":"Defend_R","floor":15.0,"key":"SMITH"},{"data":"Fiend Fire","floor":23,"key":"SMITH"},{"floor":25,"key":"REST"},{"data":"Offering","floor":32,"key":"SMITH"},{"data":"Corruption","floor":40,"key":"SMITH"},{"data":"Dark Embrace","floor":42,"key":"SMITH"},{"data":"Battle Trance","floor":44,"key":"SMITH"},{"floor":47,"key":"REST"},{"data":"Spot Weakness","floor":49,"key":"SMITH"}],"neow_cost":"TEN_PERCENT_HP_LOSS","seed_source_timestamp":421598374247600,"circlet_count":0,"master_deck":["AscendersBane","Defend_R","Defend_R","Defend_R","Defend_R+1","Bash","Infernal Blade+1","Thunderclap","Cleave","Inflame+1","Barricade+1","Battle Trance+1","Flame Barrier+1","Fiend Fire+1","Spot Weakness+1","Ghostly Armor","Writhe","Headbutt+1","Bite","Bite","Bite","Bite","Bite","Offering+1","Dark Embrace+1","Pommel Strike+1","Corruption+1","Warcry+1","Writhe","Shrug It Off+1","Sentinel"],"special_seed":0,"relics":["Burning Blood","Thread and Needle","Meat on the Bone","MawBank","Cursed Key","Strawberry","WingedGreaves","Pantograph","Question Card","Sundial","Sozu","Paper Frog","Bottled Tornado"],"potions_floor_usage":[24,35],"damage_taken":[{"damage":0.0,"enemies":"Cultist","floor":1.0,"turns":4.0},{"damage":0.0,"enemies":"Small Slimes","floor":3.0,"turns":3.0},{"damage":23.0,"enemies":"3 Sentries","floor":7.0,"turns":5.0},{"damage":1.0,"enemies":"2 Louse","floor":10.0,"turns":2.0},{"damage":2.0,"enemies":"Looter","floor":13.0,"turns":3.0},{"damage":44,"enemies":"Hexaghost","floor":16,"turns":9},{"damage":5,"enemies":"Shell Parasite","floor":18,"turns":5},{"damage":18,"enemies":"2 Thieves","floor":22,"turns":3},{"damage":38,"enemies":"Book of Stabbing","floor":24,"turns":6},{"damage":21,"enemies":"Snecko","floor":27,"turns":5},{"damage":40,"enemies":"Gremlin Leader","floor":29,"turns":6},{"damage":16,"enemies":"Shelled Parasite and Fungi","floor":30,"turns":5},{"damage":85,"enemies":"Champ","floor":33,"turns":11},{"damage":18,"enemies":"3 Darklings","floor":35,"turns":5},{"damage":0,"enemies":"Orb Walker","floor":36,"turns":4},{"damage":44,"enemies":"Writhing Mass","floor":37,"turns":5},{"damage":8,"enemies":"Sphere and 2 Shapes","floor":39,"turns":3},{"damage":34,"enemies":"3 Darklings","floor":45,"turns":4},{"damage":96,"enemies":"Time Eater","floor":50,"turns":4}],"seed_played":"2776157790017733173","potions_obtained":[{"floor":1.0,"key":"AttackPotion"},{"floor":7.0,"key":"Swift Potion"},{"floor":18,"key":"SpeedPotion"},{"floor":33,"key":"Swift Potion"}],"is_trial":false,"path_per_floor":["M","$","M","$","?","R","E","?","T","M","?","R","M","?","R","B",null,"M","?","$","?","M","R","E","R","T","M","?","E","M","?","R","B",null,"M","M","M","?","M","R","?","R","T","R","M","$","R","?","R","B"],"character_chosen":"IRONCLAD","items_purchased":["Thunderclap","Inflame","Ghostly Armor","WingedGreaves","Bottled Tornado","Sentinel"],"campfire_rested":2,"item_purchase_floors":[2,4,20,20,46,46],"current_hp_per_floor":[72,72,72,72,61,61,44,44,44,49,49,49,53,53,53,27,57,58,65,65,65,53,53,33,55,55,54,54,38,50,50,50,21,61,57,71,55,55,59,59,59,59,59,59,47,47,68,68,68,0],"gold":336,"neow_bonus":"ONE_RARE_RELIC","is_prod":false,"is_daily":false,"chose_seed":false,"campfire_upgraded":9,"win_rate":0,"timestamp":1548895107,"path_taken":["M","?","M","$","?","R","E","?","T","M","?","R","?","?","R","BOSS","M","?","$","?","M","R","E","R","T","M","?","E","M","?","R","BOSS","M","M","M","?","M","R","?","R","T","R","M","$","R","?","R","BOSS"],"build_version":"2019-01-23","purchased_purges":1,"victory":false,"max_hp_per_floor":[72,72,72,72,72,72,72,67,67,67,67,67,67,67,67,67,67,67,74,74,74,74,74,74,74,74,74,74,74,74,74,74,74,74,74,74,74,74,74,74,70,70,70,70,70,70,70,70,70,70],"card_choices":[{"not_picked":["Shockwave","Warcry"],"picked":"Infernal Blade","floor":1.0},{"not_picked":["Armaments","Perfected Strike"],"picked":"Cleave","floor":3.0},{"not_picked":["Reckless Charge","Thunderclap"],"picked":"Barricade","floor":7.0},{"not_picked":["Clash","Corruption"],"picked":"Battle Trance","floor":10.0},{"not_picked":["True Grit","Pommel Strike"],"picked":"Flame Barrier","floor":13.0},{"not_picked":["Feed","Berserk"],"picked":"Fiend Fire","floor":16},{"not_picked":["Bloodletting","Fire Breathing"],"picked":"Spot Weakness","floor":18},{"not_picked":["Burning Pact","Iron Wave","Pommel Strike"],"picked":"SKIP","floor":22},{"not_picked":["Headbutt","Sword Boomerang","Rage"],"picked":"SKIP","floor":24},{"not_picked":["Sword Boomerang","Clash","Thunderclap"],"picked":"Headbutt+1","floor":27},{"not_picked":["Seeing Red+1","Twin Strike","Anger","Sever Soul"],"picked":"SKIP","floor":29},{"not_picked":["Armaments+1","Ghostly Armor","True Grit"],"picked":"Offering","floor":30},{"not_picked":["Fiend Fire","Juggernaut","Exhume"],"picked":"Dark Embrace","floor":33},{"not_picked":["Warcry+1","Rupture","Wild Strike"],"picked":"Pommel Strike+1","floor":35},{"not_picked":["Dropkick","Second Wind","Headbutt","Combust"],"picked":"SKIP","floor":36},{"not_picked":["Perfected Strike+1","Armaments+1","Thunderclap+1"],"picked":"Corruption","floor":37},{"not_picked":["Armaments+1","Rampage+1","Burning Pact"],"picked":"Warcry+1","floor":39},{"not_picked":["Warcry","Headbutt","Second Wind"],"picked":"Shrug It Off+1","floor":45}],"player_experience":551799,"relics_obtained":[{"floor":7.0,"key":"Meat on the Bone"},{"floor":9.0,"key":"MawBank"},{"floor":24,"key":"Question Card"},{"floor":26,"key":"Blood Vial"},{"floor":29,"key":"Sundial"},{"floor":43,"key":"Paper Frog"}],"event_choices":[{"damage_healed":0.0,"max_hp_gain":0.0,"max_hp_loss":0.0,"gold_gain":75.0,"event_name":"World of Goop","player_choice":"Gather Gold","floor":5.0,"gold_loss":0.0,"damage_taken":11.0},{"damage_healed":0.0,"max_hp_gain":0.0,"max_hp_loss":5.0,"gold_gain":0.0,"event_name":"Golden Idol","player_choice":"Lose Max HP","floor":8.0,"gold_loss":0.0,"damage_taken":0.0,"relics_obtained":["Golden Idol"]},{"damage_healed":0.0,"max_hp_gain":0.0,"max_hp_loss":0.0,"gold_gain":0.0,"event_name":"Accursed Blacksmith","player_choice":"Forge","floor":11.0,"gold_loss":0.0,"damage_taken":0.0,"cards_upgraded":["Barricade"]},{"damage_healed":0.0,"max_hp_gain":0.0,"max_hp_loss":0.0,"gold_gain":0.0,"event_name":"Living Wall","player_choice":"Grow","floor":14.0,"gold_loss":0.0,"damage_taken":0.0,"cards_upgraded":["Flame Barrier"]},{"damage_healed":0,"gold_gain":0,"player_choice":"Stole Relic","damage_taken":0,"relics_obtained":["Strawberry"],"max_hp_gain":0,"max_hp_loss":0,"event_name":"Addict","floor":19,"gold_loss":0,"cards_obtained":["Shame"]},{"damage_healed":0,"gold_gain":0,"player_choice":"Opened","damage_taken":0,"relics_obtained":["Pantograph"],"max_hp_gain":0,"max_hp_loss":0,"event_name":"The Mausoleum","floor":21,"gold_loss":0,"cards_obtained":["Writhe"]},{"damage_healed":0,"gold_gain":0,"player_choice":"Became a vampire (Vial)","damage_taken":0,"max_hp_gain":0,"max_hp_loss":0,"event_name":"Vampires","floor":28,"relics_lost":["Blood Vial"],"gold_loss":0,"cards_obtained":["Bite","Bite","Bite","Bite","Bite"]},{"cards_removed":["Writhe"],"damage_healed":0,"gold_gain":0,"player_choice":"Gave Gold","damage_taken":0,"max_hp_gain":0,"max_hp_loss":0,"event_name":"Beggar","floor":31,"gold_loss":75},{"damage_healed":0,"gold_gain":0,"player_choice":"Ignored","damage_taken":0,"max_hp_gain":0,"max_hp_loss":0,"event_name":"Tomb of Lord Red Mask","floor":38,"gold_loss":0},{"damage_healed":0,"gold_gain":0,"player_choice":"Max HP","damage_taken":0,"max_hp_gain":0,"max_hp_loss":4,"event_name":"Winding Halls","floor":41,"gold_loss":0},{"damage_healed":0,"gold_gain":333,"player_choice":"Gave Idol","damage_taken":0,"max_hp_gain":0,"max_hp_loss":0,"event_name":"The Moai Head","floor":48,"relics_lost":["Golden Idol"],"gold_loss":0}],"is_beta":true,"boss_relics":[{"not_picked":["Astrolabe","Runic Pyramid"],"picked":"Cursed Key"},{"not_picked":["Orrery","Mark of Pain"],"picked":"Sozu"}],"items_purged_floors":[20],"is_endless":false,"potions_floor_spawned":[1,7,18,33,35,37,39],"killed_by":"Time Eater","ascension_level":11}