{"gold_per_floor":[20,20,20,20,20,20,33,53,53,53,53,53,3,28,28,156,156,175,175,100,120,120,120,120,120,120,120,138,138,152,152,152,255,255,267,287,387,287,287,306,306,321,321,339,339,87,87,107,107,107],"floor_reached":51,"playtime":2420,"items_purged":["Strike_G","Strike_G","Strike_G+1"],"score":933,"play_id":"868a23c6-a054-4066-abc5-56536bc492f8","local_time":"20190111162438","is_ascension_mode":true,"campfire_choices":[{"data":"Neutralize","floor":6.0,"key":"SMITH"},{"data":"Survivor","floor":10.0,"key":"SMITH"},{"data":"Defend_G","floor":12.0,"key":"SMITH"},{"floor":15.0,"key":"REST"},{"data":"Grand Finale","floor":23.0,"key":"SMITH"},{"data":"Defend_G","floor":32.0,"key":"SMITH"},{"floor":41.0,"key":"RECALL"},{"floor":45.0,"key":"REST"},{"floor":47.0,"key":"REST"},{"floor":49.0,"key":"REST"}],"neow_cost":"NO_GOLD","seed_source_timestamp":161187380297239,"circlet_count":0,"master_deck":["Defend_G+1","Defend_G+1","Defend_G+1","Strike_G+1","Survivor+1","Neutralize+1","Grand Finale+1","Calculated Gamble+1","Footwork+1","Well Laid Plans+1","Noxious Fumes+1","Backflip+1"],"special_seed":0,"relics":["Ring of the Serpent","Bloody Idol","Letter Opener","Bronze Scales","Enchiridion","Mango","White Beast Statue","Frozen Egg 2"],"potions_floor_usage":[50,50,50],"damage_taken":[{"damage":3.0,"enemies":"Jaw Worm","floor":1.0,"turns":6.0},{"damage":0.0,"enemies":"2 Louse","floor":7.0,"turns":4.0},{"damage":0.0,"enemies":"Small Slimes","floor":8.0,"turns":3.0},{"damage":7.0,"enemies":"Exordium Thugs","floor":14.0,"turns":6.0},{"damage":41.0,"enemies":"Hexaghost","floor":16.0,"turns":12.0},{"damage":5.0,"enemies":"Shell Parasite","floor":18.0,"turns":13.0},{"damage":3.0,"enemies":"3 Byrds","floor":21.0,"turns":4.0},{"damage":0.0,"enemies":"Shelled Parasite and Fungi","floor":28.0,"turns":6.0},{"damage":0.0,"enemies":"3 Cultists","floor":30.0,"turns":2.0},{"damage":7.0,"enemies":"Automaton","floor":33.0,"turns":12.0},{"damage":0.0,"enemies":"Orb Walker","floor":35.0,"turns":4.0},{"damage":0.0,"enemies":"3 Shapes","floor":36.0,"turns":7.0},{"damage":0.0,"enemies":"Spire Growth","floor":40.0,"turns":4.0},{"damage":20.0,"enemies":"Sphere and 2 Shapes","floor":42.0,"turns":8.0},{"damage":36.0,"enemies":"Maw","floor":44.0,"turns":13.0},{"damage":33.0,"enemies":"4 Shapes","floor":48.0,"turns":6.0},{"damage":15,"enemies":"Awakened One","floor":50,"turns":11}],"seed_played":"5834319453363629244","potions_obtained":[{"floor":14.0,"key":"GamblersBrew"},{"floor":16.0,"key":"LiquidBronze"},{"floor":21.0,"key":"Regen Potion"},{"floor":30.0,"key":"FearPotion"},{"floor":35.0,"key":"AttackPotion"},{"floor":36.0,"key":"GamblersBrew"},{"floor":42.0,"key":"PowerPotion"},{"floor":44.0,"key":"SpeedPotion"},{"floor":48.0,"key":"Fruit Juice"}],"is_trial":false,"path_per_floor":["M","?","?","?","$","R","M","M","T","R","?","R","?","M","R","B",null,"M","?","$","M","$","R","?","?","T","?","M","$","M","?","R","B",null,"M","M","?","$","?","M","R","M","T","M","R","$","R","M","R","B",null],"character_chosen":"THE_SILENT","items_purchased":["Noxious Fumes+1","Dexterity Potion"],"campfire_rested":4,"item_purchase_floors":[46,46],"current_hp_per_floor":[60,60,60,53,53,53,53,53,53,53,40,40,40,33,52,11,52,47,47,47,44,44,44,65,49,63,63,63,63,63,63,63,61,75,79,79,79,79,79,79,79,64,64,48,71,71,79,51,74,64],"gold":107,"neow_bonus":"THREE_RARE_CARDS","is_prod":false,"is_daily":false,"chose_seed":false,"campfire_upgraded":5,"win_rate":0,"timestamp":1547241878,"path_taken":["M","?","?","?","$","R","?","M","T","R","?","R","?","M","R","BOSS","M","?","$","M","$","R","?","?","T","?","?","$","M","?","R","BOSS","M","M","?","?","?","M","R","?","T","M","R","$","R","M","R","BOSS"],"build_version":"2019-01-10","purchased_purges":3,"victory":true,"max_hp_per_floor":[70,70,65,65,65,65,65,65,65,65,65,65,65,65,65,65,65,65,65,65,65,65,65,65,65,79,79,79,79,79,79,79,79,79,79,79,79,79,79,79,79,79,79,79,79,79,79,79,79,84],"card_choices":[{"not_picked":["Bullet Time","Adrenaline"],"picked":"Grand Finale","floor":0.0},{"not_picked":["PiercingWail","Dagger Spray","Sucker Punch"],"picked":"SKIP","floor":1.0},{"not_picked":["Burst","Backflip","Poisoned Stab"],"picked":"SKIP","floor":7.0},{"not_picked":["Sucker Punch","Slice","Flying Knee"],"picked":"SKIP","floor":8.0},{"not_picked":["Dodge and Roll","Bane","Dagger Spray"],"picked":"SKIP","floor":14.0},{"not_picked":["Deadly Poison+1","Poisoned Stab+1","Bane"],"picked":"SKIP","floor":18.0},{"not_picked":["Outmaneuver","Acrobatics"],"picked":"Calculated Gamble+1","floor":21.0},{"not_picked":["Cloak And Dagger","Expertise"],"picked":"Footwork+1","floor":28.0},{"not_picked":["Acrobatics","Underhanded Strike+1","Backflip"],"picked":"SKIP","floor":30.0},{"not_picked":["Blade Dance+1","Reflex","Poisoned Stab"],"picked":"SKIP","floor":35.0},{"not_picked":["Poisoned Stab","Flying Knee+1","Tactician+1"],"picked":"SKIP","floor":36.0},{"not_picked":["PiercingWail","Finisher","Sucker Punch+1"],"picked":"SKIP","floor":40.0},{"not_picked":["Predator","Concentrate","Dodge and Roll"],"picked":"SKIP","floor":42.0},{"not_picked":["Cloak And Dagger+1","Dagger Spray"],"picked":"Well Laid Plans+1","floor":44.0},{"not_picked":["Sucker Punch","Expertise"],"picked":"Backflip+1","floor":48.0}],"player_experience":491474,"relics_obtained":[{"floor":9.0,"key":"Bronze Scales"},{"floor":25.0,"key":"Enchiridion"},{"floor":26.0,"key":"Mango"},{"floor":43.0,"key":"Frozen Egg 2"}],"event_choices":[{"cards_removed":["Strike_G"],"damage_healed":0.0,"max_hp_gain":0.0,"max_hp_loss":0.0,"gold_gain":0.0,"event_name":"Living Wall","player_choice":"Forget","floor":2.0,"gold_loss":0.0,"damage_taken":0.0},{"damage_healed":0.0,"max_hp_gain":0.0,"max_hp_loss":5.0,"gold_gain":0.0,"event_name":"Golden Idol","player_choice":"Lose Max HP","floor":3.0,"gold_loss":0.0,"damage_taken":0.0,"relics_obtained":["Golden Idol"]},{"damage_healed":0.0,"max_hp_gain":0.0,"max_hp_loss":0.0,"gold_gain":0.0,"event_name":"Scrap Ooze","player_choice":"Success","floor":4.0,"gold_loss":0.0,"damage_taken":7.0,"relics_obtained":["Letter Opener"]},{"damage_healed":0.0,"max_hp_gain":0.0,"max_hp_loss":0.0,"gold_gain":0.0,"event_name":"Shining Light","player_choice":"Entered Light","floor":11.0,"gold_loss":0.0,"damage_taken":13.0,"cards_upgraded":["Strike_G","Strike_G"]},{"cards_removed":["Defend_G"],"damage_healed":0.0,"max_hp_gain":0.0,"max_hp_loss":0.0,"gold_gain":0.0,"event_name":"The Cleric","player_choice":"Card Removal","floor":13.0,"gold_loss":50.0,"damage_taken":0.0},{"damage_healed":0.0,"max_hp_gain":0.0,"max_hp_loss":0.0,"gold_gain":0.0,"event_name":"Vampires","player_choice":"Ignored","floor":19.0,"gold_loss":0.0,"damage_taken":0.0},{"damage_healed":21.0,"max_hp_gain":0.0,"max_hp_loss":0.0,"gold_gain":0.0,"event_name":"The Library","player_choice":"Heal","floor":24.0,"gold_loss":0.0,"damage_taken":0.0},{"damage_healed":0.0,"max_hp_gain":0.0,"max_hp_loss":0.0,"gold_gain":0.0,"event_name":"Cursed Tome","player_choice":"Obtained Book","floor":25.0,"gold_loss":0.0,"damage_taken":16.0},{"damage_healed":0.0,"max_hp_gain":0.0,"max_hp_loss":0.0,"gold_gain":0.0,"event_name":"Accursed Blacksmith","player_choice":"Forge","floor":27.0,"gold_loss":0.0,"damage_taken":0.0,"cards_upgraded":["Defend_G"]},{"damage_healed":0.0,"max_hp_gain":0.0,"max_hp_loss":0.0,"gold_gain":0.0,"event_name":"Forgotten Altar","player_choice":"Gave Idol","floor":31.0,"relics_lost":["Golden Idol"],"gold_loss":0.0,"damage_taken":0.0,"relics_obtained":["Bloody Idol"]},{"damage_healed":0.0,"max_hp_gain":0.0,"max_hp_loss":0.0,"gold_gain":100.0,"event_name":"Golden Shrine","player_choice":"Pray","floor":37.0,"gold_loss":0.0,"damage_taken":0.0},{"cards_removed":["Defend_G"],"damage_healed":0.0,"max_hp_gain":0.0,"max_hp_loss":0.0,"gold_gain":0.0,"event_name":"Bonfire Elementals","player_choice":"Offered Basic","floor":39.0,"gold_loss":0.0,"damage_taken":0.0}],"is_beta":true,"boss_relics":[{"not_picked":["Velvet Choker","Fusion Hammer"],"picked":"Ring of the Serpent"},{"not_picked":["Coffee Dripper","Lizard Tail"],"picked":"White Beast Statue"}],"items_purged_floors":[20,38,46],"is_endless":false,"potions_floor_spawned":[14,16,21,30,35,36,40,42,44,48],"ascension_level":6}