{"gold_per_floor":[119,119,119,135,155,155,188,207,207,207],"floor_reached":10,"playtime":404,"items_purged":[],"score":99,"play_id":"3c3977ac-da2c-41ec-9144-7ce37f28da28","local_time":"20181114191711","is_ascension_mode":true,"campfire_choices":[{"data":"Dualcast","floor":6,"key":"SMITH"}],"neow_cost":"PERCENT_DAMAGE","seed_source_timestamp":868734447911765,"circlet_count":0,"master_deck":["Strike_B","Strike_B","Strike_B","Strike_B","Defend_B","Defend_B","Defend_B","Defend_B","Zap+1","Dualcast+1","Glacier","Leap","Genetic Algorithm","Hologram"],"relics":["Cracked Core","Dead Branch","Golden Idol","Mango","Molten Egg 2"],"potions_floor_usage":[10,10],"damage_taken":[{"damage":0,"enemies":"Cultist","floor":1,"turns":3},{"damage":6,"enemies":"2 Louse","floor":4,"turns":3},{"damage":0,"enemies":"Jaw Worm","floor":5,"turns":4},{"damage":20,"enemies":"Lagavulin","floor":7,"turns":11},{"damage":4,"enemies":"Red Slaver","floor":8,"turns":3},{"damage":62,"enemies":"Gremlin Nob","floor":10,"turns":6}],"seed_played":"-270423135939684331","potions_obtained":[{"floor":5,"key":"Swift Potion"},{"floor":7,"key":"SkillPotion"}],"is_trial":false,"path_per_floor":["M","?","?","M","M","R","E","M","T","E"],"character_chosen":"DEFECT","items_purchased":[],"campfire_rested":0,"item_purchase_floors":[],"current_hp_per_floor":[50,50,50,44,44,44,38,34,34,0],"gold":207,"neow_bonus":"ONE_RARE_RELIC","is_prod":false,"is_daily":false,"chose_seed":false,"campfire_upgraded":1,"win_rate":0,"timestamp":1542241031,"path_taken":["M","?","?","M","M","R","E","M","T","E"],"build_version":"2018-11-13","purchased_purges":0,"victory":false,"max_hp_per_floor":[75,69,69,69,69,69,83,83,83,83],"card_choices":[{"not_picked":["Ball Lightning","Sunder"],"picked":"Glacier","floor":1},{"not_picked":["Compile Driver","Lockon"],"picked":"Leap","floor":4},{"not_picked":["Glacier","Beam Cell"],"picked":"Genetic Algorithm","floor":5},{"not_picked":["Compile Driver","Cold Snap","Darkness"],"picked":"SKIP","floor":7},{"not_picked":["Go for the Eyes","Cold Snap"],"picked":"Hologram","floor":8}],"player_experience":367698,"relics_obtained":[{"floor":7,"key":"Mango"},{"floor":9,"key":"Molten Egg 2"}],"event_choices":[{"damage_healed":0,"gold_gain":0,"player_choice":"Lose Max HP","damage_taken":0,"relics_obtained":["Golden Idol"],"max_hp_gain":0,"max_hp_loss":6,"event_name":"Golden Idol","floor":2,"gold_loss":0},{"damage_healed":0,"gold_gain":0,"player_choice":"Grow","damage_taken":0,"max_hp_gain":0,"max_hp_loss":0,"event_name":"Living Wall","floor":3,"gold_loss":0,"cards_upgraded":["Zap"]}],"is_beta":true,"boss_relics":[],"items_purged_floors":[],"is_endless":false,"potions_floor_spawned":[5,7],"killed_by":"Gremlin Nob","ascension_level":9}