{"path_per_floor":["M","$","?","M","M","E","?","E","T","R","?","R","M","M","R","B",null,"M","M","M","T","?","R"],"character_chosen":"DEFECT","items_purchased":["FTL","Storm"],"gold_per_floor":[119,5,5,19,36,62,12,43,43,43,43,43,60,78,78,173,173,184,202,215,215,215,215,215],"floor_reached":24,"campfire_rested":0,"playtime":943,"item_purchase_floors":[2,2],"current_hp_per_floor":[75,75,75,75,75,62,62,46,56,56,56,56,57,60,60,40,85,67,74,58,58,42,42,0],"items_purged":[],"gold":215,"score":231,"play_id":"80bd02ed-690b-4698-a7de-c0e9414b3d5a","local_time":"20180605190932","is_prod":false,"is_daily":false,"chose_seed":false,"is_ascension_mode":false,"campfire_upgraded":4,"win_rate":0.0,"timestamp":1528218572,"campfire_choices":[{"data":"Storm","floor":10,"key":"SMITH"},{"data":"Self Repair","floor":12,"key":"SMITH"},{"data":"Defragment","floor":15,"key":"SMITH"},{"data":"Rainbow","floor":23,"key":"SMITH"}],"path_taken":["M","$","?","M","?","E","?","E","T","R","?","R","M","M","R","BOSS","M","M","?","?","?","R","E"],"build_version":"2018-05-31","seed_source_timestamp":325000757599234,"purchased_purges":0,"victory":false,"master_deck":["Defend_B","Defend_B","Defend_B","Zap","Dualcast","Self Repair","FTL","Storm+1","Loop+1","Rip and Tear","Self Repair+1","Heatsinks","Double Energy","Defragment+1","Rainbow+1","Thunder Strike+1","Hello World+1","Thunder Strike+1","Reprogram+1"],"max_hp_per_floor":[75,75,75,75,75,75,75,75,85,85,85,85,85,85,85,85,85,85,85,85,85,90,90,90],"relics":["Cracked Core","Ginger","Letter Opener","Pear","Astrolabe","Bird Faced Urn"],"card_choices":[{"not_picked":["Streamline","Hologram"],"picked":"Self Repair","floor":1},{"not_picked":["Turbo","Beam Cell"],"picked":"Rip and Tear","floor":4},{"not_picked":["Conserve Battery","Leap","Turbo"],"picked":"SKIP","floor":5},{"not_picked":["Steam Power","Scrape"],"picked":"Self Repair","floor":6},{"not_picked":["Barrage","Conserve Battery"],"picked":"Heatsinks","floor":8},{"not_picked":["Sweeping Beam","Chaos"],"picked":"Double Energy","floor":13},{"not_picked":["Rebound","Stack"],"picked":"Defragment","floor":14},{"not_picked":["Seek","Core Surge"],"picked":"Rainbow","floor":16},{"not_picked":["Coolheaded","Turbo","Leap"],"picked":"SKIP","floor":18},{"not_picked":["Leap","Go for the Eyes"],"picked":"Reprogram+1","floor":19},{"not_picked":["Cold Snap","Stack","Double Energy"],"picked":"SKIP","floor":20}],"player_experience":321228,"potions_floor_usage":[20],"damage_taken":[{"damage":0,"enemies":"Cultist","floor":1,"turns":3},{"damage":7,"enemies":"Small Slimes","floor":4,"turns":4},{"damage":1,"enemies":"Jaw Worm","floor":5,"turns":3},{"damage":20,"enemies":"3 Sentries","floor":6,"turns":6},{"damage":30,"enemies":"Gremlin Nob","floor":8,"turns":4},{"damage":16,"enemies":"Large Slime","floor":13,"turns":3},{"damage":14,"enemies":"3 Louse","floor":14,"turns":3},{"damage":37,"enemies":"Hexaghost","floor":16,"turns":6},{"damage":35,"enemies":"2 Thieves","floor":18,"turns":3},{"damage":10,"enemies":"Chosen","floor":19,"turns":3},{"damage":33,"enemies":"Snake Plant","floor":20,"turns":3},{"damage":61,"enemies":"Gremlin Leader","floor":24,"turns":5}],"relics_obtained":[{"floor":6,"key":"Ginger"},{"floor":8,"key":"Letter Opener"},{"floor":9,"key":"Pear"},{"floor":21,"key":"Bird Faced Urn"}],"event_choices":[{"event_name":"Transmorgrifier","player_choice":"Transform","floor":3,"damage_taken":0},{"event_name":"The Cleric","player_choice":"Card Removal","floor":7,"damage_taken":0},{"event_name":"Living Wall","player_choice":"Grow","floor":11,"damage_taken":0},{"event_name":"Forgotten Altar","player_choice":"Shed Blood","floor":22,"damage_taken":0}],"boss_relics":[{"not_picked":["Runic Pyramid","Orrery"],"picked":"Astrolabe"}],"items_purged_floors":[],"potions_floor_spawned":[4,5,6,16],"seed_played":"-1924673079302517789","killed_by":"Gremlin Leader","ascension_level":0,"potions_obtained":[{"floor":4,"key":"SteroidPotion"},{"floor":5,"key":"GamblersBrew"},{"floor":6,"key":"SneckoOil"},{"floor":16,"key":"SpeedPotion"}],"is_trial":false}