{"gold_per_floor":[211,102,102,122,54,54,68,68,123,135,149,149,178,70,70,168,168,179,199,0,19,36,36,36,36],"floor_reached":25,"playtime":1101,"items_purged":["Decay"],"score":294,"play_id":"70528463-2638-4ba1-9acb-a0e22dc0d8f3","local_time":"20190115154054","is_ascension_mode":true,"campfire_choices":[{"data":"Neutralize","floor":6,"key":"SMITH"},{"data":"Bouncing Flask","floor":8,"key":"SMITH"},{"data":"Catalyst","floor":12,"key":"SMITH"},{"floor":15,"key":"REST"},{"floor":23,"key":"REST"}],"neow_cost":"NONE","seed_source_timestamp":429953601023300,"circlet_count":0,"master_deck":["Defend_G","Defend_G","Defend_G","Defend_G","Defend_G","Strike_G","Strike_G","Strike_G","Strike_G","Strike_G","Survivor","Neutralize+1","Deflect","Footwork","Blur","Bouncing Flask+1","Catalyst+1","Bane","Deadly Poison","Leg Sweep","Catalyst","Burst","Deadly Poison+1","PiercingWail","Crippling Poison","Blur"],"relics":["Ring of the Serpent","Potion Belt","Happy Flower"],"potions_floor_usage":[10,16,25,25,25],"damage_taken":[{"damage":1,"enemies":"Cultist","floor":1,"turns":4},{"damage":0,"enemies":"2 Louse","floor":4,"turns":3},{"damage":0,"enemies":"Small Slimes","floor":7,"turns":6},{"damage":6,"enemies":"Gremlin Gang","floor":10,"turns":5},{"damage":5,"enemies":"Exordium Wildlife","floor":11,"turns":9},{"damage":41,"enemies":"3 Sentries","floor":13,"turns":11},{"damage":30,"enemies":"Slime Boss","floor":16,"turns":16},{"damage":21,"enemies":"2 Thieves","floor":18,"turns":5},{"damage":12,"enemies":"Spheric Guardian","floor":19,"turns":4},{"damage":16,"enemies":"Chosen and Byrds","floor":21,"turns":8},{"damage":13,"enemies":"Snake Plant","floor":22,"turns":4},{"damage":27,"enemies":"Slavers","floor":25,"turns":4}],"seed_played":"-3474415605561810440","potions_obtained":[{"floor":4,"key":"Energy Potion"},{"floor":7,"key":"Fire Potion"},{"floor":10,"key":"LiquidBronze"},{"floor":13,"key":"Ancient Potion"},{"floor":18,"key":"Explosive Potion"},{"floor":19,"key":"FairyPotion"},{"floor":21,"key":"FearPotion"},{"floor":22,"key":"Block Potion"},{"floor":24,"key":"Block Potion"},{"floor":24,"key":"EntropicBrew"}],"is_trial":false,"path_per_floor":["M","$","?","M","$","R","M","R","T","M","M","R","E","$","R","B",null,"M","M","?","M","M","R","?","E"],"character_chosen":"THE_SILENT","items_purchased":["Footwork","Blur","Catalyst","Catalyst"],"campfire_rested":2,"item_purchase_floors":[2,2,5,14],"current_hp_per_floor":[62,62,62,62,62,62,62,62,62,56,51,51,10,10,31,1,53,32,20,20,4,1,22,22,0],"gold":36,"neow_bonus":"HUNDRED_GOLD","is_prod":false,"is_daily":false,"chose_seed":false,"campfire_upgraded":3,"win_rate":0,"timestamp":1547563254,"path_taken":["M","$","?","M","$","R","?","R","T","?","?","R","E","$","R","BOSS","M","M","?","M","M","R","?","E"],"build_version":"2019-01-10","purchased_purges":1,"victory":false,"max_hp_per_floor":[70,70,70,70,70,70,70,70,70,70,70,70,70,70,70,70,70,70,70,70,70,70,70,70,70],"card_choices":[{"not_picked":["Prepared","Blur"],"picked":"Deflect","floor":1},{"not_picked":["Flying Knee","Outmaneuver"],"picked":"Bouncing Flask","floor":4},{"not_picked":["Prepared","Choke","Acrobatics"],"picked":"SKIP","floor":7},{"not_picked":["Dagger Throw","Quick Slash"],"picked":"Bane","floor":10},{"not_picked":["Acrobatics","Terror"],"picked":"Deadly Poison","floor":11},{"not_picked":["Outmaneuver","Concentrate"],"picked":"Leg Sweep","floor":13},{"not_picked":["Doppelganger","Malaise"],"picked":"Burst","floor":16},{"not_picked":["Eviscerate","Setup"],"picked":"Deadly Poison+1","floor":18},{"not_picked":["Flechettes+1","Poisoned Stab+1"],"picked":"PiercingWail","floor":19},{"not_picked":["Finisher","Cloak And Dagger+1"],"picked":"Crippling Poison","floor":21},{"not_picked":["Bane","Concentrate"],"picked":"Blur","floor":22}],"player_experience":377506,"relics_obtained":[{"floor":9,"key":"Potion Belt"},{"floor":13,"key":"Happy Flower"}],"event_choices":[{"damage_healed":0,"gold_gain":0,"player_choice":"Cursed","damage_taken":0,"max_hp_gain":0,"max_hp_loss":0,"event_name":"Wheel of Change","floor":3,"gold_loss":0,"cards_obtained":["Decay"]},{"damage_healed":0,"gold_gain":0,"player_choice":"Paid Fearfully","damage_taken":0,"max_hp_gain":0,"max_hp_loss":0,"event_name":"Masked Bandits","floor":20,"gold_loss":199},{"damage_healed":0,"gold_gain":0,"player_choice":"Got Potions","damage_taken":0,"max_hp_gain":0,"max_hp_loss":0,"event_name":"Lab","floor":24,"gold_loss":0}],"is_beta":false,"boss_relics":[{"not_picked":["Runic Dome","Coffee Dripper"],"picked":"Ring of the Serpent"}],"items_purged_floors":[14],"is_endless":false,"potions_floor_spawned":[4,7,10,13,18,19,21,22],"killed_by":"Slavers","ascension_level":9}