{"gold_per_floor":[113,38,38,50,50,81,81,97,97,97,97,115,115,145,145,145],"floor_reached":16,"playtime":525,"items_purged":["Strike_R"],"score":162,"play_id":"643e402b-d15e-4a8d-8185-360941606c3a","local_time":"20190111182124","is_ascension_mode":true,"campfire_choices":[{"data":"Defend_R","floor":7.0,"key":"SMITH"},{"data":"Warcry","floor":11.0,"key":"SMITH"},{"data":"Exhume","floor":15.0,"key":"SMITH"}],"neow_cost":"NONE","seed_source_timestamp":170061903883703,"circlet_count":0,"master_deck":["AscendersBane","Strike_R","Strike_R","Strike_R","Strike_R","Defend_R+1","Defend_R","Defend_R","Defend_R","Bash","Bludgeon+1","Warcry+1","Pummel","Parasite","Exhume+1"],"special_seed":0,"relics":["Burning Blood","Mango","Charon\u0027s Ashes","Art of War"],"potions_floor_usage":[16],"damage_taken":[{"damage":6.0,"enemies":"2 Louse","floor":1.0,"turns":3.0},{"damage":0.0,"enemies":"Cultist","floor":4.0,"turns":2.0},{"damage":55.0,"enemies":"3 Sentries","floor":6.0,"turns":9.0},{"damage":4.0,"enemies":"Small Slimes","floor":8.0,"turns":2.0},{"damage":21.0,"enemies":"3 Louse","floor":12.0,"turns":4.0},{"damage":20.0,"enemies":"Lagavulin","floor":14.0,"turns":5.0},{"damage":46,"enemies":"Slime Boss","floor":16,"turns":7}],"seed_played":"5697608518384666994","potions_obtained":[{"floor":8.0,"key":"Ancient Potion"},{"floor":14.0,"key":"SteroidPotion"}],"is_trial":false,"path_per_floor":["M","$","?","M","$","E","R","M","T","$","R","M","?","E","R","B"],"character_chosen":"IRONCLAD","items_purchased":[],"campfire_rested":0,"item_purchase_floors":[],"current_hp_per_floor":[72,72,72,78,78,43,43,45,45,45,45,30,53,39,39,0],"gold":145,"neow_bonus":"ONE_RANDOM_RARE_CARD","is_prod":false,"is_daily":false,"chose_seed":false,"campfire_upgraded":3,"win_rate":0,"timestamp":1547248884,"path_taken":["M","$","?","M","?","E","R","?","T","$","R","M","?","E","R","BOSS"],"build_version":"2019-01-10","purchased_purges":1,"victory":false,"max_hp_per_floor":[80,80,80,80,80,94,94,94,94,94,94,94,94,94,94,94],"card_choices":[{"not_picked":["Twin Strike","Feel No Pain","Armaments"],"picked":"SKIP","floor":1.0},{"not_picked":["Body Slam","Flex","True Grit"],"picked":"SKIP","floor":4.0},{"not_picked":["Body Slam","Armaments","True Grit"],"picked":"SKIP","floor":6.0},{"not_picked":["Spot Weakness","Anger"],"picked":"Warcry","floor":8.0},{"not_picked":["Sword Boomerang","Burning Pact"],"picked":"Pummel","floor":12.0},{"not_picked":["Sever Soul","Armaments"],"picked":"Exhume","floor":14.0}],"player_experience":495888,"relics_obtained":[{"floor":6.0,"key":"Mango"},{"floor":9.0,"key":"Charon\u0027s Ashes"},{"floor":14.0,"key":"Art of War"}],"event_choices":[{"damage_healed":0.0,"max_hp_gain":0.0,"max_hp_loss":0.0,"gold_gain":0.0,"event_name":"Accursed Blacksmith","player_choice":"Forge","floor":3.0,"gold_loss":0.0,"damage_taken":0.0,"cards_upgraded":["Bludgeon"]},{"damage_healed":23.0,"max_hp_gain":0.0,"max_hp_loss":0.0,"gold_gain":0.0,"event_name":"Mushrooms","player_choice":"Healed and dodged fight","floor":13.0,"gold_loss":0.0,"damage_taken":0.0,"cards_obtained":["Parasite"]}],"is_beta":true,"boss_relics":[],"items_purged_floors":[2],"is_endless":false,"potions_floor_spawned":[8,14],"killed_by":"Slime Boss","ascension_level":10}