{"path_per_floor":["M","$","M","?","M","R","M","?","T","M","M","?","M","M","R"],"character_chosen":"IRONCLAD","items_purchased":["Blood for Blood"],"gold_per_floor":[115,6,18,18,37,37,55,55,55,65,76,76,89,101,101],"floor_reached":16,"campfire_rested":0,"playtime":2949,"current_hp_per_floor":[68,68,70,70,70,70,60,60,60,39,35,35,21,14,14],"items_purged":["Strike_R"],"gold":101,"score":96,"play_id":"f5d4d3b1-9533-434e-b81b-f75077b46525","is_prod":false,"is_daily":false,"is_ascension_mode":false,"campfire_upgraded":2,"path_taken":["M","?","M","?","M","R","M","?","T","M","?","?","M","?","R","BOSS"],"build_version":"2018-02-08-PROD1","purchased_purges":1,"victory":false,"master_deck":["Strike_R","Strike_R","Strike_R","Defend_R","Defend_R","Defend_R","Defend_R","Bash","Berserk","Blood for Blood","Inflame+1","Rampage+1","Battle Trance","Warcry","Rampage","Burning Pact","Heavy Blade"],"max_hp_per_floor":[80,80,80,80,80,80,80,80,80,80,80,80,80,80,80],"relics":["Burning Blood","Peace Pipe","Ginger"],"card_choices":[{"not_picked":["Body Slam","Blood for Blood"],"picked":"Berserk"},{"not_picked":["True Grit","Pummel"],"picked":"Inflame"},{"not_picked":["Bloodletting","Flex"],"picked":"Rampage"},{"not_picked":["True Grit","Sword Boomerang"],"picked":"Battle Trance"},{"not_picked":["Thunderclap","Clothesline"],"picked":"Rampage"},{"not_picked":["Seeing Red","Rupture"],"picked":"Burning Pact"},{"not_picked":["Rampage","Dropkick"],"picked":"Heavy Blade"}],"player_experience":30265,"potions_floor_usage":[16,16,16],"damage_taken":[{"damage":18,"enemies":"Blue Slaver","floor":1,"turns":6},{"damage":4,"enemies":"Small Slimes","floor":3,"turns":5},{"damage":6,"enemies":"Jaw Worm","floor":5,"turns":6},{"damage":16,"enemies":"Lots of Slimes","floor":7,"turns":3},{"damage":27,"enemies":"3 Louse","floor":10,"turns":3},{"damage":10,"enemies":"Looter","floor":11,"turns":3},{"damage":20,"enemies":"Exordium Thugs","floor":13,"turns":5},{"damage":13,"enemies":"Large Slime","floor":14,"turns":5},{"damage":14,"enemies":"The Guardian","floor":16,"turns":8}],"event_choices":[{"event_name":"Purifier","player_choice":"One Purge","floor":4,"damage_taken":0},{"event_name":"Match and Keep!","player_choice":"1 cards matched","floor":8,"damage_taken":0},{"event_name":"Match and Keep!","player_choice":"1 cards matched","floor":8,"damage_taken":0},{"event_name":"Dead Adventurer","player_choice":"Searched \u00271\u0027 times","floor":12,"damage_taken":0}],"boss_relics":[],"potions_floor_spawned":[3,5,7,13],"seed_played":"3988926324608145346","killed_by":"The Guardian","ascension_level":0,"is_trial":false}