{"gold_per_floor":[114,132,132,145,163,190,265,291,291,291,316,46,70,70,70,193,193,209,209,230,230,246,246,259,86,86,86,111,121,148,165,165,263,263,283,302,101,117,117,152,152,165,165,180,11,21,48,62,62,62],"floor_reached":51,"playtime":1906,"items_purged":["Injury","Strike_R","Strike_R"],"score":963,"play_id":"9a2d79f0-089c-4a08-ae28-236515d92d0f","local_time":"20181123201435","is_ascension_mode":false,"campfire_choices":[{"floor":15,"key":"REST"},{"data":"Limit Break","floor":23,"key":"SMITH"},{"data":"Limit Break","floor":32,"key":"SMITH"},{"data":"Heavy Blade","floor":41,"key":"SMITH"},{"floor":49,"key":"REST"}],"neow_cost":"NONE","seed_source_timestamp":738265105814500,"circlet_count":0,"master_deck":["Strike_R","Strike_R","Strike_R","Defend_R+1","Defend_R","Defend_R","Defend_R","Bash","Headbutt","Sword Boomerang+1","Spot Weakness","Sword Boomerang","Warcry","Rage","Armaments","Limit Break+1","Clumsy","Decay","Injury","Necronomicurse","Heavy Blade+1","True Grit","Limit Break+1","Spot Weakness+1","Heavy Blade+1","Immolate","Burning Pact+1","Shockwave","Panacea","Violence","Writhe","Rage","Shrug It Off+1","Seeing Red","Sword Boomerang+1","Power Through+1"],"relics":["Burning Blood","Vajra","Lantern","Bag of Marbles","Self Forming Clay","Art of War","Bloody Idol","Membership Card","Calling Bell","Orichalcum","Mercury Hourglass","Du-Vu Doll","Necronomicon","Shuriken","Paper Frog","Bag of Preparation","Pantograph","Lizard Tail","Red Skull","Ancient Tea Set","Anchor","ClockworkSouvenir","Question Card"],"potions_floor_usage":[6,8,16,29,50,50],"damage_taken":[{"damage":1,"enemies":"Cultist","floor":1,"turns":3},{"damage":1,"enemies":"Jaw Worm","floor":2,"turns":3},{"damage":2,"enemies":"2 Louse","floor":4,"turns":2},{"damage":4,"enemies":"2 Fungi Beasts","floor":5,"turns":2},{"damage":13,"enemies":"3 Sentries","floor":6,"turns":5},{"damage":19,"enemies":"Lagavulin","floor":8,"turns":5},{"damage":7,"enemies":"Blue Slaver","floor":11,"turns":2},{"damage":0,"enemies":"3 Louse","floor":13,"turns":2},{"damage":8,"enemies":"Slime Boss","floor":16,"turns":6},{"damage":9,"enemies":"3 Byrds","floor":18,"turns":4},{"damage":2,"enemies":"2 Thieves","floor":20,"turns":3},{"damage":0,"enemies":"Centurion and Healer","floor":22,"turns":2},{"damage":9,"enemies":"Snecko","floor":24,"turns":3},{"damage":0,"enemies":"Gremlin Leader","floor":28,"turns":3},{"damage":6,"enemies":"Sentry and Sphere","floor":29,"turns":3},{"damage":1,"enemies":"Slavers","floor":30,"turns":2},{"damage":0,"enemies":"Shelled Parasite and Fungi","floor":31,"turns":1},{"damage":10,"enemies":"Automaton","floor":33,"turns":4},{"damage":9,"enemies":"3 Shapes","floor":35,"turns":1},{"damage":0,"enemies":"Orb Walker","floor":36,"turns":1},{"damage":3,"enemies":"3 Darklings","floor":38,"turns":3},{"damage":9,"enemies":"Giant Head","floor":40,"turns":5},{"damage":0,"enemies":"Writhing Mass","floor":42,"turns":1},{"damage":7,"enemies":"Jaw Worm Horde","floor":44,"turns":3},{"damage":69,"enemies":"Transient","floor":46,"turns":5},{"damage":0,"enemies":"Reptomancer","floor":47,"turns":1},{"damage":0,"enemies":"Sphere and 2 Shapes","floor":48,"turns":1},{"damage":21,"enemies":"Donu and Deca","floor":50,"turns":4}],"seed_played":"3862068742044334197","potions_obtained":[{"floor":1,"key":"Strength Potion"},{"floor":5,"key":"Block Potion"},{"floor":8,"key":"Poison Potion"},{"floor":11,"key":"AttackPotion"},{"floor":16,"key":"AttackPotion"},{"floor":20,"key":"Regen Potion"},{"floor":22,"key":"SteroidPotion"},{"floor":29,"key":"GamblersBrew"},{"floor":40,"key":"Strength Potion"},{"floor":42,"key":"Block Potion"}],"is_trial":false,"path_per_floor":["M","M","?","M","M","E","?","E","T","?","M","$","M","?","R","B",null,"M","?","M","?","M","R","M","$","T","?","E","M","E","M","R","B",null,"M","M","$","M","?","E","R","M","T","M","$","M","E","M","R","B",null],"character_chosen":"IRONCLAD","items_purchased":["Membership Card","Armaments","Shuriken","Panacea","Violence","Anchor","ClockworkSouvenir"],"campfire_rested":2,"item_purchase_floors":[12,12,25,37,37,45,45],"current_hp_per_floor":[80,80,73,77,79,72,61,48,48,48,47,47,53,37,61,59,80,77,61,65,65,76,76,78,78,78,78,80,80,80,80,80,80,80,80,80,80,80,80,80,80,80,80,80,80,22,33,44,68,65],"gold":62,"neow_bonus":"RANDOM_COMMON_RELIC","is_prod":false,"is_daily":false,"chose_seed":false,"campfire_upgraded":3,"win_rate":0,"timestamp":1543000475,"path_taken":["M","M","?","M","M","E","?","E","T","?","M","$","M","?","R","BOSS","M","?","M","?","M","R","M","$","T","?","E","M","E","M","R","BOSS","M","M","$","M","?","E","R","M","T","M","$","M","E","M","R","BOSS"],"build_version":"2018-11-15","purchased_purges":3,"victory":true,"max_hp_per_floor":[80,80,80,80,80,80,80,80,80,80,80,80,80,80,80,80,80,80,80,80,80,80,80,80,80,80,80,80,80,80,80,80,80,80,80,80,80,80,80,80,80,80,80,80,80,80,80,80,80,80],"card_choices":[{"not_picked":["Corruption","Wild Strike"],"picked":"Headbutt","floor":1},{"not_picked":["Corruption","Heavy Blade"],"picked":"Sword Boomerang","floor":2},{"not_picked":["Feel No Pain","Perfected Strike"],"picked":"Spot Weakness","floor":4},{"not_picked":["Sentinel","Entrench"],"picked":"Sword Boomerang","floor":5},{"not_picked":["Immolate","Clothesline"],"picked":"Warcry","floor":6},{"not_picked":["Headbutt","Reckless Charge"],"picked":"Rage","floor":8},{"not_picked":["Clash","Metallicize","Second Wind"],"picked":"SKIP","floor":11},{"not_picked":["Carnage","Twin Strike","Havoc"],"picked":"SKIP","floor":13},{"not_picked":["Reaper","Impervious"],"picked":"Limit Break","floor":16},{"not_picked":["Flex","Sword Boomerang","Searing Blow+1"],"picked":"SKIP","floor":18},{"not_picked":["Body Slam","Exhume"],"picked":"Heavy Blade+1","floor":20},{"not_picked":["Body Slam","Clash","Perfected Strike"],"picked":"SKIP","floor":22},{"not_picked":["Havoc","Wild Strike"],"picked":"True Grit","floor":24},{"not_picked":["Bludgeon","Warcry"],"picked":"Limit Break","floor":28},{"not_picked":["Blood for Blood+1","Twin Strike+1","Body Slam"],"picked":"SKIP","floor":29},{"not_picked":["Reckless Charge","Iron Wave"],"picked":"Spot Weakness+1","floor":30},{"not_picked":["Warcry+1","Armaments+1"],"picked":"Heavy Blade","floor":31},{"not_picked":["Berserk","Juggernaut"],"picked":"Immolate","floor":33},{"not_picked":["Body Slam+1","Iron Wave"],"picked":"Burning Pact+1","floor":35},{"not_picked":["Anger","Headbutt"],"picked":"Shockwave","floor":36},{"not_picked":["Hemokinesis","Second Wind+1","Havoc"],"picked":"SKIP","floor":38},{"not_picked":["Cleave+1","Warcry+1"],"picked":"Rage","floor":40},{"not_picked":["Twin Strike+1","Dropkick+1"],"picked":"Shrug It Off+1","floor":42},{"not_picked":["Searing Blow","Body Slam+1","Perfected Strike"],"picked":"SKIP","floor":44},{"not_picked":["Wild Strike+1","Perfected Strike+1"],"picked":"Seeing Red","floor":46},{"not_picked":["Perfected Strike+1","Warcry"],"picked":"Sword Boomerang+1","floor":47},{"not_picked":["Exhume","Body Slam","Clothesline+1"],"picked":"Power Through+1","floor":48}],"player_experience":214443,"relics_obtained":[{"floor":6,"key":"Bag of Marbles"},{"floor":8,"key":"Self Forming Clay"},{"floor":9,"key":"Art of War"},{"floor":17,"key":"Orichalcum"},{"floor":17,"key":"Mercury Hourglass"},{"floor":17,"key":"Du-Vu Doll"},{"floor":19,"key":"Necronomicon"},{"floor":26,"key":"Paper Frog"},{"floor":28,"key":"Bag of Preparation"},{"floor":30,"key":"Pantograph"},{"floor":40,"key":"Red Skull"},{"floor":43,"key":"Ancient Tea Set"},{"floor":47,"key":"Question Card"}],"event_choices":[{"damage_healed":0,"gold_gain":0,"player_choice":"Success","damage_taken":7,"relics_obtained":["Lantern"],"max_hp_gain":0,"max_hp_loss":0,"event_name":"Scrap Ooze","floor":3,"gold_loss":0},{"damage_healed":0,"gold_gain":75,"player_choice":"Gather Gold","damage_taken":11,"max_hp_gain":0,"max_hp_loss":0,"event_name":"World of Goop","floor":7,"gold_loss":0},{"damage_healed":0,"gold_gain":0,"player_choice":"Take Wound","damage_taken":0,"relics_obtained":["Golden Idol"],"max_hp_gain":0,"max_hp_loss":0,"event_name":"Golden Idol","floor":10,"gold_loss":0,"cards_obtained":["Injury"]},{"damage_healed":0,"gold_gain":0,"player_choice":"Entered Light","damage_taken":16,"max_hp_gain":0,"max_hp_loss":0,"event_name":"Shining Light","floor":14,"gold_loss":0,"cards_upgraded":["Defend_R","Sword Boomerang"]},{"damage_healed":0,"gold_gain":0,"player_choice":"Obtained Book","damage_taken":16,"max_hp_gain":0,"max_hp_loss":0,"event_name":"Cursed Tome","floor":19,"gold_loss":0},{"damage_healed":0,"gold_gain":0,"player_choice":"Gave Idol","damage_taken":0,"relics_obtained":["Bloody Idol"],"max_hp_gain":0,"max_hp_loss":0,"event_name":"Forgotten Altar","floor":21,"relics_lost":["Golden Idol"],"gold_loss":0},{"damage_healed":0,"gold_gain":0,"player_choice":"Ignored","damage_taken":0,"max_hp_gain":0,"max_hp_loss":0,"event_name":"Vampires","floor":27,"gold_loss":0},{"damage_healed":20,"gold_gain":0,"player_choice":"Writhe","damage_taken":0,"max_hp_gain":0,"max_hp_loss":0,"event_name":"Winding Halls","floor":39,"gold_loss":0,"cards_obtained":["Writhe"]}],"is_beta":false,"boss_relics":[{"not_picked":["Fusion Hammer","Tiny House"],"picked":"Calling Bell"},{"not_picked":["Velvet Choker","Empty Cage"],"picked":"Lizard Tail"}],"items_purged_floors":[12,25,37],"is_endless":false,"potions_floor_spawned":[1,5,8,11,16,20,22,29,31,33,36,40,42,48],"ascension_level":0}