{"gold_per_floor":[117,130,55,65,76,102,115,115,138,1,20,20,20,36,36,36],"floor_reached":16,"playtime":749,"items_purged":["Doubt"],"score":130,"play_id":"99ab8465-311a-4812-ba61-2025ff4c287e","local_time":"20190226173448","is_ascension_mode":true,"campfire_choices":[{"floor":8,"key":"REST"},{"data":"Body Slam","floor":12,"key":"SMITH"},{"floor":15,"key":"REST"}],"neow_cost":"CURSE","seed_source_timestamp":26059039543513,"circlet_count":0,"master_deck":["Strike_R","Strike_R","Strike_R","Defend_R","Defend_R","Defend_R","Defend_R","Bash","Uppercut","Impervious","Body Slam+1","Seeing Red","Armaments","Iron Wave","Bloodletting","Anger","Dark Shackles","Cleave","Sentinel"],"relics":["Burning Blood","Nunchaku","Ancient Tea Set"],"potions_floor_usage":[6,6,7,11,11,16],"damage_taken":[{"damage":13,"enemies":"Cultist","floor":1,"turns":6},{"damage":3,"enemies":"2 Louse","floor":2,"turns":3},{"damage":7,"enemies":"Jaw Worm","floor":4,"turns":2},{"damage":11,"enemies":"3 Louse","floor":5,"turns":6},{"damage":55,"enemies":"Lagavulin","floor":6,"turns":10},{"damage":4,"enemies":"Large Slime","floor":7,"turns":3},{"damage":3,"enemies":"Gremlin Gang","floor":11,"turns":4},{"damage":7,"enemies":"Exordium Wildlife","floor":14,"turns":6},{"damage":106,"enemies":"The Guardian","floor":16,"turns":13}],"seed_played":"7759592528071665616","potions_obtained":[{"floor":2,"key":"Block Potion"},{"floor":5,"key":"EssenceOfSteel"},{"floor":6,"key":"Fire Potion"},{"floor":7,"key":"EssenceOfSteel"},{"floor":11,"key":"BloodPotion"}],"is_trial":false,"path_per_floor":["M","M","$","M","M","E","M","R","T","$","M","R","$","M","R","B"],"character_chosen":"IRONCLAD","items_purchased":["Dark Shackles","Fire Potion"],"campfire_rested":2,"item_purchase_floors":[10,10],"current_hp_per_floor":[73,76,76,75,70,21,23,47,47,47,50,50,50,49,73,0],"gold":36,"neow_bonus":"TRANSFORM_TWO_CARDS","is_prod":false,"is_daily":false,"chose_seed":false,"campfire_upgraded":1,"win_rate":0,"timestamp":1551224088,"path_taken":["M","M","$","M","M","E","?","R","T","?","?","R","?","M","R","BOSS"],"build_version":"2019-01-23","purchased_purges":1,"victory":false,"max_hp_per_floor":[80,80,80,80,80,80,80,80,80,80,80,80,80,80,80,80],"card_choices":[{"not_picked":["Havoc","Rage"],"picked":"Body Slam","floor":1},{"not_picked":["Iron Wave","Body Slam"],"picked":"Seeing Red","floor":2},{"not_picked":["Inflame","True Grit"],"picked":"Armaments","floor":4},{"not_picked":["Second Wind","True Grit"],"picked":"Iron Wave","floor":5},{"not_picked":["Thunderclap","Pummel"],"picked":"Bloodletting","floor":6},{"not_picked":["Thunderclap","Perfected Strike"],"picked":"Anger","floor":7},{"not_picked":["Ghostly Armor","Pommel Strike"],"picked":"Cleave","floor":11},{"not_picked":["Wild Strike","Bloodletting"],"picked":"Sentinel","floor":14}],"player_experience":443162,"relics_obtained":[{"floor":6,"key":"Nunchaku"},{"floor":9,"key":"Ancient Tea Set"}],"event_choices":[],"is_beta":false,"boss_relics":[],"items_purged_floors":[3],"is_endless":false,"potions_floor_spawned":[2,5,6,7,11],"killed_by":"The Guardian","ascension_level":5}