{"path_per_floor":["M","?","M","M","$","M","M","M","T","E","?","E","R","M","R","B",null,"M","M","M","M","M","E","M","M","T","M","M","M","M","E","R"],"character_chosen":"IRONCLAD","items_purchased":[],"gold_per_floor":[110,110,124,142,67,80,94,111,111,145,145,177,177,194,194,290,290,303,315,325,339,359,387,405,416,462,474,489,500,517,544,544],"floor_reached":33,"campfire_rested":0,"playtime":5197,"current_hp_per_floor":[80,73,76,79,79,80,80,80,80,69,53,48,48,47,47,31,80,74,80,76,51,57,26,38,36,36,42,48,45,38,36,36],"items_purged":["Strike_R"],"gold":544,"score":311,"play_id":"d1fff12d-7723-4614-b0f3-d438eb9c9420","is_prod":false,"is_daily":false,"is_ascension_mode":false,"campfire_upgraded":3,"path_taken":["M","?","M","M","?","M","M","M","T","E","?","E","R","M","R","BOSS","M","M","M","M","M","E","M","M","T","?","M","?","M","E","R","BOSS"],"build_version":"2018-02-22-PROD2","purchased_purges":1,"victory":false,"master_deck":["Strike_R","Strike_R","Strike_R","Defend_R","Defend_R","Defend_R","Defend_R","Bash","Hemokinesis+1","Shockwave+1","Iron Wave","Rupture","Disarm","Offering+1","Thunderclap","Rampage+1","Barricade+1","Fire Breathing+1","Seeing Red+1","Inflame+1","Disarm+1","Infernal Blade+1","Metallicize+1","Ghostly Armor+1","Dual Wield+1","Dropkick+1","Body Slam+1"],"max_hp_per_floor":[80,80,80,80,80,80,80,80,80,80,80,80,80,80,80,80,80,80,80,80,80,80,80,80,83,83,83,83,83,83,83,83],"relics":["Burning Blood","Lantern","Anchor","Frozen Egg 2","Smiling Mask","Snecko Eye","Charon\u0027s Ashes","Bag of Marbles","War Paint"],"card_choices":[{"not_picked":["Armaments","Havoc"],"picked":"Hemokinesis"},{"not_picked":["Bloodletting","Headbutt"],"picked":"Shockwave"},{"not_picked":["Fire Breathing","Headbutt"],"picked":"Iron Wave"},{"not_picked":["Sentinel","Flex"],"picked":"Rupture"},{"not_picked":["Havoc","Seeing Red"],"picked":"Disarm"},{"not_picked":["Headbutt","Wild Strike"],"picked":"Offering"},{"not_picked":["Anger","Hemokinesis"],"picked":"Thunderclap"},{"not_picked":["Thunderclap","Armaments"],"picked":"Rampage"},{"not_picked":["Juggernaut","Berserk"],"picked":"Barricade"},{"not_picked":["Perfected Strike","Twin Strike"],"picked":"Fire Breathing"},{"not_picked":["Havoc","Twin Strike"],"picked":"Seeing Red"},{"not_picked":["Fire Breathing","Heavy Blade"],"picked":"Inflame"},{"not_picked":["Headbutt","Clash"],"picked":"Disarm"},{"not_picked":["Disarm","Warcry"],"picked":"Infernal Blade"},{"not_picked":["Exhume","Rampage"],"picked":"Metallicize"},{"not_picked":["Anger","Fire Breathing"],"picked":"Ghostly Armor"},{"not_picked":["Headbutt","Bloodletting"],"picked":"Dual Wield"},{"not_picked":["Heavy Blade","Clothesline"],"picked":"Dropkick"},{"not_picked":["Heavy Blade","Sever Soul"],"picked":"Body Slam"}],"player_experience":152124,"potions_floor_usage":[10,12,19,21,23,24,25,30,33,33,33],"damage_taken":[{"damage":5,"enemies":"Jaw Worm","floor":1,"turns":6},{"damage":3,"enemies":"2 Louse","floor":3,"turns":2},{"damage":3,"enemies":"Cultist","floor":4,"turns":3},{"damage":4,"enemies":"Blue Slaver","floor":6,"turns":6},{"damage":3,"enemies":"2 Fungi Beasts","floor":7,"turns":2},{"damage":4,"enemies":"Gremlin Gang","floor":8,"turns":7},{"damage":17,"enemies":"Lagavulin","floor":10,"turns":7},{"damage":11,"enemies":"3 Sentries","floor":12,"turns":8},{"damage":7,"enemies":"3 Louse","floor":14,"turns":3},{"damage":22,"enemies":"Hexaghost","floor":16,"turns":7},{"damage":12,"enemies":"Shell Parasite","floor":18,"turns":5},{"damage":0,"enemies":"3 Byrds","floor":19,"turns":6},{"damage":10,"enemies":"Snake Plant","floor":20,"turns":4},{"damage":31,"enemies":"Sentry and Sphere","floor":21,"turns":5},{"damage":0,"enemies":"Snecko","floor":22,"turns":7},{"damage":37,"enemies":"Gremlin Leader","floor":23,"turns":6},{"damage":9,"enemies":"Centurion and Healer","floor":24,"turns":7},{"damage":20,"enemies":"3 Cultists","floor":25,"turns":5},{"damage":0,"enemies":"Snake Plant","floor":27,"turns":5},{"damage":0,"enemies":"Snecko","floor":28,"turns":6},{"damage":9,"enemies":"Centurion and Healer","floor":29,"turns":7},{"damage":28,"enemies":"Cultist and Chosen","floor":30,"turns":8},{"damage":8,"enemies":"Book of Stabbing","floor":31,"turns":6},{"damage":39,"enemies":"Collector","floor":33,"turns":6}],"event_choices":[{"event_name":"Scrap Ooze","player_choice":"success","floor":2,"damage_taken":7},{"event_name":"Shining Light","player_choice":"Entered Light","floor":11,"damage_taken":0}],"boss_relics":[{"not_picked":["Runic Dome","Eternal Feather"],"picked":"Snecko Eye"}],"potions_floor_spawned":[6,8,12,14,16,19,22,23,24,25,29,31],"seed_played":"-7225767920045629180","killed_by":"Collector","ascension_level":0,"is_trial":false}