{"path_per_floor":["M","?","?","M","$","R","M","?","T","E","R","M","M","$","R","B",null,"M","?","$","$","T","E","R","?","T","M","R","M","M","$","R"],"character_chosen":"THE_SILENT","items_purchased":["Caltrops","Caltrops","Distraction","Bouncing Flask"],"gold_per_floor":[118,118,118,129,54,54,74,149,149,184,184,200,220,41,41,138,138,150,150,75,39,39,65,65,65,65,77,77,97,109,29,29],"floor_reached":33,"campfire_rested":4,"playtime":4200,"current_hp_per_floor":[68,68,68,68,68,68,68,57,57,39,60,57,57,57,57,23,70,70,70,70,70,70,16,40,24,24,13,37,26,25,25,49],"items_purged":["Defend_G","Defend_G"],"gold":29,"play_id":"e5793286-52a0-4e92-8227-4ac5f418cc46","is_prod":false,"is_daily":false,"campfire_rituals":0,"campfire_upgraded":2,"is_hardmode":false,"path_taken":["M","?","?","M","$","R","M","?","T","E","R","M","M","$","R","BOSS","M","?","?","$","?","E","R","?","T","M","R","?","M","$","R","BOSS"],"build_version":"2018-01-18-PROD2","purchased_purges":2,"victory":false,"master_deck":["Defend_G","Defend_G","Defend_G","Strike_G","Strike_G","Strike_G","Survivor","Neutralize","Blur","Well Laid Plans","Backflip","Sucker Punch","Backflip","Deflect","Caltrops","After Image","Backstab","Crippling Poison","Caltrops","Distraction","Sucker Punch","Necronomicurse","Noxious Fumes","Bane","Escape Plan","Bouncing Flask"],"max_hp_per_floor":[70,70,70,70,70,70,70,70,70,70,70,70,70,70,70,70,70,70,70,70,70,70,80,80,80,80,80,80,80,80,80,80],"relics":["Ring of the Snake","Torii","Bottled Tornado","Philosopher\u0027s Stone","Unceasing Top","Pear","Necronomicon","Frozen Eye"],"campfire_meditates":0,"card_choices":[{"not_picked":["PiercingWail","Slice"],"picked":"Blur"},{"not_picked":["Deadly Poison","Outmaneuver"],"picked":"Well Laid Plans"},{"not_picked":["Quick Slash","Eviscerate"],"picked":"Backflip"},{"not_picked":["Finisher","Bane"],"picked":"Sucker Punch"},{"not_picked":["Outmaneuver","Dagger Spray"],"picked":"Backflip"},{"not_picked":["Malaise","Catalyst"],"picked":"Deflect"},{"not_picked":["Doppelganger","Bullet Time"],"picked":"After Image"},{"not_picked":["Deadly Poison","Quick Slash"],"picked":"Backstab"},{"not_picked":["PiercingWail","Backflip"],"picked":"Sucker Punch"},{"not_picked":["Slice","Deadly Poison"],"picked":"Noxious Fumes"},{"not_picked":["Outmaneuver","Endless Agony"],"picked":"Bane"},{"not_picked":["Infinite Blades","Heel Hook"],"picked":"Escape Plan"}],"player_experience":36695,"potions_floor_usage":[4,12,16,23,23],"damage_taken":[{"damage":2,"enemies":"Blue Slaver","floor":1,"turns":7},{"damage":0,"enemies":"Jaw Worm","floor":4,"turns":7},{"damage":0,"enemies":"2 Louse","floor":7,"turns":3},{"damage":18,"enemies":"3 Sentries","floor":10,"turns":14},{"damage":3,"enemies":"Gremlin Gang","floor":12,"turns":7},{"damage":0,"enemies":"3 Louse","floor":13,"turns":4},{"damage":34,"enemies":"Slime Boss","floor":16,"turns":16},{"damage":0,"enemies":"Spheric Guardian","floor":18,"turns":7},{"damage":73,"enemies":"Gremlin Leader","floor":23,"turns":9},{"damage":11,"enemies":"3 Byrds","floor":27,"turns":3},{"damage":11,"enemies":"Centurion and Healer","floor":29,"turns":10},{"damage":1,"enemies":"Snecko","floor":30,"turns":6},{"damage":52,"enemies":"Automaton","floor":33,"turns":12}],"event_choices":[{"event_name":"Wheel of Change","player_choice":"Card Removal","floor":2,"damage_taken":0},{"event_name":"The Woman in Blue","player_choice":"Bought 0 Potions","floor":3,"damage_taken":0},{"event_name":"World of Goop","player_choice":"Gather Gold","floor":8,"damage_taken":0},{"event_name":"Transmorgrifier","player_choice":"Transform","floor":19,"damage_taken":0},{"event_name":"Cursed Tome","player_choice":"Obtained Book","floor":25,"damage_taken":0}],"boss_relics":[{"not_picked":["Snecko Eye","Question Card"],"picked":"Philosopher\u0027s Stone"}],"potions_floor_spawned":[1,10,12,16,18,23,29],"seed_played":"157872246181387117","killed_by":"Automaton","is_trial":false}