{"gold_per_floor":[117,134,153,163,183,212,212,230,230,230,255,255,255,266,266,362,362,379,159,175,186,201,201],"floor_reached":23,"playtime":2958,"items_purged":["Strike_B"],"score":279,"play_id":"87252459-f231-48af-8dbf-2761c49dacc4","local_time":"20190110164752","is_ascension_mode":true,"campfire_choices":[{"floor":7,"key":"REST"},{"data":"Coolheaded","floor":10,"key":"SMITH"},{"data":"Sunder","floor":13,"key":"SMITH"},{"floor":15,"key":"REST"}],"neow_cost":"NONE","seed_source_timestamp":127186312954696,"circlet_count":0,"master_deck":["Strike_B","Strike_B","Strike_B","Defend_B","Defend_B","Defend_B","Defend_B","Zap","Dualcast","Hologram","Blizzard","Coolheaded+1","Sunder+1","Cold Snap","Seek","Conserve Battery","Steam+1","Rebound+1"],"relics":["Cracked Core","FossilizedHelix","Bottled Lightning","DataDisk","Vajra","Nuclear Battery","Anchor"],"potions_floor_usage":[11],"damage_taken":[{"damage":2,"enemies":"Jaw Worm","floor":1,"turns":3},{"damage":3,"enemies":"2 Louse","floor":2,"turns":3},{"damage":11,"enemies":"Small Slimes","floor":3,"turns":5},{"damage":18,"enemies":"Exordium Wildlife","floor":4,"turns":5},{"damage":0,"enemies":"Looter","floor":5,"turns":4},{"damage":30,"enemies":"Gremlin Nob","floor":6,"turns":5},{"damage":0,"enemies":"3 Louse","floor":8,"turns":3},{"damage":9,"enemies":"3 Sentries","floor":11,"turns":8},{"damage":16,"enemies":"Lots of Slimes","floor":14,"turns":4},{"damage":15,"enemies":"The Guardian","floor":16,"turns":19},{"damage":5,"enemies":"Spheric Guardian","floor":18,"turns":7},{"damage":0,"enemies":"3 Byrds","floor":20,"turns":7},{"damage":0,"enemies":"Snecko","floor":21,"turns":9},{"damage":0,"enemies":"Centurion and Healer","floor":22,"turns":8},{"damage":78,"enemies":"Gremlin Leader","floor":23,"turns":8}],"seed_played":"-9142485724692419869","potions_obtained":[{"floor":4,"key":"EssenceOfSteel"},{"floor":5,"key":"SteroidPotion"},{"floor":6,"key":"SneckoOil"},{"floor":14,"key":"Fire Potion"},{"floor":22,"key":"AttackPotion"}],"is_trial":false,"path_per_floor":["M","M","M","M","M","E","R","M","T","R","E","?","R","M","R","B",null,"M","$","M","M","M","E"],"character_chosen":"DEFECT","items_purchased":["Anchor"],"campfire_rested":2,"item_purchase_floors":[19],"current_hp_per_floor":[73,70,59,41,41,11,35,35,35,35,26,23,23,7,31,16,66,61,61,61,61,61,0],"gold":201,"neow_bonus":"TEN_PERCENT_HP_BONUS","is_prod":false,"is_daily":false,"chose_seed":false,"campfire_upgraded":2,"win_rate":0,"timestamp":1547135272,"path_taken":["M","M","M","M","M","E","R","M","T","R","E","?","R","M","R","BOSS","M","$","M","M","M","E"],"build_version":"2019-01-03v4","purchased_purges":1,"victory":false,"max_hp_per_floor":[82,82,82,82,82,82,82,82,82,82,82,82,82,82,82,82,82,82,82,82,82,82,82],"card_choices":[{"not_picked":["Sweeping Beam","Leap"],"picked":"Hologram","floor":1},{"not_picked":["BootSequence","Tempest"],"picked":"Blizzard","floor":2},{"not_picked":["Storm","Go for the Eyes"],"picked":"Coolheaded","floor":3},{"not_picked":["Sweeping Beam","Melter"],"picked":"Sunder","floor":4},{"not_picked":["Lockon","Go for the Eyes","FTL"],"picked":"SKIP","floor":5},{"not_picked":["Stack","Undo","Beam Cell"],"picked":"SKIP","floor":6},{"not_picked":["Steam Power","Tempest"],"picked":"Cold Snap","floor":8},{"not_picked":["Steam","Doom and Gloom"],"picked":"Seek","floor":11},{"not_picked":["Steam","Stack"],"picked":"Conserve Battery","floor":14},{"not_picked":["Leap","Reinforced Body","Tempest"],"picked":"SKIP","floor":18},{"not_picked":["Ball Lightning+1","Static Discharge"],"picked":"Steam+1","floor":20},{"not_picked":["Steam","Skim","Darkness"],"picked":"SKIP","floor":21},{"not_picked":["Streamline","Beam Cell"],"picked":"Rebound+1","floor":22}],"player_experience":656847,"relics_obtained":[{"floor":6,"key":"FossilizedHelix"},{"floor":9,"key":"Bottled Lightning"},{"floor":11,"key":"DataDisk"}],"event_choices":[{"damage_healed":0,"gold_gain":0,"player_choice":"Success","damage_taken":3,"relics_obtained":["Vajra"],"max_hp_gain":0,"max_hp_loss":0,"event_name":"Scrap Ooze","floor":12,"gold_loss":0}],"is_beta":false,"boss_relics":[{"not_picked":["Snecko Eye","Ectoplasm"],"picked":"Nuclear Battery"}],"items_purged_floors":[19],"is_endless":false,"potions_floor_spawned":[4,5,6,14,21,22],"killed_by":"Gremlin Leader","ascension_level":7}