{"gold_per_floor":[110,60,77,94,94,94,125,140,140,175,175,175,175,185,185,290,290,300,63,63,75,95,108,136,136,163,175,215,227,34,34,34,135,135,155,174,23,39,52,78,98,98,98,127,127,144,144,155,155,155],"floor_reached":50,"playtime":1851,"items_purged":[],"score":692,"play_id":"d9d15610-d422-4782-abb7-c36e1c7ef6df","local_time":"20190224010349","is_ascension_mode":true,"campfire_choices":[{"data":"Uppercut","floor":6,"key":"SMITH"},{"floor":12,"key":"REST"},{"floor":15,"key":"REST"},{"data":"Whirlwind","floor":25,"key":"SMITH"},{"floor":29,"key":"REST"},{"floor":32,"key":"REST"},{"data":"Shrug It Off","floor":42,"key":"SMITH"},{"data":"Exhume","floor":47,"key":"SMITH"},{"data":"Defend_R","floor":49,"key":"SMITH"}],"neow_cost":"NONE","seed_source_timestamp":23244521623693,"circlet_count":0,"master_deck":["Strike_R","Strike_R","Strike_R","Defend_R","Defend_R+1","Defend_R","Defend_R","Bash","Uppercut+1","Shrug It Off+1","Immolate","Seeing Red+1","Cleave","Whirlwind+1","Bludgeon","Shrug It Off+1","Iron Wave","Wild Strike","Hemokinesis+1","RitualDagger","Rampage+1","Ghostly Armor+1","Body Slam+1","Pummel+1","Corruption","Disarm+1","Battle Trance+1","Exhume+1","Whirlwind+1","Shrug It Off"],"relics":["Burning Blood","NeowsBlessing","Ancient Tea Set","FossilizedHelix","Mercury Hourglass","Omamori","Cursed Key","Sling","Dream Catcher","MawBank","Kunai","Brimstone","Orrery","Bag of Preparation","Gremlin Horn","StoneCalendar","Charon\u0027s Ashes"],"potions_floor_usage":[7,7,16,24,33,33,33,41,41,46,50],"damage_taken":[{"damage":0,"enemies":"Cultist","floor":1,"turns":1},{"damage":0,"enemies":"Jaw Worm","floor":3,"turns":1},{"damage":0,"enemies":"Small Slimes","floor":4,"turns":1},{"damage":15,"enemies":"3 Sentries","floor":7,"turns":8},{"damage":0,"enemies":"Red Slaver","floor":8,"turns":3},{"damage":18,"enemies":"Gremlin Nob","floor":10,"turns":4},{"damage":0,"enemies":"Looter","floor":14,"turns":3},{"damage":0,"enemies":"Slime Boss","floor":16,"turns":7},{"damage":10,"enemies":"Spheric Guardian","floor":18,"turns":4},{"damage":11,"enemies":"Shell Parasite","floor":21,"turns":4},{"damage":4,"enemies":"Centurion and Healer","floor":22,"turns":5},{"damage":8,"enemies":"Snake Plant","floor":23,"turns":4},{"damage":7,"enemies":"Slavers","floor":24,"turns":2},{"damage":28,"enemies":"Book of Stabbing","floor":28,"turns":4},{"damage":43,"enemies":"Automaton","floor":33,"turns":7},{"damage":0,"enemies":"3 Shapes","floor":35,"turns":2},{"damage":0,"enemies":"Orb Walker","floor":36,"turns":2},{"damage":4,"enemies":"Spire Growth","floor":38,"turns":4},{"damage":12,"enemies":"4 Shapes","floor":39,"turns":1},{"damage":17,"enemies":"Nemesis","floor":40,"turns":3},{"damage":1,"enemies":"Writhing Mass","floor":41,"turns":4},{"damage":10,"enemies":"Reptomancer","floor":44,"turns":3},{"damage":0,"enemies":"3 Darklings","floor":46,"turns":2},{"damage":0,"enemies":"Spire Growth","floor":48,"turns":2},{"damage":82,"enemies":"Donu and Deca","floor":50,"turns":5}],"seed_played":"7145964299964274635","potions_obtained":[{"floor":1,"key":"Explosive Potion"},{"floor":4,"key":"Ancient Potion"},{"floor":10,"key":"Fire Potion"},{"floor":16,"key":"Fire Potion"},{"floor":18,"key":"Swift Potion"},{"floor":28,"key":"SkillPotion"},{"floor":31,"key":"SteroidPotion"},{"floor":31,"key":"Energy Potion"},{"floor":35,"key":"GamblersBrew"},{"floor":40,"key":"SkillPotion"},{"floor":41,"key":"GamblersBrew"},{"floor":48,"key":"Energy Potion"}],"is_trial":false,"path_per_floor":["M","?","M","M","?","R","E","M","T","E","$","R","?","M","R","B",null,"M","$","?","M","M","M","E","R","T","?","E","R","$","?","R","B",null,"M","M","$","M","M","E","M","R","T","E","?","M","R","M","R","B"],"character_chosen":"IRONCLAD","items_purchased":["Sling","Iron Wave","Brimstone","Bag of Preparation"],"campfire_rested":4,"item_purchase_floors":[19,19,30,37],"current_hp_per_floor":[80,80,80,80,55,55,46,52,52,40,40,64,64,70,80,80,80,76,76,76,71,73,71,70,70,70,64,42,66,66,66,80,43,80,80,80,80,80,74,63,68,68,68,64,64,70,70,76,76,0],"gold":155,"neow_bonus":"THREE_ENEMY_KILL","is_prod":false,"is_daily":false,"chose_seed":false,"campfire_upgraded":5,"win_rate":0,"timestamp":1550991829,"path_taken":["M","?","M","M","?","R","E","M","T","E","$","R","?","M","R","BOSS","M","$","?","M","M","M","E","R","T","?","E","R","$","?","R","BOSS","M","?","$","M","M","E","M","R","T","E","?","?","R","M","R","BOSS"],"build_version":"2019-01-23","purchased_purges":0,"victory":false,"max_hp_per_floor":[80,80,80,80,80,80,80,80,80,80,80,80,80,80,80,80,80,80,80,80,80,80,80,80,80,80,80,80,80,80,80,80,80,80,80,80,80,80,80,80,80,80,80,80,80,80,80,80,80,80],"card_choices":[{"not_picked":["Metallicize","Havoc","Thunderclap"],"picked":"SKIP","floor":1},{"not_picked":["Flex","Body Slam"],"picked":"Uppercut","floor":3},{"not_picked":["Clothesline","Heavy Blade"],"picked":"Shrug It Off","floor":4},{"not_picked":["Sentinel","Flex"],"picked":"Immolate","floor":7},{"not_picked":["Entrench","Metallicize"],"picked":"Seeing Red","floor":8},{"not_picked":["Second Wind","Entrench"],"picked":"Cleave","floor":10},{"not_picked":["Flex","Second Wind"],"picked":"Whirlwind","floor":14},{"not_picked":["Exhume","Juggernaut"],"picked":"Bludgeon","floor":16},{"not_picked":["Blood for Blood+1","Heavy Blade"],"picked":"Shrug It Off+1","floor":18},{"not_picked":["Pummel","Shrug It Off+1","Clash"],"picked":"SKIP","floor":21},{"not_picked":["Havoc","Clash","Flex"],"picked":"SKIP","floor":22},{"not_picked":["Searing Blow","Intimidate"],"picked":"Wild Strike","floor":23},{"not_picked":["Uppercut","Burning Pact"],"picked":"Hemokinesis+1","floor":24},{"not_picked":["Burning Pact","Perfected Strike"],"picked":"Rampage+1","floor":28},{"not_picked":["Headbutt+1","Clash"],"picked":"Ghostly Armor+1","floor":29},{"not_picked":["Second Wind","Iron Wave"],"picked":"Body Slam+1","floor":32},{"not_picked":["Anger","Heavy Blade"],"picked":"Pummel+1","floor":34},{"not_picked":["Power Through","Anger"],"picked":"Corruption","floor":34},{"not_picked":["Cleave+1","Body Slam","Headbutt"],"picked":"SKIP","floor":35},{"not_picked":["Twin Strike","Anger"],"picked":"Disarm+1","floor":36},{"not_picked":["Offering","Wild Strike+1"],"picked":"Battle Trance+1","floor":38},{"not_picked":["Flex","Fire Breathing+1","Havoc"],"picked":"SKIP","floor":39},{"not_picked":["Sword Boomerang","Bloodletting+1","Reckless Charge"],"picked":"SKIP","floor":40},{"not_picked":["Infernal Blade","Combust","True Grit"],"picked":"SKIP","floor":41},{"not_picked":["Iron Wave","Feel No Pain"],"picked":"Exhume","floor":44},{"not_picked":["Headbutt","Carnage+1"],"picked":"Whirlwind+1","floor":46},{"not_picked":["Wild Strike+1","Body Slam+1"],"picked":"Shrug It Off","floor":48}],"player_experience":321381,"relics_obtained":[{"floor":7,"key":"FossilizedHelix"},{"floor":9,"key":"Mercury Hourglass"},{"floor":10,"key":"Omamori"},{"floor":24,"key":"Dream Catcher"},{"floor":26,"key":"MawBank"},{"floor":28,"key":"Kunai"},{"floor":40,"key":"Gremlin Horn"},{"floor":43,"key":"StoneCalendar"},{"floor":44,"key":"Charon\u0027s Ashes"}],"event_choices":[{"cards_removed":["Strike_R"],"damage_healed":0,"gold_gain":0,"player_choice":"Card Removal","damage_taken":0,"max_hp_gain":0,"max_hp_loss":0,"event_name":"The Cleric","floor":2,"gold_loss":50},{"damage_healed":0,"gold_gain":0,"player_choice":"Success","damage_taken":25,"relics_obtained":["Ancient Tea Set"],"max_hp_gain":0,"max_hp_loss":0,"event_name":"Scrap Ooze","floor":5,"gold_loss":0},{"cards_removed":["Strike_R"],"damage_healed":0,"gold_gain":0,"player_choice":"Purged","damage_taken":0,"max_hp_gain":0,"max_hp_loss":0,"event_name":"Purifier","floor":13,"gold_loss":0},{"damage_healed":0,"gold_gain":0,"player_choice":"Ignored","damage_taken":0,"max_hp_gain":0,"max_hp_loss":0,"event_name":"Beggar","floor":20,"gold_loss":0},{"damage_healed":0,"gold_gain":0,"player_choice":"Joined the Cult","damage_taken":6,"max_hp_gain":0,"max_hp_loss":0,"event_name":"Nest","floor":27,"gold_loss":0,"cards_obtained":["RitualDagger"]},{"damage_healed":0,"gold_gain":0,"player_choice":"Got Potions","damage_taken":0,"max_hp_gain":0,"max_hp_loss":0,"event_name":"Lab","floor":31,"gold_loss":0},{"damage_healed":0,"gold_gain":0,"player_choice":"Forge","damage_taken":0,"max_hp_gain":0,"max_hp_loss":0,"event_name":"Accursed Blacksmith","floor":45,"gold_loss":0,"cards_upgraded":["Seeing Red"]}],"is_beta":false,"boss_relics":[{"not_picked":["Busted Crown","Runic Dome"],"picked":"Cursed Key"},{"not_picked":["Sozu","Pandora\u0027s Box"],"picked":"Orrery"}],"items_purged_floors":[],"is_endless":false,"potions_floor_spawned":[1,4,10,16,18,28,35,40,41,48],"killed_by":"Donu and Deca","ascension_level":3}