{"path_per_floor":["M","M","?","M","?","E","M","R","T","R","M","E","$","E","R","B",null,"M","M"],"character_chosen":"DEFECT","items_purchased":["Defragment"],"gold_per_floor":[111,129,129,140,140,174,186,186,186,186,200,226,69,104,104,202,202,214,228,228],"floor_reached":20,"campfire_rested":2,"playtime":900,"item_purchase_floors":[13],"current_hp_per_floor":[75,71,64,57,57,31,24,46,46,46,43,30,30,21,43,21,75,42,9,0],"items_purged":["Strike_B"],"gold":228,"score":213,"play_id":"4d67dd2e-4048-4758-8fa9-6f5834ed284f","local_time":"20180622153402","is_prod":false,"is_daily":false,"chose_seed":false,"is_ascension_mode":true,"campfire_upgraded":1,"win_rate":0,"timestamp":1529674442,"campfire_choices":[{"floor":8,"key":"REST"},{"data":"Streamline","floor":10,"key":"SMITH"},{"floor":15,"key":"REST"}],"path_taken":["M","M","?","M","?","E","M","R","T","R","M","E","$","E","R","BOSS","M","M","M"],"build_version":"2018-06-21","seed_source_timestamp":42786257173214,"purchased_purges":1,"circlet_count":0,"victory":false,"master_deck":["Strike_B","Strike_B","Defend_B","Defend_B","Defend_B","Defend_B","Zap","Dualcast","Streamline+1","White Noise","Capacitor","Machine Learning","Self Repair","Reboot","Defragment","Reprogram","Echo Form","Double Energy","Static Discharge"],"max_hp_per_floor":[75,75,75,75,75,75,75,75,75,75,75,75,75,75,75,75,75,75,75,75],"relics":["Cracked Core","Molten Egg 2","Ice Cream","Shovel","Peace Pipe","White Beast Statue"],"card_choices":[{"not_picked":["Compile Driver","Barrage"],"picked":"Streamline","floor":0},{"not_picked":["Barrage","Ball Lightning","Streamline"],"picked":"SKIP","floor":1},{"not_picked":["Barrage","Chill"],"picked":"White Noise","floor":2},{"not_picked":["Steam","Rebound"],"picked":"Capacitor","floor":4},{"not_picked":["Steam Power","Capacitor"],"picked":"Machine Learning","floor":6},{"not_picked":["Cold Snap+1","Hologram","Turbo"],"picked":"SKIP","floor":7},{"not_picked":["Sweeping Beam+1","Compile Driver+1"],"picked":"Self Repair","floor":11},{"not_picked":["Go for the Eyes+1","Sweeping Beam+1"],"picked":"Reboot","floor":12},{"not_picked":["Stack","Barrage+1"],"picked":"Reprogram","floor":14},{"not_picked":["Core Surge+1","Fission"],"picked":"Echo Form","floor":16},{"not_picked":["Rebound+1","Stack"],"picked":"Double Energy","floor":18},{"not_picked":["Scrape+1","Ball Lightning+1"],"picked":"Static Discharge","floor":19}],"player_experience":396152,"potions_floor_usage":[6,14,16,19,20],"damage_taken":[{"damage":0,"enemies":"2 Louse","floor":1,"turns":3},{"damage":4,"enemies":"Small Slimes","floor":2,"turns":3},{"damage":7,"enemies":"Jaw Worm","floor":4,"turns":3},{"damage":26,"enemies":"Lagavulin","floor":6,"turns":4},{"damage":7,"enemies":"Looter","floor":7,"turns":4},{"damage":3,"enemies":"2 Fungi Beasts","floor":11,"turns":3},{"damage":20,"enemies":"3 Sentries","floor":12,"turns":8},{"damage":16,"enemies":"Lagavulin","floor":14,"turns":6},{"damage":29,"enemies":"Hexaghost","floor":16,"turns":8},{"damage":47,"enemies":"Spheric Guardian","floor":18,"turns":9},{"damage":40,"enemies":"3 Byrds","floor":19,"turns":7},{"damage":27,"enemies":"Sentry and Sphere","floor":20,"turns":3}],"relics_obtained":[{"floor":6,"key":"Molten Egg 2"},{"floor":9,"key":"Ice Cream"},{"floor":12,"key":"Shovel"},{"floor":14,"key":"Peace Pipe"}],"event_choices":[{"event_name":"Golden Wing","player_choice":"Card Removal","floor":3,"damage_taken":0},{"event_name":"Liars Game","player_choice":"disagreed","floor":5,"damage_taken":0}],"boss_relics":[{"not_picked":["Runic Dome","Coffee Dripper"],"picked":"White Beast Statue"}],"items_purged_floors":[13],"is_endless":false,"potions_floor_spawned":[2,11,12,14,18,19],"seed_played":"-1572368523453097445","killed_by":"Sentry and Sphere","ascension_level":2,"potions_obtained":[{"floor":2,"key":"Ancient Potion"},{"floor":11,"key":"FearPotion"},{"floor":12,"key":"Swift Potion"},{"floor":14,"key":"Block Potion"},{"floor":18,"key":"Weak Potion"},{"floor":19,"key":"Regen Potion"}],"is_trial":false}