{"gold_per_floor":[119,194,194,194,9,41,41,54,54,9,9,9,22,22,22,142,142,155,143,143,143,164,197,218,218,218,218,143,167,167,188,188,309,309,329,662,60,60,74,74,29,47,47,67,93,104,104,115,115,115],"floor_reached":51,"playtime":2008,"items_purged":["Strike_R+1"],"score":939,"play_id":"33d6e8ec-e484-4337-8f5f-3f098f44ea1c","local_time":"20190127200440","is_ascension_mode":true,"campfire_choices":[{"floor":7.0,"key":"REST"},{"data":"Perfected Strike","floor":11.0,"key":"SMITH"},{"data":"Anger","floor":15.0,"key":"SMITH"},{"data":"Flame Barrier","floor":25.0,"key":"SMITH"},{"data":"Shockwave","floor":27.0,"key":"SMITH"},{"data":"Perfected Strike","floor":32,"key":"SMITH"},{"data":"Perfected Strike","floor":40,"key":"SMITH"},{"floor":47,"key":"REST"},{"data":"Shrug It Off","floor":49,"key":"SMITH"}],"neow_cost":"PERCENT_DAMAGE","seed_source_timestamp":273177020706399,"circlet_count":0,"master_deck":["Strike_R+1","Strike_R+1","Strike_R+1","Strike_R+1","Defend_R+1","Defend_R+1","Defend_R+1","Defend_R+1","Bash+1","Shockwave+1","Headbutt","Perfected Strike+1","Anger+1","Inflame+1","Demon Form+1","Flame Barrier+1","Ghostly Armor","Perfected Strike+1","Dual Wield+1","Battle Trance","Perfected Strike+1","Necronomicurse","Shrug It Off+1","Inflame+1","Seeing Red+1","Ghostly Armor+1","Feed+1","Metallicize+1","Body Slam+1","Shrug It Off+1","Thunderclap+1","Normality","Clothesline+1","Uppercut+1"],"special_seed":0,"relics":["Burning Blood","Peace Pipe","Kunai","Bag of Preparation","Frozen Egg 2","Self Forming Clay","Meat on the Bone","Orrery","Necronomicon","Paper Frog","Darkstone Periapt","Molten Egg 2","Cursed Key","Bronze Scales","War Paint","Dodecahedron","Calipers"],"potions_floor_usage":[33,33,44,45,46,48,50],"damage_taken":[{"damage":8.0,"enemies":"Jaw Worm","floor":1.0,"turns":5.0},{"damage":29.0,"enemies":"Gremlin Nob","floor":6.0,"turns":5.0},{"damage":2.0,"enemies":"2 Louse","floor":8.0,"turns":3.0},{"damage":0.0,"enemies":"Small Slimes","floor":13.0,"turns":2.0},{"damage":36.0,"enemies":"The Guardian","floor":16.0,"turns":11.0},{"damage":5.0,"enemies":"Spheric Guardian","floor":18.0,"turns":4.0},{"damage":22.0,"enemies":"2 Thieves","floor":19.0,"turns":4.0},{"damage":4.0,"enemies":"Cultist and Chosen","floor":22.0,"turns":4.0},{"damage":30.0,"enemies":"Gremlin Leader","floor":23.0,"turns":5.0},{"damage":14.0,"enemies":"Centurion and Healer","floor":24.0,"turns":3.0},{"damage":0,"enemies":"Sentry and Sphere","floor":29,"turns":3},{"damage":1,"enemies":"Cultist and Chosen","floor":31,"turns":4},{"damage":56,"enemies":"Automaton","floor":33,"turns":9},{"damage":13,"enemies":"3 Darklings","floor":35,"turns":3},{"damage":2,"enemies":"Orb Walker","floor":39,"turns":3},{"damage":8,"enemies":"Jaw Worm Horde","floor":42,"turns":4},{"damage":6,"enemies":"Writhing Mass","floor":44,"turns":2},{"damage":43,"enemies":"Nemesis","floor":45,"turns":9},{"damage":9,"enemies":"Transient","floor":46,"turns":5},{"damage":0,"enemies":"Maw","floor":48,"turns":5},{"damage":61,"enemies":"Donu and Deca","floor":50,"turns":9}],"seed_played":"2428997059065805402","potions_obtained":[{"floor":8.0,"key":"GamblersBrew"},{"floor":16.0,"key":"BloodPotion"},{"floor":22.0,"key":"SteroidPotion"},{"floor":23.0,"key":"BloodPotion"},{"floor":24.0,"key":"AttackPotion"},{"floor":39,"key":"Block Potion"},{"floor":42,"key":"LiquidBronze"},{"floor":44,"key":"Block Potion"},{"floor":46,"key":"EssenceOfSteel"}],"is_trial":false,"path_per_floor":["M","?","?","?","$","E","R","M","T","$","R","?","M","T","R","B",null,"M","M","?","?","M","E","M","R","T","R","?","M","T","M","R","B",null,"M","?","$","?","M","R","$","M","T","M","E","M","R","M","R","B",null],"character_chosen":"IRONCLAD","items_purchased":["Bag of Preparation","Shockwave","Anger","Feed+1","Metallicize+1","Bronze Scales","War Paint","Shrug It Off"],"campfire_rested":2,"item_purchase_floors":[5,5,10,37,37,37,37,41],"current_hp_per_floor":[49,38,35,35,35,12,36,40,40,40,40,40,46,46,46,28,63,64,48,32,32,53,41,45,45,45,45,45,51,51,56,56,25,62,55,55,55,55,59,59,59,61,67,71,46,55,81,87,87,44],"gold":115,"neow_bonus":"ONE_RARE_RELIC","is_prod":false,"is_daily":false,"chose_seed":false,"campfire_upgraded":7,"win_rate":0,"timestamp":1548615880,"path_taken":["M","?","?","?","$","E","R","?","T","?","R","?","M","?","R","BOSS","M","M","?","?","M","E","M","R","T","R","?","?","?","M","R","BOSS","M","?","$","?","M","R","?","M","T","M","E","M","R","M","R","BOSS"],"build_version":"2019-01-23","purchased_purges":1,"victory":true,"max_hp_per_floor":[80,80,80,80,80,80,80,80,80,80,80,74,74,74,74,74,74,74,74,74,74,74,74,74,74,74,74,74,74,74,74,74,74,74,74,74,74,74,74,74,74,78,84,88,88,88,88,88,88,88],"card_choices":[{"not_picked":["Clash","Power Through"],"picked":"Headbutt","floor":1.0},{"not_picked":["Wild Strike","Entrench"],"picked":"Headbutt","floor":6.0},{"not_picked":["Flex","Sword Boomerang"],"picked":"Perfected Strike","floor":8.0},{"not_picked":["Rampage","Blood for Blood"],"picked":"Inflame+1","floor":13.0},{"not_picked":["Brutality+1","Reaper"],"picked":"Demon Form+1","floor":16.0},{"not_picked":["Perfected Strike","Intimidate"],"picked":"Flame Barrier","floor":17.0},{"not_picked":["Perfected Strike","Cleave"],"picked":"Ghostly Armor","floor":17.0},{"not_picked":["Fire Breathing+1","Feel No Pain+1"],"picked":"Perfected Strike","floor":17.0},{"not_picked":["Hemokinesis","Clash"],"picked":"Dual Wield","floor":17.0},{"not_picked":["Cleave","Twin Strike"],"picked":"Battle Trance","floor":18.0},{"not_picked":["Twin Strike","Limit Break"],"picked":"Perfected Strike","floor":19.0},{"not_picked":["Shrug It Off","Dual Wield"],"picked":"Spot Weakness+1","floor":22.0},{"not_picked":["Rampage+1","Second Wind","Cleave"],"picked":"SKIP","floor":23.0},{"not_picked":["Disarm","Cleave"],"picked":"Shrug It Off","floor":24.0},{"not_picked":["Thunderclap","Clothesline"],"picked":"Inflame+1","floor":29},{"not_picked":["Entrench","True Grit"],"picked":"Seeing Red+1","floor":31},{"not_picked":["Wild Strike+1","Armaments"],"picked":"Ghostly Armor+1","floor":35},{"not_picked":["Iron Wave+1","Shockwave"],"picked":"Body Slam+1","floor":39},{"not_picked":["Feel No Pain+1","True Grit"],"picked":"Thunderclap+1","floor":42},{"not_picked":["Intimidate","Perfected Strike+1"],"picked":"Clothesline+1","floor":44},{"not_picked":["Armaments+1","Rupture+1"],"picked":"Uppercut+1","floor":45},{"not_picked":["Entrench","Warcry","Searing Blow+1"],"picked":"SKIP","floor":46},{"not_picked":["Hemokinesis+1","Sentinel","Thunderclap+1"],"picked":"SKIP","floor":48}],"player_experience":403803,"relics_obtained":[{"floor":6.0,"key":"Frozen Egg 2"},{"floor":9.0,"key":"Self Forming Clay"},{"floor":14.0,"key":"Meat on the Bone"},{"floor":20.0,"key":"Necronomicon"},{"floor":23.0,"key":"Paper Frog"},{"floor":26.0,"key":"Darkstone Periapt"},{"floor":30,"key":"Molten Egg 2"},{"floor":43,"key":"Dodecahedron"},{"floor":45,"key":"Calipers"}],"event_choices":[{"damage_healed":0.0,"max_hp_gain":0.0,"max_hp_loss":0.0,"gold_gain":75.0,"event_name":"World of Goop","player_choice":"Gather Gold","floor":2.0,"gold_loss":0.0,"damage_taken":11.0},{"damage_healed":0.0,"max_hp_gain":0.0,"max_hp_loss":0.0,"gold_gain":0.0,"event_name":"Scrap Ooze","player_choice":"Success","floor":3.0,"gold_loss":0.0,"damage_taken":3.0,"relics_obtained":["Kunai"]},{"damage_healed":0.0,"max_hp_gain":0.0,"max_hp_loss":0.0,"gold_gain":0.0,"event_name":"Upgrade Shrine","player_choice":"Upgraded","floor":4.0,"gold_loss":0.0,"damage_taken":0.0,"cards_upgraded":["Bash"]},{"damage_healed":0.0,"max_hp_gain":0.0,"max_hp_loss":6.0,"gold_gain":0.0,"event_name":"Golden Idol","player_choice":"Lose Max HP","floor":12.0,"gold_loss":0.0,"damage_taken":0.0,"relics_obtained":["Golden Idol"]},{"damage_healed":0.0,"max_hp_gain":0.0,"max_hp_loss":0.0,"gold_gain":0.0,"event_name":"Cursed Tome","player_choice":"Obtained Book","floor":20.0,"gold_loss":0.0,"damage_taken":16.0},{"damage_healed":0.0,"max_hp_gain":0.0,"max_hp_loss":0.0,"gold_gain":0.0,"event_name":"Back to Basics","player_choice":"Simplicity","floor":21.0,"gold_loss":0.0,"damage_taken":0.0,"cards_upgraded":["Strike_R","Strike_R","Strike_R","Strike_R","Strike_R","Defend_R","Defend_R","Defend_R","Defend_R"]},{"cards_removed":["Spot Weakness"],"damage_healed":0.0,"max_hp_gain":0.0,"max_hp_loss":0.0,"gold_gain":0.0,"event_name":"Beggar","player_choice":"Gave Gold","floor":28.0,"gold_loss":75.0,"damage_taken":0.0},{"damage_healed":0,"gold_gain":333,"player_choice":"Gave Idol","damage_taken":0,"max_hp_gain":0,"max_hp_loss":0,"event_name":"The Moai Head","floor":36,"relics_lost":["Golden Idol"],"gold_loss":0},{"cards_removed":["Headbutt"],"damage_healed":0,"gold_gain":0,"player_choice":"Removed Attack","damage_taken":0,"max_hp_gain":0,"max_hp_loss":0,"event_name":"Falling","floor":38,"gold_loss":0}],"is_beta":false,"boss_relics":[{"not_picked":["Ectoplasm","Coffee Dripper"],"picked":"Orrery"},{"not_picked":["Calling Bell","Sozu"],"picked":"Cursed Key"}],"items_purged_floors":[37],"is_endless":false,"potions_floor_spawned":[8,16,22,23,24,31,39,42,44,46],"ascension_level":6}