{"gold_per_floor":[212,242,254,154,154,154,164,164,216,235,249,282,300,312,312,408,408,423,423,442,461,423,450,464,464,464,481,481,493,506,520,520,615,615,631,631,641,657,667,693,693,706,731,750,750,760,771,14,14,14],"floor_reached":50,"playtime":3006,"items_purged":[],"score":556,"play_id":"045a95d4-bd5e-46a0-ae41-0b972248110d","local_time":"20190220142640","is_ascension_mode":true,"campfire_choices":[{"data":"Zap","floor":6,"key":"SMITH"},{"data":"Compile Driver","floor":8,"key":"SMITH"},{"floor":15,"key":"REST"},{"floor":25,"key":"REST"},{"floor":28,"key":"REST"},{"data":"White Noise","floor":32,"key":"SMITH"},{"floor":41,"key":"REST"},{"floor":45,"key":"REST"},{"floor":49,"key":"REST"}],"neow_cost":"NONE","seed_source_timestamp":4255015924377,"circlet_count":0,"master_deck":["Strike_B","Strike_B","Strike_B","Strike_B","Defend_B","Defend_B","Defend_B","Defend_B","Zap+1","Dualcast","Undo","Gash","Compile Driver+1","Cold Snap","Sweeping Beam","Defragment","Melter","Gash","Self Repair","White Noise+1","Redo","Auto Shields","Go for the Eyes+1","Glacier+1","Ball Lightning","Echo Form","Storm","Thinking Ahead","Gash","Parasite","Darkness+1","Blizzard","Hologram+1","Heatsinks+1","Redo+1","Defragment","Stack"],"relics":["Cracked Core","Tiny Chest","Anchor","Mummified Hand","Lizard Tail","Unceasing Top","Ginger","Sozu","StoneCalendar","Boot","Toy Ornithopter","Dead Branch","Blood Vial"],"potions_floor_usage":[11,12,12,16,16,16,21,23,23,33,33,33,39],"damage_taken":[{"damage":0,"enemies":"2 Louse","floor":1,"turns":2},{"damage":1,"enemies":"Jaw Worm","floor":3,"turns":3},{"damage":0,"enemies":"Cultist","floor":7,"turns":3},{"damage":0,"enemies":"Blue Slaver","floor":10,"turns":3},{"damage":0,"enemies":"Gremlin Gang","floor":11,"turns":2},{"damage":9,"enemies":"Lagavulin","floor":12,"turns":6},{"damage":6,"enemies":"Large Slime","floor":13,"turns":4},{"damage":1,"enemies":"Exordium Thugs","floor":14,"turns":4},{"damage":26,"enemies":"The Guardian","floor":16,"turns":13},{"damage":0,"enemies":"Spheric Guardian","floor":18,"turns":3},{"damage":7,"enemies":"Shell Parasite","floor":20,"turns":5},{"damage":0,"enemies":"Sentry and Sphere","floor":21,"turns":2},{"damage":22,"enemies":"Book of Stabbing","floor":23,"turns":6},{"damage":26,"enemies":"Centurion and Healer","floor":24,"turns":8},{"damage":6,"enemies":"Chosen and Byrds","floor":27,"turns":5},{"damage":1,"enemies":"Sentry and Sphere","floor":29,"turns":4},{"damage":10,"enemies":"Snecko","floor":30,"turns":7},{"damage":1,"enemies":"Cultist and Chosen","floor":31,"turns":8},{"damage":68,"enemies":"Collector","floor":33,"turns":12},{"damage":20,"enemies":"3 Shapes","floor":35,"turns":6},{"damage":4,"enemies":"Orb Walker","floor":37,"turns":4},{"damage":13,"enemies":"Jaw Worm Horde","floor":38,"turns":4},{"damage":34,"enemies":"Writhing Mass","floor":39,"turns":7},{"damage":41,"enemies":"Nemesis","floor":40,"turns":7},{"damage":18,"enemies":"Maw","floor":42,"turns":7},{"damage":10,"enemies":"Sphere and 2 Shapes","floor":44,"turns":4},{"damage":55,"enemies":"3 Darklings","floor":46,"turns":7},{"damage":8,"enemies":"4 Shapes","floor":47,"turns":7},{"damage":54,"enemies":"Time Eater","floor":50,"turns":6}],"seed_played":"-276133633639448529","potions_obtained":[{"floor":10,"key":"FearPotion"},{"floor":11,"key":"SkillPotion"},{"floor":13,"key":"FearPotion"},{"floor":14,"key":"SpeedPotion"},{"floor":18,"key":"Energy Potion"},{"floor":19,"key":"FearPotion"},{"floor":19,"key":"EssenceOfSteel"},{"floor":24,"key":"SpeedPotion"},{"floor":27,"key":"Regen Potion"},{"floor":30,"key":"Strength Potion"},{"floor":33,"key":"Dexterity Potion"}],"is_trial":false,"path_per_floor":["M","?","M","$","?","R","M","R","T","M","M","E","M","M","R","B",null,"M","?","M","M","$","E","M","R","T","M","R","M","M","M","R","B",null,"M","?","M","M","M","E","R","M","T","M","R","M","M","$","R","B"],"character_chosen":"DEFECT","items_purchased":["SkillPotion","Explosive Potion","Self Repair","Defragment","Toy Ornithopter","Dead Branch","Blood Vial","Stack"],"campfire_rested":6,"item_purchase_floors":[4,4,22,48,48,48,48,48],"current_hp_per_floor":[75,50,49,49,49,49,49,49,49,49,49,40,34,33,55,29,75,75,75,68,68,68,53,34,56,56,57,75,74,71,75,75,29,75,62,62,65,52,25,37,59,48,48,45,67,26,25,25,47,0],"gold":14,"neow_bonus":"HUNDRED_GOLD","is_prod":false,"is_daily":false,"chose_seed":false,"campfire_upgraded":3,"win_rate":0,"timestamp":1550694400,"path_taken":["M","?","M","$","?","R","M","R","T","M","M","E","M","?","R","BOSS","M","?","M","M","$","E","M","R","T","?","R","M","M","M","R","BOSS","M","?","M","M","M","E","R","M","T","M","R","M","M","$","R","BOSS"],"build_version":"2019-01-23","purchased_purges":0,"victory":false,"max_hp_per_floor":[75,75,75,75,75,75,75,75,75,75,75,75,75,75,75,75,75,75,75,75,75,75,75,75,75,75,75,75,75,75,75,75,75,75,75,75,75,75,75,75,75,75,75,75,75,75,75,75,75,75],"card_choices":[{"not_picked":["Compile Driver","Aggregate"],"picked":"Undo","floor":1},{"not_picked":["Darkness","Capacitor"],"picked":"Gash","floor":3},{"not_picked":["Doom and Gloom","Beam Cell"],"picked":"Compile Driver","floor":7},{"not_picked":["Fusion","Thunder Strike"],"picked":"Cold Snap","floor":10},{"not_picked":["Static Discharge","Skim"],"picked":"Sweeping Beam","floor":11},{"not_picked":["Reboot","Blizzard"],"picked":"Defragment","floor":12},{"not_picked":["Sunder","Glacier"],"picked":"Melter","floor":13},{"not_picked":["Fusion","Darkness"],"picked":"Gash","floor":14},{"not_picked":["Conserve Battery","Sweeping Beam","Lockon"],"picked":"SKIP","floor":18},{"not_picked":["Barrage","Fusion+1","Doom and Gloom"],"picked":"SKIP","floor":20},{"not_picked":["Static Discharge","Heatsinks","Hologram"],"picked":"SKIP","floor":21},{"not_picked":["Streamline+1","Coolheaded"],"picked":"White Noise","floor":23},{"not_picked":["Cold Snap","Consume"],"picked":"Redo","floor":24},{"not_picked":["Beam Cell","Thunder Strike"],"picked":"Auto Shields","floor":27},{"not_picked":["Turbo","Rebound"],"picked":"Go for the Eyes+1","floor":29},{"not_picked":["Sweeping Beam","Beam Cell"],"picked":"Glacier+1","floor":30},{"not_picked":["Consume","Redo"],"picked":"Ball Lightning","floor":31},{"not_picked":["Hyperbeam","Multi-Cast"],"picked":"Echo Form","floor":33},{"not_picked":["Capacitor+1","Ball Lightning"],"picked":"Storm","floor":35},{"not_picked":["Finesse","Blind"],"picked":"Thinking Ahead","floor":36},{"not_picked":["White Noise","Conserve Battery+1"],"picked":"Gash","floor":37},{"not_picked":["Rip and Tear","Rebound","Barrage+1"],"picked":"SKIP","floor":38},{"not_picked":["Compile Driver","Redo"],"picked":"Darkness+1","floor":39},{"not_picked":["Hologram","Barrage"],"picked":"Blizzard","floor":40},{"not_picked":["Multi-Cast","Rebound"],"picked":"Hologram+1","floor":42},{"not_picked":["Go for the Eyes+1","Rebound"],"picked":"Heatsinks+1","floor":44},{"not_picked":["Barrage+1","Streamline+1","Compile Driver+1"],"picked":"SKIP","floor":46},{"not_picked":["Steam Power","Tempest"],"picked":"Redo+1","floor":47}],"player_experience":269850,"relics_obtained":[{"floor":9,"key":"Anchor"},{"floor":12,"key":"Mummified Hand"},{"floor":23,"key":"Unceasing Top"},{"floor":26,"key":"Ginger"},{"floor":40,"key":"StoneCalendar"},{"floor":43,"key":"Boot"}],"event_choices":[{"damage_healed":0,"gold_gain":0,"player_choice":"Success","damage_taken":25,"relics_obtained":["Tiny Chest"],"max_hp_gain":0,"max_hp_loss":0,"event_name":"Scrap Ooze","floor":2,"gold_loss":0},{"damage_healed":0,"gold_gain":0,"player_choice":"Leave","damage_taken":0,"max_hp_gain":0,"max_hp_loss":0,"event_name":"FaceTrader","floor":5,"gold_loss":0},{"damage_healed":0,"gold_gain":0,"player_choice":"Got Potions","damage_taken":0,"max_hp_gain":0,"max_hp_loss":0,"event_name":"Lab","floor":19,"gold_loss":0},{"damage_healed":0,"gold_gain":0,"player_choice":"Memory 1","damage_taken":0,"max_hp_gain":0,"max_hp_loss":0,"event_name":"SensoryStone","floor":36,"gold_loss":0}],"is_beta":false,"boss_relics":[{"not_picked":["Tiny House","Black Star"],"picked":"Lizard Tail"},{"not_picked":["Busted Crown","Empty Cage"],"picked":"Sozu"}],"items_purged_floors":[],"is_endless":false,"potions_floor_spawned":[10,11,13,14,18,20,24,27,30,33,35,39,40,47],"killed_by":"Time Eater","ascension_level":1}