{"path_per_floor":["M","M","M","M","M","E","M","E","T"],"character_chosen":"DEFECT","items_purchased":[],"gold_per_floor":[110,125,138,148,162,191,208,234,234,234],"floor_reached":10,"campfire_rested":0,"playtime":521,"item_purchase_floors":[],"current_hp_per_floor":[72,71,69,60,46,33,28,6,6,0],"items_purged":[],"gold":234,"score":82,"play_id":"47c2af30-17d0-401f-ae85-dd6a4fa050b9","local_time":"20180602014736","is_prod":false,"is_daily":false,"chose_seed":false,"is_ascension_mode":false,"campfire_upgraded":0,"win_rate":0.0,"timestamp":1527896856,"campfire_choices":[],"path_taken":["M","M","M","M","M","E","M","E","T","M"],"build_version":"2018-05-31","seed_source_timestamp":3674624955689,"purchased_purges":0,"victory":false,"master_deck":["Strike_B","Strike_B","Strike_B","Strike_B","Defend_B","Defend_B","Defend_B","Defend_B","Zap","Dualcast","Storm","Leap","Streamline","Rip and Tear","Rip and Tear","Reboot","Consume","Chill"],"max_hp_per_floor":[75,75,75,75,75,75,75,75,75,75],"relics":["Cracked Core","Happy Flower","Bottled Tornado","Pen Nib"],"card_choices":[{"not_picked":["Redo","Leap"],"picked":"Storm","floor":1},{"not_picked":["Ball Lightning","Compile Driver"],"picked":"Leap","floor":2},{"not_picked":["Leap","Steam"],"picked":"Streamline","floor":3},{"not_picked":["Steam","Compile Driver"],"picked":"Rip and Tear","floor":4},{"not_picked":["Compile Driver","Cold Snap"],"picked":"Rip and Tear","floor":5},{"not_picked":["Melter","Go for the Eyes"],"picked":"Reboot","floor":6},{"not_picked":["Cold Snap","Beam Cell"],"picked":"Consume","floor":7},{"not_picked":["Coolheaded","Aggregate"],"picked":"Chill","floor":8}],"player_experience":288853,"potions_floor_usage":[],"damage_taken":[{"damage":3,"enemies":"Cultist","floor":1,"turns":5},{"damage":1,"enemies":"Jaw Worm","floor":2,"turns":3},{"damage":2,"enemies":"Small Slimes","floor":3,"turns":4},{"damage":9,"enemies":"Exordium Wildlife","floor":4,"turns":4},{"damage":14,"enemies":"Blue Slaver","floor":5,"turns":4},{"damage":13,"enemies":"3 Sentries","floor":6,"turns":7},{"damage":5,"enemies":"Looter","floor":7,"turns":2},{"damage":22,"enemies":"Gremlin Nob","floor":8,"turns":4},{"damage":8,"enemies":"Gremlin Gang","floor":10,"turns":1}],"relics_obtained":[{"floor":6,"key":"Happy Flower"},{"floor":8,"key":"Bottled Tornado"},{"floor":9,"key":"Pen Nib"}],"event_choices":[],"boss_relics":[],"items_purged_floors":[],"potions_floor_spawned":[3,4,5,7,8],"seed_played":"1621071997966047461","killed_by":"Gremlin Gang","ascension_level":0,"potions_obtained":[{"floor":3,"key":"SteroidPotion"},{"floor":4,"key":"Energy Potion"},{"floor":5,"key":"SpeedPotion"},{"floor":7,"key":"Fire Potion"}],"is_trial":false}