{"gold_per_floor":[119,138,154,154,164,164,174,204,204,232,250,250,264,264,264,363,363,382,400,415,435,450,450,475,475,475,495,511,426,437,450,450,450],"floor_reached":33,"playtime":1510,"items_purged":[],"score":387,"play_id":"d803a89e-1ccf-4f21-9d84-806e0004e939","local_time":"20181116232719","is_ascension_mode":true,"campfire_choices":[{"data":"Rampage","floor":6,"key":"SMITH"},{"data":"Pommel Strike","floor":12,"key":"SMITH"},{"data":"Cleave","floor":15,"key":"SMITH"},{"floor":23,"key":"REST"},{"floor":25,"key":"REST"},{"data":"Reaper","floor":32,"key":"SMITH"}],"neow_cost":"NONE","seed_source_timestamp":103280853165643,"circlet_count":0,"master_deck":["Strike_R","Strike_R","Strike_R","Strike_R","Defend_R","Defend_R","Defend_R","Defend_R","Bash","Pommel Strike+1","Twin Strike","Rampage+1","Cleave+1","Reaper+1","True Grit+1","Shrug It Off","Iron Wave","Evolve","Metallicize+1","Clumsy","Intimidate+1","Shrug It Off+1"],"relics":["Burning Blood","Oddly Smooth Stone","Mercury Hourglass","Bottled Lightning","Question Card","Cursed Key","Toxic Egg 2","Kunai","Molten Egg 2"],"potions_floor_usage":[8,16,16,20,21,27,33,33],"damage_taken":[{"damage":0,"enemies":"Cultist","floor":1,"turns":4},{"damage":0,"enemies":"Small Slimes","floor":2,"turns":3},{"damage":0,"enemies":"2 Louse","floor":3,"turns":4},{"damage":8,"enemies":"Blue Slaver","floor":5,"turns":4},{"damage":5,"enemies":"Red Slaver","floor":7,"turns":3},{"damage":8,"enemies":"Gremlin Nob","floor":8,"turns":3},{"damage":22,"enemies":"3 Sentries","floor":10,"turns":6},{"damage":8,"enemies":"3 Louse","floor":11,"turns":2},{"damage":14,"enemies":"Gremlin Gang","floor":13,"turns":3},{"damage":30,"enemies":"The Guardian","floor":16,"turns":12},{"damage":25,"enemies":"Spheric Guardian","floor":18,"turns":4},{"damage":19,"enemies":"Shell Parasite","floor":19,"turns":6},{"damage":35,"enemies":"Chosen and Byrds","floor":20,"turns":6},{"damage":11,"enemies":"Centurion and Healer","floor":21,"turns":5},{"damage":6,"enemies":"3 Cultists","floor":22,"turns":5},{"damage":53,"enemies":"Slavers","floor":24,"turns":6},{"damage":26,"enemies":"Snake Plant","floor":27,"turns":4},{"damage":10,"enemies":"Cultist and Chosen","floor":28,"turns":7},{"damage":2,"enemies":"Centurion and Healer","floor":30,"turns":7},{"damage":15,"enemies":"3 Cultists","floor":31,"turns":5},{"damage":47,"enemies":"Automaton","floor":33,"turns":10}],"seed_played":"-888901234685629455","potions_obtained":[{"floor":2,"key":"Poison Potion"},{"floor":3,"key":"Fire Potion"},{"floor":7,"key":"AttackPotion"},{"floor":16,"key":"SkillPotion"},{"floor":20,"key":"SkillPotion"},{"floor":22,"key":"Strength Potion"},{"floor":24,"key":"LiquidBronze"},{"floor":30,"key":"Poison Potion"}],"is_trial":false,"path_per_floor":["M","M","M","?","M","R","M","E","T","E","M","R","M","?","R","B",null,"M","M","M","M","M","R","E","R","T","M","M","?","M","M","R","B"],"character_chosen":"IRONCLAD","items_purchased":[],"campfire_rested":2,"item_purchase_floors":[],"current_hp_per_floor":[78,80,80,80,78,78,79,77,77,61,59,59,51,56,56,32,72,57,44,19,18,30,55,20,45,45,25,29,29,41,44,44,0],"gold":450,"neow_bonus":"RANDOM_COMMON_RELIC","is_prod":false,"is_daily":false,"chose_seed":false,"campfire_upgraded":4,"win_rate":0,"timestamp":1542407239,"path_taken":["M","M","M","?","M","R","M","E","T","E","M","R","?","?","R","BOSS","M","M","M","M","M","R","E","R","T","M","M","?","M","M","R","BOSS"],"build_version":"2018-11-15","purchased_purges":0,"victory":false,"max_hp_per_floor":[80,80,80,80,80,80,80,80,80,80,80,80,80,85,85,85,85,85,85,85,85,85,85,85,85,85,85,85,85,85,85,85,85],"card_choices":[{"not_picked":["Twin Strike","Uppercut"],"picked":"Pommel Strike","floor":1},{"not_picked":["Thunderclap","Feel No Pain","Perfected Strike"],"picked":"SKIP","floor":2},{"not_picked":["Anger","Warcry"],"picked":"Twin Strike","floor":3},{"not_picked":["Burning Pact","Heavy Blade"],"picked":"Rampage","floor":5},{"not_picked":["Entrench","Heavy Blade","Warcry"],"picked":"SKIP","floor":7},{"not_picked":["Clash","Impervious","Perfected Strike"],"picked":"SKIP","floor":8},{"not_picked":["Twin Strike","Entrench"],"picked":"Cleave","floor":10},{"not_picked":["Heavy Blade","Pommel Strike","Dark Embrace","Perfected Strike"],"picked":"SKIP","floor":11},{"not_picked":["Armaments","Pommel Strike","Heavy Blade","Twin Strike"],"picked":"SKIP","floor":13},{"not_picked":["Immolate","Juggernaut","Bludgeon"],"picked":"Reaper","floor":16},{"not_picked":["Thunderclap+1","Pommel Strike","Heavy Blade+1"],"picked":"True Grit+1","floor":18},{"not_picked":["Flex+1","Fire Breathing","Headbutt","Sever Soul"],"picked":"SKIP","floor":19},{"not_picked":["Warcry","Demon Form","Clothesline"],"picked":"Shrug It Off","floor":20},{"not_picked":["Blood for Blood","True Grit","Warcry"],"picked":"Iron Wave","floor":21},{"not_picked":["Iron Wave+1","Sword Boomerang","Perfected Strike+1"],"picked":"Evolve","floor":22},{"not_picked":["Corruption","Wild Strike","Havoc+1"],"picked":"Metallicize+1","floor":24},{"not_picked":["Carnage","Pummel","Bloodletting+1"],"picked":"Intimidate+1","floor":27},{"not_picked":["Rupture","Bloodletting+1","Burning Pact+1","Armaments+1"],"picked":"SKIP","floor":28},{"not_picked":["Power Through+1","Wild Strike+1","Havoc+1","Perfected Strike+1"],"picked":"SKIP","floor":30},{"not_picked":["Clash+1","Cleave+1","Inflame"],"picked":"Shrug It Off+1","floor":31}],"player_experience":545373,"relics_obtained":[{"floor":8,"key":"Mercury Hourglass"},{"floor":9,"key":"Bottled Lightning"},{"floor":10,"key":"Question Card"},{"floor":24,"key":"Toxic Egg 2"},{"floor":26,"key":"Kunai"}],"event_choices":[{"cards_removed":["Strike_R"],"damage_healed":0,"gold_gain":0,"player_choice":"Purged","damage_taken":0,"max_hp_gain":0,"max_hp_loss":0,"event_name":"Purifier","floor":4,"gold_loss":0},{"damage_healed":0,"gold_gain":0,"player_choice":"Donut","damage_taken":0,"max_hp_gain":5,"max_hp_loss":0,"event_name":"Big Fish","floor":14,"gold_loss":0},{"damage_healed":0,"gold_gain":0,"player_choice":"Obtained Relic","damage_taken":0,"relics_obtained":["Molten Egg 2"],"max_hp_gain":0,"max_hp_loss":0,"event_name":"Addict","floor":29,"gold_loss":85}],"is_beta":false,"boss_relics":[{"not_picked":["White Beast Statue","Mark of Pain"],"picked":"Cursed Key"}],"items_purged_floors":[],"is_endless":false,"potions_floor_spawned":[2,3,7,16,20,22,24,30],"killed_by":"Automaton","ascension_level":7}