{"gold_per_floor":[119,136,147,157,172,202,202,236,236,253,270,305,325,290,290,368,368,378,378,390,390,407,407,417,417,499,233,233,244,261,277,277,348,348,358,404,422,437,437,437,437],"floor_reached":41,"playtime":3101,"items_purged":["Writhe"],"score":781,"play_id":"c7a902fc-692e-4492-9b98-58e6e22109c7","local_time":"20190215200357","is_ascension_mode":true,"campfire_choices":[{"data":"Footwork","floor":7,"key":"SMITH"},{"data":"Well Laid Plans","floor":15,"key":"SMITH"},{"data":"Bouncing Flask","floor":23,"key":"SMITH"},{"floor":25,"key":"REST"},{"floor":32,"key":"REST"},{"floor":40,"key":"REST"}],"neow_cost":"NONE","seed_source_timestamp":40377314009500,"circlet_count":0,"master_deck":["AscendersBane","Defend_G+1","Defend_G","Defend_G","Defend_G","Defend_G","Strike_G","Strike_G","Strike_G","Survivor","Neutralize","Sucker Punch","Quick Slash","Bouncing Flask+1","Footwork+1","Well Laid Plans+1","Dagger Throw","Cloak And Dagger","Dodge and Roll","Deflect","Dodge and Roll","Corpse Explosion+1","Leg Sweep","PiercingWail","Cloak And Dagger","Footwork","Dagger Spray","Footwork","PiercingWail","Dodge and Roll+1","Backflip","Blur","Dark Shackles"],"relics":["Ring of the Snake","Art of War","Gambling Chip","Centennial Puzzle","Pen Nib","Sozu","Enchiridion","Pear","Matryoshka","War Paint","Omamori","Sundial","Empty Cage","Ginger"],"potions_floor_usage":[6,12,12,16,24],"damage_taken":[{"damage":0,"enemies":"Small Slimes","floor":1,"turns":4},{"damage":0,"enemies":"2 Louse","floor":2,"turns":2},{"damage":2,"enemies":"Jaw Worm","floor":3,"turns":4},{"damage":0,"enemies":"Exordium Wildlife","floor":4,"turns":5},{"damage":1,"enemies":"Blue Slaver","floor":5,"turns":3},{"damage":8,"enemies":"Lagavulin","floor":6,"turns":8},{"damage":22,"enemies":"3 Sentries","floor":8,"turns":10},{"damage":0,"enemies":"3 Louse","floor":10,"turns":5},{"damage":0,"enemies":"Large Slime","floor":11,"turns":7},{"damage":6,"enemies":"Gremlin Nob","floor":12,"turns":3},{"damage":1,"enemies":"Exordium Wildlife","floor":13,"turns":4},{"damage":1,"enemies":"The Guardian","floor":16,"turns":11},{"damage":2,"enemies":"Chosen","floor":18,"turns":5},{"damage":11,"enemies":"2 Thieves","floor":20,"turns":2},{"damage":3,"enemies":"Snake Plant","floor":22,"turns":5},{"damage":24,"enemies":"Cultist and Chosen","floor":24,"turns":7},{"damage":0,"enemies":"Chosen and Byrds","floor":29,"turns":8},{"damage":3,"enemies":"Snake Plant","floor":30,"turns":6},{"damage":0,"enemies":"Centurion and Healer","floor":31,"turns":6},{"damage":9,"enemies":"Automaton","floor":33,"turns":14},{"damage":0,"enemies":"Orb Walker","floor":35,"turns":7},{"damage":52,"enemies":"2 Orb Walkers","floor":36,"turns":5},{"damage":0,"enemies":"3 Shapes","floor":37,"turns":3},{"damage":11,"enemies":"Jaw Worm Horde","floor":38,"turns":5},{"damage":26,"enemies":"Giant Head","floor":41,"turns":13}],"seed_played":"-8368407932776949429","potions_obtained":[{"floor":5,"key":"Dexterity Potion"},{"floor":6,"key":"Poison Potion"},{"floor":8,"key":"Fire Potion"},{"floor":12,"key":"Block Potion"},{"floor":13,"key":"Explosive Potion"}],"is_trial":false,"path_per_floor":["M","M","M","M","M","E","R","E","T","M","M","E","M","?","R","B",null,"M","?","M","?","M","R","M","R","T","$","T","M","M","M","R","B",null,"M","?","M","M","?","R","E"],"character_chosen":"THE_SILENT","items_purchased":["Footwork","War Paint"],"campfire_rested":3,"item_purchase_floors":[27,27],"current_hp_per_floor":[59,59,57,57,56,48,48,26,26,26,26,20,19,35,35,34,58,56,35,24,34,31,31,7,29,29,29,29,29,26,26,48,39,67,67,15,15,4,4,26,0],"gold":437,"neow_bonus":"THREE_CARDS","is_prod":false,"is_daily":false,"chose_seed":false,"campfire_upgraded":3,"win_rate":0,"timestamp":1550257437,"path_taken":["M","M","M","M","M","E","R","E","T","M","M","E","M","?","R","BOSS","M","?","M","?","M","R","M","R","T","$","?","M","?","M","R","BOSS","M","?","M","M","?","R","E"],"build_version":"2019-01-23","purchased_purges":1,"victory":false,"max_hp_per_floor":[66,66,66,66,66,66,66,66,66,66,66,66,66,66,66,66,66,66,66,66,76,76,76,76,76,76,76,76,76,76,76,76,76,76,76,76,76,76,76,76,76],"card_choices":[{"not_picked":["Deadly Poison","Flying Knee"],"picked":"Sucker Punch","floor":0},{"not_picked":["Dodge and Roll","Underhanded Strike"],"picked":"Quick Slash","floor":1},{"not_picked":["Flying Knee","Deflect"],"picked":"Bouncing Flask","floor":2},{"not_picked":["Escape Plan","PiercingWail"],"picked":"Footwork","floor":3},{"not_picked":["Poisoned Stab","Calculated Gamble"],"picked":"Well Laid Plans","floor":4},{"not_picked":["Flying Knee","Reflex"],"picked":"Dagger Throw","floor":5},{"not_picked":["Heel Hook","Quick Slash"],"picked":"Cloak And Dagger","floor":6},{"not_picked":["A Thousand Cuts","All Out Attack"],"picked":"Dodge and Roll","floor":8},{"not_picked":["Slice","Choke"],"picked":"Deflect","floor":10},{"not_picked":["Wraith Form v2","Flechettes","Finisher"],"picked":"SKIP","floor":11},{"not_picked":["Heel Hook","Escape Plan"],"picked":"Dodge and Roll","floor":12},{"not_picked":["Quick Slash","Flying Knee","Prepared"],"picked":"SKIP","floor":13},{"not_picked":["Venomology","Storm of Steel"],"picked":"Corpse Explosion","floor":16},{"not_picked":["Predator","Underhanded Strike"],"picked":"Leg Sweep","floor":18},{"not_picked":["Masterful Stab","Cloak And Dagger"],"picked":"PiercingWail","floor":20},{"not_picked":["Backstab","Dagger Throw"],"picked":"Cloak And Dagger","floor":22},{"not_picked":["Acrobatics","Blade Dance+1","Outmaneuver"],"picked":"SKIP","floor":24},{"not_picked":["Dodge and Roll","Outmaneuver"],"picked":"Dagger Spray","floor":29},{"not_picked":["Deadly Poison","Dagger Throw"],"picked":"Footwork","floor":30},{"not_picked":["Finisher","Blade Dance"],"picked":"PiercingWail","floor":31},{"not_picked":["Poisoned Stab","Flying Knee+1","Outmaneuver+1"],"picked":"SKIP","floor":35},{"not_picked":["Poisoned Stab","Sucker Punch+1"],"picked":"Dodge and Roll+1","floor":36},{"not_picked":["Quick Slash","Slice"],"picked":"Backflip","floor":37},{"not_picked":["Outmaneuver","Bane"],"picked":"Blur","floor":38},{"not_picked":["Impatience","The Bomb"],"picked":"Dark Shackles","floor":39}],"player_experience":500270,"relics_obtained":[{"floor":6,"key":"Art of War"},{"floor":8,"key":"Gambling Chip"},{"floor":9,"key":"Centennial Puzzle"},{"floor":12,"key":"Pen Nib"},{"floor":19,"key":"Enchiridion"},{"floor":26,"key":"Matryoshka"},{"floor":28,"key":"Omamori"},{"floor":28,"key":"Sundial"},{"floor":36,"key":"Ginger"}],"event_choices":[{"damage_healed":16,"gold_gain":0,"player_choice":"Healed","damage_taken":0,"max_hp_gain":0,"max_hp_loss":0,"event_name":"The Cleric","floor":14,"gold_loss":35},{"damage_healed":0,"gold_gain":0,"player_choice":"Obtained Book","damage_taken":21,"max_hp_gain":0,"max_hp_loss":0,"event_name":"Cursed Tome","floor":19,"gold_loss":0},{"damage_healed":0,"gold_gain":0,"player_choice":"Opened","damage_taken":0,"relics_obtained":["Pear"],"max_hp_gain":0,"max_hp_loss":0,"event_name":"The Mausoleum","floor":21,"gold_loss":0,"cards_obtained":["Writhe"]},{"damage_healed":0,"gold_gain":0,"player_choice":"Fight","damage_taken":0,"max_hp_gain":0,"max_hp_loss":0,"event_name":"Mysterious Sphere","floor":36,"gold_loss":0},{"damage_healed":0,"gold_gain":0,"player_choice":"Memory 1","damage_taken":0,"max_hp_gain":0,"max_hp_loss":0,"event_name":"SensoryStone","floor":39,"gold_loss":0}],"is_beta":false,"boss_relics":[{"not_picked":["WristBlade","Runic Pyramid"],"picked":"Sozu"},{"not_picked":["Coffee Dripper","Black Star"],"picked":"Empty Cage"}],"items_purged_floors":[27],"is_endless":false,"potions_floor_spawned":[5,6,8,10,12,13,18,22,30,31],"killed_by":"Giant Head","ascension_level":15}