{"path_per_floor":["M","?","?","?","M","R","M","M","T","?","R","E","M","E","R","B",null,"M","?","M","M","?","R","E","M","T","R","E","M","R","?","R","B",null,"M","M","?","?","M","R","M"],"character_chosen":"DEFECT","items_purchased":[],"gold_per_floor":[14,14,14,14,33,33,47,64,91,151,151,176,191,226,226,330,330,341,266,278,288,288,288,315,332,332,332,367,384,384,634,634,733,733,745,755,755,755,770,770,785,785],"floor_reached":42,"campfire_rested":2,"playtime":2681,"item_purchase_floors":[],"current_hp_per_floor":[73,73,73,70,63,63,64,65,65,39,39,34,44,36,36,20,75,74,74,64,43,29,29,28,15,15,43,13,19,19,19,47,38,94,94,94,94,94,46,46,35,0],"items_purged":[],"gold":785,"score":473,"play_id":"4f1a85aa-2517-4a43-aaf8-1ac98aefbb09","local_time":"20180605130336","is_prod":false,"is_daily":false,"chose_seed":false,"is_ascension_mode":false,"campfire_upgraded":6,"win_rate":0.0,"timestamp":1528196616,"campfire_choices":[{"data":"Self Repair","floor":6,"key":"SMITH"},{"data":"Defragment","floor":11,"key":"SMITH"},{"data":"Force Field","floor":15,"key":"SMITH"},{"data":"Electrodynamics","floor":23,"key":"SMITH"},{"floor":27,"key":"REST"},{"data":"Heatsinks","floor":30,"key":"SMITH"},{"floor":32,"key":"REST"},{"data":"Creative AI","floor":40,"key":"SMITH"}],"path_taken":["M","?","?","?","M","R","M","?","T","?","R","E","?","E","R","BOSS","M","?","M","M","?","R","E","M","T","R","E","M","R","?","R","BOSS","M","M","?","?","M","R","M","E"],"build_version":"2018-05-31","seed_source_timestamp":301305294294314,"purchased_purges":0,"victory":false,"master_deck":["Strike_B","Defend_B+1","Defend_B","Defend_B+1","Defend_B","Zap","Dualcast","Capacitor","Heatsinks+1","Self Repair+1","Defragment+1","Melter","Reboot","White Noise","Force Field+1","Electrodynamics+1","FTL","Sunder+1","Electrodynamics","Echo Form","Lockon+1","Creative AI+1","Storm"],"max_hp_per_floor":[75,75,75,75,75,75,75,75,75,75,75,75,75,75,75,75,75,75,75,75,75,80,80,94,94,94,94,94,94,94,94,94,94,94,94,94,94,94,94,94,94,94],"relics":["Cracked Core","Oddly Smooth Stone","Omamori","Potion Belt","War Paint","Toolbox","Centennial Puzzle","Inserter","Mango","Juzu Bracelet","Bottled Flame","Black Star"],"card_choices":[{"not_picked":["Lockon","Double Energy"],"picked":"Heatsinks","floor":1},{"not_picked":["Rebound","Streamline"],"picked":"Self Repair","floor":5},{"not_picked":["Beam Cell","Ball Lightning"],"picked":"Defragment","floor":7},{"not_picked":["Doom and Gloom","Barrage"],"picked":"Melter","floor":8},{"not_picked":["Ball Lightning","Redo"],"picked":"Reboot","floor":12},{"not_picked":["Sweeping Beam","Hologram"],"picked":"White Noise","floor":13},{"not_picked":["Skim","Hologram"],"picked":"Force Field","floor":14},{"not_picked":["Seek","Meteor Strike"],"picked":"Electrodynamics","floor":16},{"not_picked":["Go for the Eyes","Gash+1","Compile Driver+1"],"picked":"SKIP","floor":18},{"not_picked":["Gash","Skim"],"picked":"FTL","floor":20},{"not_picked":["Ball Lightning","Lockon+1"],"picked":"Sunder+1","floor":21},{"not_picked":["Beam Cell","Streamline","Rebound+1"],"picked":"SKIP","floor":24},{"not_picked":["Sweeping Beam","Streamline"],"picked":"Electrodynamics","floor":25},{"not_picked":["Ball Lightning","Glacier+1"],"picked":"Echo Form","floor":28},{"not_picked":["Sweeping Beam","Stack+1"],"picked":"Lockon+1","floor":29},{"not_picked":["Core Surge","Meteor Strike"],"picked":"Creative AI","floor":33},{"not_picked":["Conserve Battery","Streamline+1","Ball Lightning+1"],"picked":"SKIP","floor":35},{"not_picked":["Coolheaded+1","Redo","Rebound"],"picked":"SKIP","floor":36},{"not_picked":["Compile Driver","Gash"],"picked":"Storm","floor":39},{"not_picked":["Leap+1","Redo+1","Hello World"],"picked":"SKIP","floor":41}],"player_experience":311638,"potions_floor_usage":[24,24,28,33,33,41],"damage_taken":[{"damage":2,"enemies":"Small Slimes","floor":1,"turns":5},{"damage":7,"enemies":"Cultist","floor":5,"turns":6},{"damage":9,"enemies":"2 Louse","floor":7,"turns":4},{"damage":9,"enemies":"2 Fungi Beasts","floor":8,"turns":6},{"damage":36,"enemies":"3 Sentries","floor":10,"turns":7},{"damage":15,"enemies":"3 Sentries","floor":12,"turns":8},{"damage":0,"enemies":"Large Slime","floor":13,"turns":6},{"damage":18,"enemies":"Gremlin Nob","floor":14,"turns":5},{"damage":26,"enemies":"Hexaghost","floor":16,"turns":9},{"damage":11,"enemies":"Chosen","floor":18,"turns":6},{"damage":20,"enemies":"2 Thieves","floor":20,"turns":4},{"damage":31,"enemies":"Snake Plant","floor":21,"turns":5},{"damage":25,"enemies":"Slavers","floor":24,"turns":4},{"damage":27,"enemies":"Cultist and Chosen","floor":25,"turns":6},{"damage":40,"enemies":"Book of Stabbing","floor":28,"turns":6},{"damage":20,"enemies":"Centurion and Healer","floor":29,"turns":6},{"damage":19,"enemies":"Automaton","floor":33,"turns":9},{"damage":7,"enemies":"3 Shapes","floor":35,"turns":5},{"damage":4,"enemies":"Orb Walker","floor":36,"turns":4},{"damage":48,"enemies":"3 Darklings","floor":39,"turns":4},{"damage":21,"enemies":"Maw","floor":41,"turns":6},{"damage":45,"enemies":"Nemesis","floor":42,"turns":3}],"relics_obtained":[{"floor":9,"key":"Potion Belt"},{"floor":10,"key":"War Paint"},{"floor":12,"key":"Toolbox"},{"floor":14,"key":"Centennial Puzzle"},{"floor":24,"key":"Mango"},{"floor":26,"key":"Juzu Bracelet"},{"floor":28,"key":"Bottled Flame"}],"event_choices":[{"event_name":"Accursed Blacksmith","player_choice":"Rummage","floor":2,"damage_taken":0},{"event_name":"Living Wall","player_choice":"Forget","floor":3,"damage_taken":0},{"event_name":"Scrap Ooze","player_choice":"success","floor":4,"damage_taken":3},{"event_name":"Dead Adventurer","player_choice":"Searched \u00271\u0027 times","floor":10,"damage_taken":0},{"event_name":"Beggar","player_choice":"Gave Gold","floor":19,"damage_taken":0},{"event_name":"Forgotten Altar","player_choice":"Shed Blood","floor":22,"damage_taken":0},{"event_name":"Golden Shrine","player_choice":"Desecrate","floor":31,"damage_taken":0},{"event_name":"Tomb of Lord Red Mask","player_choice":"Ignored","floor":37,"damage_taken":0}],"boss_relics":[{"not_picked":["Runic Pyramid","Sozu"],"picked":"Inserter"},{"not_picked":["Runic Dome","Calling Bell"],"picked":"Black Star"}],"items_purged_floors":[],"potions_floor_spawned":[1,10,13,14,16,21,24,25,29,33,39],"seed_played":"-7810284391317446324","killed_by":"Nemesis","ascension_level":0,"potions_obtained":[{"floor":1,"key":"LiquidBronze"},{"floor":10,"key":"SkillPotion"},{"floor":13,"key":"EssenceOfSteel"},{"floor":14,"key":"Ancient Potion"},{"floor":16,"key":"FairyPotion"},{"floor":24,"key":"EssenceOfSteel"},{"floor":25,"key":"SkillPotion"},{"floor":29,"key":"Block Potion"},{"floor":33,"key":"Energy Potion"},{"floor":39,"key":"Block Potion"}],"is_trial":false}