{"gold_per_floor":[109,127,140,153,153,182,182,211,238,238,255,255],"floor_reached":12,"playtime":354,"items_purged":[],"score":108,"play_id":"c4625715-7be9-4dae-8101-f51289fd0b52","local_time":"20181218210909","is_ascension_mode":true,"campfire_choices":[{"floor":7,"key":"REST"},{"data":"Storm","floor":10,"key":"SMITH"}],"neow_cost":"NONE","seed_source_timestamp":466416584930392,"circlet_count":0,"master_deck":["Strike_B","Strike_B","Strike_B","Strike_B+1","Defend_B","Defend_B","Defend_B","Defend_B","Zap","Dualcast+1","Static Discharge","Storm+1","Streamline"],"relics":["Cracked Core","Juzu Bracelet","Centennial Puzzle","Lantern","Dream Catcher"],"potions_floor_usage":[8,8,11],"damage_taken":[{"damage":4,"enemies":"2 Louse","floor":1,"turns":3},{"damage":16,"enemies":"Small Slimes","floor":2,"turns":3},{"damage":1,"enemies":"Cultist","floor":3,"turns":4},{"damage":15,"enemies":"Large Slime","floor":4,"turns":5},{"damage":20,"enemies":"Lagavulin","floor":6,"turns":7},{"damage":15,"enemies":"3 Sentries","floor":8,"turns":4},{"damage":7,"enemies":"Looter","floor":11,"turns":3},{"damage":8,"enemies":"Blue Slaver","floor":12,"turns":2}],"seed_played":"3477962247953842152","potions_obtained":[{"floor":1,"key":"FocusPotion"},{"floor":3,"key":"FearPotion"},{"floor":6,"key":"Explosive Potion"}],"is_trial":false,"path_per_floor":["M","M","M","M","?","E","R","E","T","R","M","M"],"character_chosen":"DEFECT","items_purchased":[],"campfire_rested":1,"item_purchase_floors":[],"current_hp_per_floor":[71,55,54,39,24,4,26,11,11,11,4,0],"gold":255,"neow_bonus":"RANDOM_COMMON_RELIC","is_prod":false,"is_daily":false,"chose_seed":false,"campfire_upgraded":1,"win_rate":0,"timestamp":1545163749,"path_taken":["M","M","M","M","?","E","R","E","T","R","M","M"],"build_version":"2018-12-13","purchased_purges":0,"victory":false,"max_hp_per_floor":[75,75,75,75,75,75,75,75,75,75,75,75],"card_choices":[{"not_picked":["Conserve Battery","Compile Driver"],"picked":"Static Discharge","floor":1},{"not_picked":["BootSequence","Cold Snap"],"picked":"Storm","floor":2},{"not_picked":["Ball Lightning","Genetic Algorithm","Beam Cell"],"picked":"SKIP","floor":3},{"not_picked":["Blizzard","Redo","Steam"],"picked":"SKIP","floor":4},{"not_picked":["Barrage","Skim"],"picked":"Streamline","floor":6},{"not_picked":["Turbo","Ball Lightning","Rebound"],"picked":"SKIP","floor":8},{"not_picked":["Coolheaded","Rip and Tear","Gash"],"picked":"SKIP","floor":11}],"player_experience":571174,"relics_obtained":[{"floor":6,"key":"Centennial Puzzle"},{"floor":8,"key":"Lantern"},{"floor":9,"key":"Dream Catcher"}],"event_choices":[{"damage_healed":0,"gold_gain":0,"player_choice":"Entered Light","damage_taken":15,"max_hp_gain":0,"max_hp_loss":0,"event_name":"Shining Light","floor":5,"gold_loss":0,"cards_upgraded":["Dualcast","Strike_B"]}],"is_beta":false,"boss_relics":[],"items_purged_floors":[],"is_endless":false,"potions_floor_spawned":[1,3,6],"killed_by":"Blue Slaver","ascension_level":4}