{"gold_per_floor":[115,115,65,65,85,85,105,105,105,105,116,133,152,164,164,264,264,274,288,288,301,301,332,332,351,376,376,376,45,45,62,62,162,162,182,192,192,202,215,215,215,315,340,353,102,102,102,118,118,118],"floor_reached":51,"playtime":2049,"items_purged":["Strike_R","Parasite"],"score":786,"play_id":"4c1fe67c-1231-41cb-9343-751d8aac0c90","local_time":"20190111001330","is_ascension_mode":false,"campfire_choices":[{"data":"Iron Wave","floor":6.0,"key":"SMITH"},{"data":"Intimidate","floor":8.0,"key":"SMITH"},{"data":"Headbutt","floor":15.0,"key":"SMITH"},{"data":"J.A.X.","floor":24,"key":"SMITH"},{"data":"Shrug It Off","floor":28,"key":"SMITH"},{"data":"Trip","floor":30,"key":"SMITH"},{"floor":32,"key":"REST"},{"data":"Shrug It Off","floor":40,"key":"SMITH"},{"data":"Demon Form","floor":47,"key":"SMITH"},{"data":"Heavy Blade","floor":49,"key":"SMITH"}],"neow_cost":"NONE","seed_source_timestamp":103275454780753,"circlet_count":0,"master_deck":["Strike_R","Strike_R","Defend_R","Defend_R","Defend_R+1","Bash","Iron Wave+1","Spot Weakness","Intimidate+1","Headbutt+1","Battle Trance","Shrug It Off+1","Feed","Whirlwind+1","J.A.X.+1","Heavy Blade+1","Metallicize+1","Trip+1","Shrug It Off+1","Finesse+1","Demon Form+1"],"special_seed":0,"relics":["Burning Blood","Pen Nib","Singing Bowl","Sozu","Question Card","Red Skull","Bag of Preparation","Philosopher\u0027s Stone","Thread and Needle","Oddly Smooth Stone","War Paint"],"potions_floor_usage":[16,23,50],"damage_taken":[{"damage":3.0,"enemies":"Small Slimes","floor":1.0,"turns":3.0},{"damage":3.0,"enemies":"2 Louse","floor":5.0,"turns":2.0},{"damage":2.0,"enemies":"Jaw Worm","floor":7.0,"turns":3.0},{"damage":4.0,"enemies":"Gremlin Gang","floor":11.0,"turns":6.0},{"damage":10.0,"enemies":"2 Fungi Beasts","floor":12.0,"turns":3.0},{"damage":4.0,"enemies":"Red Slaver","floor":13.0,"turns":3.0},{"damage":0.0,"enemies":"Large Slime","floor":14.0,"turns":3.0},{"damage":26,"enemies":"Slime Boss","floor":16,"turns":6},{"damage":19,"enemies":"3 Byrds","floor":18,"turns":5},{"damage":8,"enemies":"Spheric Guardian","floor":19,"turns":4},{"damage":1,"enemies":"Snecko","floor":21,"turns":5},{"damage":9,"enemies":"Gremlin Leader","floor":23,"turns":5},{"damage":21,"enemies":"Snake Plant","floor":25,"turns":3},{"damage":24,"enemies":"Colosseum Slavers","floor":27,"turns":4},{"damage":21,"enemies":"Shelled Parasite and Fungi","floor":31,"turns":5},{"damage":20,"enemies":"Collector","floor":33,"turns":6},{"damage":10,"enemies":"Orb Walker","floor":35,"turns":2},{"damage":6,"enemies":"3 Darklings","floor":36,"turns":2},{"damage":6,"enemies":"Writhing Mass","floor":38,"turns":2},{"damage":12,"enemies":"4 Shapes","floor":39,"turns":2},{"damage":27,"enemies":"Mind Bloom Boss Battle","floor":42,"turns":4},{"damage":7,"enemies":"3 Darklings","floor":44,"turns":4},{"damage":16,"enemies":"Maw","floor":48,"turns":5},{"damage":23,"enemies":"Time Eater","floor":50,"turns":6}],"seed_played":"-1946111393609407991","potions_obtained":[{"floor":1.0,"key":"Dexterity Potion"},{"floor":12.0,"key":"Strength Potion"},{"floor":13.0,"key":"GamblersBrew"}],"is_trial":false,"path_per_floor":["M","?","?","?","M","R","M","R","T","?","M","M","M","M","R","B",null,"M","M","?","M","?","E","R","M","T","?","R","$","R","M","R","B",null,"M","M","?","M","M","R","?","?","T","M","$","?","R","M","R","B",null],"character_chosen":"IRONCLAD","items_purchased":["Bag of Preparation","Trip","Shrug It Off","War Paint"],"campfire_rested":1,"item_purchase_floors":[29,29,29,45],"current_hp_per_floor":[80,85,85,85,85,85,85,85,85,85,85,81,83,87,87,67,87,77,78,78,88,88,88,88,73,73,58,58,58,58,45,76,67,111,109,111,111,113,110,110,110,91,91,92,92,92,92,84,84,67],"gold":118,"neow_bonus":"RANDOM_COMMON_RELIC","is_prod":false,"is_daily":false,"chose_seed":false,"campfire_upgraded":9,"win_rate":0,"timestamp":1547183610,"path_taken":["M","?","?","?","M","R","M","R","T","?","M","M","?","M","R","BOSS","M","?","?","?","?","E","R","M","T","?","R","?","R","M","R","BOSS","M","M","?","M","M","R","?","?","T","?","$","?","R","M","R","BOSS"],"build_version":"2019-01-09","purchased_purges":2,"victory":true,"max_hp_per_floor":[80,85,85,85,85,85,85,85,85,85,85,85,85,87,87,87,87,90,93,93,98,98,101,101,101,101,104,104,104,104,106,106,111,111,113,115,115,117,120,120,120,122,122,124,121,121,121,123,123,123],"card_choices":[{"not_picked":["Entrench","Anger"],"picked":"Iron Wave","floor":1.0},{"not_picked":["Twin Strike","Perfected Strike"],"picked":"Spot Weakness","floor":5.0},{"not_picked":["Wild Strike","Sword Boomerang"],"picked":"Intimidate","floor":7.0},{"not_picked":["Clothesline","Warcry"],"picked":"Headbutt","floor":11.0},{"not_picked":["Offering","Entrench"],"picked":"Battle Trance","floor":12.0},{"not_picked":["Pommel Strike","True Grit"],"picked":"Shrug It Off","floor":13.0},{"not_picked":["Clothesline","Sentinel","Cleave"],"picked":"Singing Bowl","floor":14.0},{"not_picked":["Fiend Fire","Double Tap"],"picked":"Feed","floor":16},{"not_picked":["Feel No Pain","Iron Wave"],"picked":"Whirlwind+1","floor":18},{"not_picked":["Headbutt","Clash"],"picked":"Evolve+1","floor":19},{"not_picked":["Twin Strike","Reckless Charge","Anger"],"picked":"Singing Bowl","floor":21},{"not_picked":["Havoc+1","Berserk"],"picked":"Heavy Blade","floor":23},{"not_picked":["Disarm","Shrug It Off","Spot Weakness+1"],"picked":"Metallicize+1","floor":25},{"not_picked":["Intimidate","Anger","Sever Soul","Headbutt"],"picked":"Singing Bowl","floor":31},{"not_picked":["Impervious","Feed","Offering","Juggernaut"],"picked":"Singing Bowl","floor":33},{"not_picked":["Headbutt","Perfected Strike","Clash","Cleave+1"],"picked":"Singing Bowl","floor":35},{"not_picked":["Clash+1","Havoc+1","Body Slam","Perfected Strike+1"],"picked":"Singing Bowl","floor":36},{"not_picked":["Forethought","Panache","Blind"],"picked":"Finesse","floor":37},{"not_picked":["Havoc+1","Armaments","Clothesline","Heavy Blade+1"],"picked":"Singing Bowl","floor":38},{"not_picked":["Sword Boomerang","True Grit+1","Evolve"],"picked":"Demon Form","floor":39},{"not_picked":["Clothesline","Shockwave","Pommel Strike","Cleave"],"picked":"Singing Bowl","floor":42},{"not_picked":["Cleave","Flame Barrier+1","Hemokinesis","Feel No Pain"],"picked":"Singing Bowl","floor":44},{"not_picked":["Blood for Blood+1","Twin Strike","Battle Trance","Anger+1"],"picked":"Singing Bowl","floor":48}],"player_experience":489425,"relics_obtained":[{"floor":9.0,"key":"Singing Bowl"},{"floor":23,"key":"Question Card"},{"floor":26,"key":"Red Skull"},{"floor":42,"key":"Thread and Needle"},{"floor":43,"key":"Oddly Smooth Stone"}],"event_choices":[{"damage_healed":0.0,"max_hp_gain":5.0,"max_hp_loss":0.0,"gold_gain":0.0,"event_name":"Big Fish","player_choice":"Donut","floor":2.0,"gold_loss":0.0,"damage_taken":0.0},{"cards_removed":["Strike_R"],"damage_healed":0.0,"max_hp_gain":0.0,"max_hp_loss":0.0,"gold_gain":0.0,"event_name":"The Cleric","player_choice":"Card Removal","floor":3.0,"gold_loss":50.0,"damage_taken":0.0},{"cards_removed":["Strike_R"],"damage_healed":0.0,"max_hp_gain":0.0,"max_hp_loss":0.0,"gold_gain":0.0,"event_name":"Living Wall","player_choice":"Forget","floor":4.0,"gold_loss":0.0,"damage_taken":0.0},{"damage_healed":0.0,"max_hp_gain":0.0,"max_hp_loss":0.0,"gold_gain":0.0,"event_name":"Liars Game","player_choice":"Ignored","floor":10.0,"gold_loss":0.0,"damage_taken":0.0},{"cards_removed":["Defend_R"],"damage_healed":0,"gold_gain":0,"player_choice":"Card Removal","damage_taken":0,"max_hp_gain":0,"max_hp_loss":0,"event_name":"Wheel of Change","floor":20,"gold_loss":0},{"damage_healed":0,"gold_gain":0,"player_choice":"Obtain J.A.X.","damage_taken":0,"max_hp_gain":0,"max_hp_loss":0,"event_name":"Drug Dealer","floor":22,"gold_loss":0,"cards_obtained":["J.A.X."]},{"damage_healed":0,"gold_gain":0,"player_choice":"Fight","damage_taken":0,"max_hp_gain":0,"max_hp_loss":0,"event_name":"Colosseum","floor":27,"gold_loss":0},{"damage_healed":0,"gold_gain":0,"player_choice":"Fled From Nobs","damage_taken":0,"max_hp_gain":0,"max_hp_loss":0,"event_name":"Colosseum","floor":27,"gold_loss":0},{"damage_healed":0,"gold_gain":0,"player_choice":"Memory 1","damage_taken":0,"max_hp_gain":0,"max_hp_loss":0,"event_name":"SensoryStone","floor":37,"gold_loss":0},{"damage_healed":0,"gold_gain":0,"player_choice":"Ignored","damage_taken":0,"max_hp_gain":0,"max_hp_loss":0,"event_name":"Tomb of Lord Red Mask","floor":41,"gold_loss":0},{"damage_healed":0,"gold_gain":0,"player_choice":"Fight","damage_taken":0,"max_hp_gain":0,"max_hp_loss":0,"event_name":"MindBloom","floor":42,"gold_loss":0},{"cards_removed":["Evolve"],"damage_healed":0,"gold_gain":0,"player_choice":"Removed Power","damage_taken":0,"max_hp_gain":0,"max_hp_loss":0,"event_name":"Falling","floor":46,"gold_loss":0}],"is_beta":true,"boss_relics":[{"not_picked":["Lizard Tail","Black Star"],"picked":"Sozu"},{"not_picked":["Runic Dome","Coffee Dripper"],"picked":"Philosopher\u0027s Stone"}],"items_purged_floors":[29,45],"is_endless":false,"potions_floor_spawned":[1,12,13,21,25,31,33,36,39,44],"ascension_level":0}