{"gold_per_floor":[109,120,140,150,150,150,178,178,201,229,242,13,27,42,42,141,141,156,176,189,114,114,114,148,148,196,196,212,212,212,113,113,214,214,224,276,290,41,54,54,54],"floor_reached":41,"playtime":1834,"items_purged":["Strike_B","Strike_B"],"score":565,"play_id":"d441b428-f323-43eb-99a4-bc7b4a2be2f2","local_time":"20190224173832","is_ascension_mode":true,"campfire_choices":[{"data":"Tempest","floor":6,"key":"SMITH"},{"data":"Streamline","floor":8,"key":"SMITH"},{"floor":15,"key":"REST"},{"floor":23,"key":"REST"},{"floor":25,"key":"REST"},{"floor":27,"key":"REST"},{"floor":30,"key":"REST"},{"data":"Defragment","floor":32,"key":"SMITH"},{"floor":40,"key":"REST"}],"neow_cost":"NONE","seed_source_timestamp":32901470148132,"circlet_count":0,"master_deck":["Strike_B","Defend_B","Defend_B+1","Defend_B+1","Defend_B","Zap","Dualcast","Streamline+1","Tempest+1","Coolheaded","Leap","Thunder Strike","Machine Learning","Redo","Defragment+1","Core Surge","Ball Lightning","Electrodynamics","Double Energy","Auto Shields","Lockon","Reinforced Body","Conserve Battery","Barrage+1","Consume+1","Ball Lightning","Leap+1","Auto Shields+1","Stack","Machine Learning","Melter+1","Hologram+1","Leap+1","Leap","Coolheaded","Lockon"],"relics":["Cracked Core","GremlinMask","Pen Nib","Art of War","War Paint","DataDisk","Orrery","Nilry\u0027s Codex","Juzu Bracelet","Regal Pillow","Meat on the Bone","Velvet Choker","Calipers"],"potions_floor_usage":[7,7,10,10,19,24,36],"damage_taken":[{"damage":9,"enemies":"Jaw Worm","floor":1,"turns":3},{"damage":0,"enemies":"Cultist","floor":2,"turns":3},{"damage":3,"enemies":"2 Louse","floor":3,"turns":2},{"damage":0,"enemies":"2 Fungi Beasts","floor":4,"turns":4},{"damage":0,"enemies":"Gremlin Nob","floor":7,"turns":2},{"damage":26,"enemies":"Lagavulin","floor":10,"turns":6},{"damage":7,"enemies":"3 Louse","floor":11,"turns":3},{"damage":11,"enemies":"Gremlin Gang","floor":13,"turns":6},{"damage":0,"enemies":"Blue Slaver","floor":14,"turns":3},{"damage":8,"enemies":"The Guardian","floor":16,"turns":8},{"damage":9,"enemies":"3 Byrds","floor":18,"turns":3},{"damage":8,"enemies":"Spheric Guardian","floor":19,"turns":3},{"damage":20,"enemies":"Snake Plant","floor":20,"turns":3},{"damage":35,"enemies":"Book of Stabbing","floor":24,"turns":5},{"damage":12,"enemies":"Centurion and Healer","floor":28,"turns":5},{"damage":64,"enemies":"Automaton","floor":33,"turns":8},{"damage":0,"enemies":"3 Shapes","floor":35,"turns":5},{"damage":49,"enemies":"2 Orb Walkers","floor":36,"turns":4},{"damage":29,"enemies":"3 Darklings","floor":37,"turns":4},{"damage":17,"enemies":"Transient","floor":39,"turns":5},{"damage":72,"enemies":"Reptomancer","floor":41,"turns":2}],"seed_played":"3105761896961601764","potions_obtained":[{"floor":1,"key":"SpeedPotion"},{"floor":2,"key":"FearPotion"},{"floor":4,"key":"FocusPotion"},{"floor":7,"key":"LiquidBronze"},{"floor":18,"key":"Fire Potion"},{"floor":24,"key":"Fruit Juice"},{"floor":28,"key":"Swift Potion"},{"floor":35,"key":"Swift Potion"}],"is_trial":false,"path_per_floor":["M","M","M","M","?","R","E","R","T","E","M","$","M","M","R","B",null,"M","M","M","?","?","R","E","R","T","R","M","?","R","$","R","B",null,"M","?","M","$","M","R","E"],"character_chosen":"DEFECT","items_purchased":["DataDisk","Defragment","Stack","Leap","Coolheaded","Lockon"],"campfire_rested":6,"item_purchase_floors":[12,12,31,38,38,38],"current_hp_per_floor":[73,73,70,70,70,70,70,70,70,44,37,37,26,26,50,42,82,73,65,45,45,29,53,23,49,49,87,75,75,87,87,87,35,87,87,50,33,33,28,69,0],"gold":54,"neow_bonus":"TEN_PERCENT_HP_BONUS","is_prod":false,"is_daily":false,"chose_seed":false,"campfire_upgraded":3,"win_rate":0,"timestamp":1551051512,"path_taken":["M","M","M","M","?","R","E","R","T","E","?","$","M","M","R","BOSS","M","M","M","?","?","R","E","R","T","R","M","?","R","$","R","BOSS","M","?","M","$","M","R","E"],"build_version":"2019-01-23","purchased_purges":2,"victory":false,"max_hp_per_floor":[82,82,82,82,82,82,82,82,82,82,82,82,82,82,82,82,82,82,82,82,82,82,82,87,87,87,87,87,87,87,87,87,87,87,87,87,87,87,87,87,87],"card_choices":[{"not_picked":["Force Field","Coolheaded"],"picked":"Streamline","floor":1},{"not_picked":["Storm","Recycle"],"picked":"Tempest","floor":2},{"not_picked":["Beam Cell","Go for the Eyes"],"picked":"Coolheaded","floor":3},{"not_picked":["Rebound","Lockon"],"picked":"Leap","floor":4},{"not_picked":["Streamline","Leap"],"picked":"Thunder Strike","floor":7},{"not_picked":["Beam Cell","Streamline"],"picked":"Machine Learning","floor":10},{"not_picked":["Hologram","Reprogram"],"picked":"Redo","floor":11},{"not_picked":["Darkness","Compile Driver"],"picked":"Core Surge","floor":13},{"not_picked":["Redo","Coolheaded"],"picked":"Ball Lightning","floor":14},{"not_picked":["Biased Cognition","Fission"],"picked":"Electrodynamics","floor":16},{"not_picked":["Conserve Battery","Rebound"],"picked":"Double Energy","floor":17},{"not_picked":["Steam","Heatsinks"],"picked":"Auto Shields","floor":17},{"not_picked":["Coolheaded","Capacitor"],"picked":"Lockon","floor":17},{"not_picked":["Ball Lightning","Undo"],"picked":"Reinforced Body","floor":17},{"not_picked":["Aggregate","BootSequence"],"picked":"Conserve Battery","floor":17},{"not_picked":["Conserve Battery","Buffer"],"picked":"Barrage+1","floor":18},{"not_picked":["Rip and Tear","Cold Snap"],"picked":"Consume+1","floor":19},{"not_picked":["Gash","Sweeping Beam"],"picked":"Ball Lightning","floor":20},{"not_picked":["Rainbow","Turbo+1"],"picked":"Leap+1","floor":24},{"not_picked":["Reprogram+1","Redo"],"picked":"Auto Shields+1","floor":28},{"not_picked":["Reboot","All For One"],"picked":"Machine Learning","floor":33},{"not_picked":["Redo+1","Blizzard+1"],"picked":"Melter+1","floor":35},{"not_picked":["Steam+1","Sweeping Beam+1"],"picked":"Hologram+1","floor":36},{"not_picked":["FTL","Heatsinks+1"],"picked":"Leap+1","floor":37},{"not_picked":["Sweeping Beam","Gash+1","Auto Shields+1"],"picked":"SKIP","floor":39}],"player_experience":356553,"relics_obtained":[{"floor":7,"key":"Pen Nib"},{"floor":9,"key":"Art of War"},{"floor":10,"key":"War Paint"},{"floor":22,"key":"Nilry\u0027s Codex"},{"floor":24,"key":"Juzu Bracelet"},{"floor":26,"key":"Regal Pillow"},{"floor":36,"key":"Calipers"}],"event_choices":[{"damage_healed":0,"gold_gain":0,"player_choice":"Trade","damage_taken":0,"relics_obtained":["GremlinMask"],"max_hp_gain":0,"max_hp_loss":0,"event_name":"FaceTrader","floor":5,"gold_loss":0},{"cards_removed":["Strike_B"],"damage_healed":0,"gold_gain":0,"player_choice":"Gave Gold","damage_taken":0,"max_hp_gain":0,"max_hp_loss":0,"event_name":"Beggar","floor":21,"gold_loss":75},{"damage_healed":0,"gold_gain":0,"player_choice":"Obtained Book","damage_taken":16,"max_hp_gain":0,"max_hp_loss":0,"event_name":"Cursed Tome","floor":22,"gold_loss":0},{"damage_healed":0,"gold_gain":0,"player_choice":"Gave Potion","damage_taken":0,"relics_obtained":["Meat on the Bone"],"max_hp_gain":0,"max_hp_loss":0,"event_name":"WeMeetAgain","floor":29,"gold_loss":0},{"damage_healed":0,"gold_gain":0,"player_choice":"Fight","damage_taken":0,"max_hp_gain":0,"max_hp_loss":0,"event_name":"Mysterious Sphere","floor":36,"gold_loss":0}],"is_beta":false,"boss_relics":[{"not_picked":["Coffee Dripper","Eternal Feather"],"picked":"Orrery"},{"not_picked":["Busted Crown","FrozenCore"],"picked":"Velvet Choker"}],"items_purged_floors":[31,38],"is_endless":false,"potions_floor_spawned":[1,2,4,7,18,24,28,35],"killed_by":"Reptomancer","ascension_level":3}