{"path_per_floor":["M","M","$","M","M","E","M","E","T","R","?","?","M","M","R","B",null,"M","T","M","?","M","R","?"],"character_chosen":"THE_SILENT","items_purchased":["Endless Agony"],"gold_per_floor":[112,122,46,66,76,137,157,186,213,213,213,213,233,248,248,345,345,365,389,399,399,412,412,412,412],"floor_reached":25,"campfire_rested":0,"playtime":2139,"current_hp_per_floor":[70,70,70,64,64,52,52,47,47,47,54,39,33,24,24,12,81,67,67,56,56,12,12,12,0],"items_purged":[],"gold":412,"score":315,"play_id":"640cf04f-e254-4066-810e-9b007efdf246","local_time":"20180423004307","is_prod":false,"is_daily":false,"chose_seed":false,"is_ascension_mode":false,"campfire_upgraded":3,"timestamp":1524436987,"path_taken":["M","M","?","M","M","E","M","E","T","R","?","?","?","M","R","BOSS","M","?","M","?","M","R","?","M"],"build_version":"2018-04-19","seed_source_timestamp":172781380596,"purchased_purges":0,"victory":false,"master_deck":["Defend_G","Defend_G","Defend_G","Defend_G","Defend_G","Strike_G","Strike_G","Strike_G","Strike_G+1","Strike_G","Survivor+1","Neutralize","Caltrops+1","Well Laid Plans","Endless Agony","Acrobatics+1","Infinite Blades+1","Envenom","Bouncing Flask+1","Regret","A Thousand Cuts+1","Injury","Injury","Injury","Footwork","Neutralize","Venomology","Concentrate","Noxious Fumes","Writhe"],"max_hp_per_floor":[70,70,70,70,70,70,70,70,70,70,77,77,79,81,81,81,81,81,81,83,83,83,83,83,83],"relics":["Ring of the Snake","Bronze Scales","Tiny Chest","Bottled Flame","Singing Bowl","Strawberry","Calling Bell","War Paint","Ninja Scroll","Ice Cream","Bag of Preparation","Omamori"],"card_choices":[{"not_picked":["Dodge and Roll","Quick Slash"],"picked":"Caltrops","floor":1},{"not_picked":["Cloak And Dagger","Slice"],"picked":"Well Laid Plans","floor":2},{"not_picked":["Deflect","Bane"],"picked":"Acrobatics","floor":5},{"not_picked":["Escape Plan","Bane"],"picked":"Infinite Blades","floor":6},{"not_picked":["Deadly Poison","Dodge and Roll"],"picked":"Envenom","floor":7},{"not_picked":["Expertise","Poisoned Stab"],"picked":"Bouncing Flask","floor":8},{"not_picked":["Night Terror","Wraith Form v2"],"picked":"A Thousand Cuts","floor":16},{"not_picked":["Underhanded Strike","Quick Slash"],"picked":"Footwork","floor":18},{"not_picked":["Skewer","Slice"],"picked":"Noxious Fumes","floor":22}],"player_experience":211611,"potions_floor_usage":[7,14,18,25,25],"damage_taken":[{"damage":0,"enemies":"Cultist","floor":1,"turns":4},{"damage":0,"enemies":"2 Louse","floor":2,"turns":2},{"damage":6,"enemies":"Jaw Worm","floor":4,"turns":4},{"damage":0,"enemies":"Looter","floor":5,"turns":3},{"damage":12,"enemies":"3 Sentries","floor":6,"turns":9},{"damage":0,"enemies":"3 Louse","floor":7,"turns":4},{"damage":5,"enemies":"Lagavulin","floor":8,"turns":8},{"damage":8,"enemies":"2 Fungi Beasts","floor":13,"turns":3},{"damage":11,"enemies":"Lots of Slimes","floor":14,"turns":3},{"damage":12,"enemies":"Hexaghost","floor":16,"turns":8},{"damage":14,"enemies":"Spheric Guardian","floor":18,"turns":4},{"damage":13,"enemies":"Shell Parasite","floor":20,"turns":6},{"damage":44,"enemies":"Cultist and Chosen","floor":22,"turns":6},{"damage":15,"enemies":"3 Cultists","floor":25,"turns":3}],"event_choices":[{"event_name":"Big Fish","player_choice":"Box","floor":11,"damage_taken":0},{"event_name":"Shining Light","player_choice":"Entered Light","floor":12,"damage_taken":0},{"event_name":"Match and Keep!","player_choice":"3 cards matched","floor":21,"damage_taken":0},{"event_name":"The Mausoleum","player_choice":"Yes","floor":24,"damage_taken":0}],"boss_relics":[{"not_picked":["Tiny House","Astrolabe"],"picked":"Calling Bell"}],"potions_floor_spawned":[1,5,7,13,16],"seed_played":"-3489283285276039152","killed_by":"3 Cultists","ascension_level":0,"is_trial":false}