{"gold_per_floor":[115,128,128,140,157,157,6,21,21,51,51,68,68,1,1,106,106,119,139,139,139,64,64,83,115,162,162,177,193,193,226,226,328,328,348,348,348,423,438,438,12,12,12,22,37,54,72,88,88,88],"floor_reached":51,"playtime":3265,"items_purged":["Pain","Strike_G"],"score":791,"play_id":"4f49b39d-cbaa-46fa-a208-7bc153111661","local_time":"20181226153503","is_ascension_mode":true,"campfire_choices":[{"data":"Neutralize","floor":6,"key":"SMITH"},{"data":"Noxious Fumes","floor":11,"key":"SMITH"},{"data":"Tools of the Trade","floor":13,"key":"SMITH"},{"data":"Footwork","floor":15,"key":"SMITH"},{"data":"Crippling Poison","floor":23,"key":"SMITH"},{"floor":27,"key":"REST"},{"floor":30,"key":"REST"},{"floor":32,"key":"REST"},{"data":"Malaise","floor":40,"key":"SMITH"},{"data":"Catalyst","floor":42,"key":"SMITH"},{"floor":49,"key":"REST"}],"neow_cost":"NONE","seed_source_timestamp":528143419473598,"circlet_count":0,"master_deck":["Defend_G","Defend_G","Defend_G","Defend_G","Defend_G","Strike_G","Strike_G","Survivor","Neutralize+1","Tools of the Trade+1","Poisoned Stab","Blur","After Image","Caltrops","Noxious Fumes+1","Crippling Poison+1","Bane","Footwork+1","Die Die Die","Dash+1","Deadly Poison+1","Malaise+1","Catalyst+1","Poisoned Stab+1","Catalyst","Backflip+1"],"relics":["Ring of the Snake","Oddly Smooth Stone","Du-Vu Doll","Tingsha","Empty Cage","Enchiridion","WarpedTongs","Nunchaku","Dream Catcher","Bag of Marbles","Velvet Choker","Kunai","The Specimen"],"potions_floor_usage":[18,18,24,29,46,50],"damage_taken":[{"damage":0,"enemies":"2 Louse","floor":1,"turns":4},{"damage":0,"enemies":"Cultist","floor":2,"turns":4},{"damage":0,"enemies":"Small Slimes","floor":4,"turns":4},{"damage":0,"enemies":"Red Slaver","floor":5,"turns":7},{"damage":1,"enemies":"2 Fungi Beasts","floor":8,"turns":4},{"damage":11,"enemies":"3 Sentries","floor":10,"turns":8},{"damage":10,"enemies":"Large Slime","floor":12,"turns":7},{"damage":9,"enemies":"Hexaghost","floor":16,"turns":8},{"damage":2,"enemies":"2 Thieves","floor":18,"turns":5},{"damage":0,"enemies":"3 Byrds","floor":19,"turns":5},{"damage":12,"enemies":"3 Cultists","floor":24,"turns":4},{"damage":20,"enemies":"Slavers","floor":25,"turns":6},{"damage":5,"enemies":"Snecko","floor":28,"turns":5},{"damage":0,"enemies":"Centurion and Healer","floor":29,"turns":7},{"damage":30,"enemies":"Gremlin Leader","floor":31,"turns":6},{"damage":54,"enemies":"Automaton","floor":33,"turns":11},{"damage":3,"enemies":"3 Darklings","floor":35,"turns":5},{"damage":2,"enemies":"3 Shapes","floor":39,"turns":4},{"damage":28,"enemies":"Spire Growth","floor":44,"turns":5},{"damage":18,"enemies":"Sphere and 2 Shapes","floor":45,"turns":4},{"damage":9,"enemies":"Transient","floor":46,"turns":5},{"damage":5,"enemies":"Writhing Mass","floor":47,"turns":5},{"damage":0,"enemies":"3 Darklings","floor":48,"turns":6},{"damage":13,"enemies":"Donu and Deca","floor":50,"turns":8}],"seed_played":"-1250762498055305985","potions_obtained":[{"floor":8,"key":"Fire Potion"},{"floor":10,"key":"Fire Potion"},{"floor":16,"key":"Energy Potion"},{"floor":18,"key":"FairyPotion"},{"floor":25,"key":"FearPotion"},{"floor":33,"key":"Fruit Juice"},{"floor":45,"key":"Explosive Potion"},{"floor":48,"key":"EssenceOfSteel"}],"is_trial":false,"path_per_floor":["M","M","?","M","M","R","$","M","T","E","R","M","R","$","R","B",null,"M","M","?","?","$","R","M","E","T","R","M","M","R","E","R","B",null,"M","?","?","?","M","R","$","R","T","M","M","M","M","M","R","B",null],"character_chosen":"THE_SILENT","items_purchased":["Oddly Smooth Stone","Footwork","Catalyst","Kunai"],"campfire_rested":4,"item_purchase_floors":[7,14,41,41],"current_hp_per_floor":[70,70,70,70,70,70,70,69,69,58,58,48,48,48,48,39,70,68,68,52,52,52,52,40,20,20,41,36,36,57,27,48,6,70,67,66,66,60,58,58,58,58,58,30,12,8,3,3,24,11],"gold":88,"neow_bonus":"ONE_RANDOM_RARE_CARD","is_prod":false,"is_daily":false,"chose_seed":false,"campfire_upgraded":7,"win_rate":0,"timestamp":1545856503,"path_taken":["M","M","?","?","M","R","?","M","T","E","R","M","R","$","R","BOSS","M","M","?","?","$","R","?","E","T","R","M","M","R","E","R","BOSS","M","?","?","?","M","R","$","R","T","?","M","M","M","M","R","BOSS"],"build_version":"2018-12-25","purchased_purges":2,"victory":true,"max_hp_per_floor":[70,70,70,70,70,70,70,70,70,70,70,70,70,70,70,70,70,70,70,70,70,70,70,70,70,70,70,70,70,70,70,70,70,70,70,66,66,66,66,66,66,66,66,66,66,71,71,71,71,71],"card_choices":[{"not_picked":["PiercingWail","Flying Knee"],"picked":"Poisoned Stab","floor":1},{"not_picked":["Underhanded Strike","Sucker Punch"],"picked":"Blur","floor":2},{"not_picked":["Underhanded Strike","Wraith Form v2"],"picked":"Caltrops","floor":4},{"not_picked":["PiercingWail","Backflip"],"picked":"Terror","floor":5},{"not_picked":["Flying Knee","Dagger Throw"],"picked":"Noxious Fumes","floor":8},{"not_picked":["Tactician","Escape Plan"],"picked":"Crippling Poison","floor":10},{"not_picked":["Acrobatics","Prepared"],"picked":"Bane","floor":12},{"not_picked":["Wraith Form v2","Storm of Steel"],"picked":"Die Die Die","floor":16},{"not_picked":["Deadly Poison","PiercingWail","Acrobatics+1"],"picked":"SKIP","floor":18},{"not_picked":["Sucker Punch","Blur","Infinite Blades"],"picked":"SKIP","floor":19},{"not_picked":["Deflect","Accuracy","PiercingWail"],"picked":"SKIP","floor":24},{"not_picked":["Die Die Die","Acrobatics"],"picked":"Dash+1","floor":25},{"not_picked":["Masterful Stab","Well Laid Plans+1"],"picked":"Deadly Poison+1","floor":28},{"not_picked":["Bane","PiercingWail","Cloak And Dagger"],"picked":"SKIP","floor":29},{"not_picked":["Dagger Spray+1","Outmaneuver+1"],"picked":"Malaise","floor":30},{"not_picked":["Backflip","Blade Dance"],"picked":"Catalyst","floor":31},{"not_picked":["Calculated Gamble","Cloak And Dagger"],"picked":"Poisoned Stab+1","floor":32},{"not_picked":["Backflip","Sucker Punch","Dagger Spray+1"],"picked":"SKIP","floor":35},{"not_picked":["Deflect+1","Flechettes+1","Flying Knee+1"],"picked":"SKIP","floor":39},{"not_picked":["Reflex","Eviscerate+1","Dagger Spray+1"],"picked":"SKIP","floor":44},{"not_picked":["Concentrate+1","Backflip","Sucker Punch+1"],"picked":"SKIP","floor":45},{"not_picked":["Sucker Punch+1","Escape Plan","Underhanded Strike"],"picked":"SKIP","floor":46},{"not_picked":["Quick Slash+1","Dagger Spray+1"],"picked":"Backflip+1","floor":47},{"not_picked":["Poisoned Stab+1","Malaise","Acrobatics+1"],"picked":"SKIP","floor":48}],"player_experience":421207,"relics_obtained":[{"floor":9,"key":"Du-Vu Doll"},{"floor":10,"key":"Tingsha"},{"floor":20,"key":"Enchiridion"},{"floor":25,"key":"Nunchaku"},{"floor":26,"key":"Dream Catcher"},{"floor":31,"key":"Bag of Marbles"},{"floor":43,"key":"The Specimen"}],"event_choices":[{"damage_healed":0,"gold_gain":0,"player_choice":"1 cards matched","damage_taken":0,"max_hp_gain":0,"max_hp_loss":0,"event_name":"Match and Keep!","floor":3,"gold_loss":0,"cards_obtained":["After Image"]},{"damage_healed":0,"gold_gain":0,"player_choice":"Obtained Book","damage_taken":16,"max_hp_gain":0,"max_hp_loss":0,"event_name":"Cursed Tome","floor":20,"gold_loss":0},{"damage_healed":0,"gold_gain":0,"player_choice":"Rummage","damage_taken":0,"relics_obtained":["WarpedTongs"],"max_hp_gain":0,"max_hp_loss":0,"event_name":"Accursed Blacksmith","floor":21,"gold_loss":0,"cards_obtained":["Pain"]},{"damage_healed":0,"gold_gain":0,"player_choice":"Max HP","damage_taken":0,"max_hp_gain":0,"max_hp_loss":4,"event_name":"Winding Halls","floor":36,"gold_loss":0},{"cards_removed":["Terror"],"damage_healed":0,"gold_gain":0,"player_choice":"Removed Skill","damage_taken":0,"max_hp_gain":0,"max_hp_loss":0,"event_name":"Falling","floor":37,"gold_loss":0},{"damage_healed":0,"gold_gain":75,"player_choice":"Touch","damage_taken":6,"max_hp_gain":0,"max_hp_loss":0,"event_name":"FaceTrader","floor":38,"gold_loss":0}],"is_beta":true,"boss_relics":[{"not_picked":["Calling Bell","Astrolabe"],"picked":"Empty Cage"},{"not_picked":["Coffee Dripper","Ring of the Serpent"],"picked":"Velvet Choker"}],"items_purged_floors":[22,41],"is_endless":false,"potions_floor_spawned":[8,10,16,18,25,33,45,48],"ascension_level":3}