{"gold_per_floor":[119,130,148,148,165,190,190,210,278,278,18,29,29,29,29,134,134,118,129,129,147,164,164,89,89,114,114,114,133,7,27,27,129,129,142,153,153,167,15,15],"floor_reached":40,"playtime":1973,"items_purged":["Strike_B"],"score":440,"play_id":"983470fa-bba9-4d48-a66d-d16217d4047a","local_time":"20190305132146","is_ascension_mode":false,"campfire_choices":[{"floor":7,"key":"REST"},{"floor":13,"key":"REST"},{"floor":15,"key":"REST"},{"floor":23,"key":"REST"},{"floor":25,"key":"RECALL"},{"floor":28,"key":"REST"},{"data":"Steam","floor":32,"key":"SMITH"}],"neow_cost":"NONE","seed_source_timestamp":12569171537869,"circlet_count":0,"master_deck":["Strike_B","Strike_B","Defend_B","Defend_B","Defend_B+1","Zap","Dualcast","Sweeping Beam+1","Rebound+1","Steam+1","Beam Cell","Self Repair","Leap","FTL","Multi-Cast+1","Consume+1","Darkness+1","Double Energy+1","Steam+1","Conserve Battery+1","Coolheaded+1","Genetic Algorithm+1","Multi-Cast+1","Go for the Eyes+1","White Noise+1","Rebound+1","Static Discharge"],"relics":["Cracked Core","Ornamental Fan","Toxic Egg 2","Philosopher\u0027s Stone","Anchor","Runic Pyramid"],"potions_floor_usage":[5,6,6,16,18,19,21,31,33],"damage_taken":[{"damage":9,"enemies":"2 Louse","floor":1,"turns":2},{"damage":3,"enemies":"Small Slimes","floor":2,"turns":3},{"damage":0,"enemies":"Cultist","floor":3,"turns":2},{"damage":4,"enemies":"Gremlin Gang","floor":5,"turns":2},{"damage":43,"enemies":"Lagavulin","floor":6,"turns":7},{"damage":0,"enemies":"3 Louse","floor":8,"turns":3},{"damage":8,"enemies":"2 Fungi Beasts","floor":12,"turns":4},{"damage":0,"enemies":"Slime Boss","floor":16,"turns":6},{"damage":12,"enemies":"2 Thieves","floor":18,"turns":4},{"damage":10,"enemies":"3 Byrds","floor":19,"turns":3},{"damage":25,"enemies":"Snake Plant","floor":21,"turns":3},{"damage":3,"enemies":"Snecko","floor":22,"turns":3},{"damage":26,"enemies":"Shelled Parasite and Fungi","floor":29,"turns":4},{"damage":2,"enemies":"3 Cultists","floor":31,"turns":5},{"damage":36,"enemies":"Champ","floor":33,"turns":12},{"damage":0,"enemies":"3 Darklings","floor":35,"turns":7},{"damage":8,"enemies":"3 Shapes","floor":36,"turns":3},{"damage":34,"enemies":"Jaw Worm Horde","floor":38,"turns":7},{"damage":76,"enemies":"Nemesis","floor":40,"turns":10}],"seed_played":"-6096220730988189635","potions_obtained":[{"floor":0,"key":"Explosive Potion"},{"floor":0,"key":"Strength Potion"},{"floor":0,"key":"SneckoOil"},{"floor":6,"key":"LiquidBronze"},{"floor":12,"key":"PowerPotion"},{"floor":16,"key":"SkillPotion"},{"floor":18,"key":"SteroidPotion"},{"floor":19,"key":"Poison Potion"},{"floor":29,"key":"EssenceOfSteel"}],"is_trial":false,"path_per_floor":["M","M","M","?","M","E","R","M","T","?","$","M","R","?","R","B",null,"M","M","?","M","M","R","?","R","T","?","R","M","$","M","R","B",null,"M","M","?","M","$","E"],"character_chosen":"DEFECT","items_purchased":["Toxic Egg 2","Coolheaded+1","Genetic Algorithm+1","Static Discharge"],"campfire_rested":5,"item_purchase_floors":[11,30,30,39],"current_hp_per_floor":[66,63,63,68,64,21,45,52,52,36,36,35,59,59,80,80,80,75,72,72,54,58,80,80,80,80,65,85,66,66,71,71,42,85,85,77,77,50,50,0],"gold":15,"neow_bonus":"THREE_SMALL_POTIONS","is_prod":false,"is_daily":false,"chose_seed":false,"campfire_upgraded":1,"win_rate":0,"timestamp":1551813706,"path_taken":["M","M","M","?","M","E","R","M","T","?","$","M","R","?","R","BOSS","M","M","?","M","M","R","?","R","T","?","R","M","$","M","R","BOSS","M","M","?","?","$","E"],"build_version":"2019-01-23","purchased_purges":1,"victory":false,"max_hp_per_floor":[75,75,75,80,80,80,80,80,80,80,80,80,80,80,80,80,80,80,80,80,80,80,80,80,80,80,85,85,85,85,85,85,85,85,85,85,85,85,85,85],"card_choices":[{"not_picked":["Loop","Beam Cell"],"picked":"Sweeping Beam","floor":1},{"not_picked":["Chill","Gash"],"picked":"Rebound","floor":2},{"not_picked":["Recycle","Hologram"],"picked":"Steam","floor":3},{"not_picked":["Skim","Machine Learning"],"picked":"Beam Cell","floor":5},{"not_picked":["Compile Driver","Streamline"],"picked":"Self Repair","floor":6},{"not_picked":["Conserve Battery","Redo"],"picked":"Leap","floor":8},{"not_picked":["Beam Cell","Steam+1"],"picked":"FTL","floor":12},{"not_picked":["Reboot+1","Hyperbeam"],"picked":"Multi-Cast+1","floor":16},{"not_picked":["Rebound","FTL+1"],"picked":"Consume+1","floor":18},{"not_picked":["Turbo+1","Beam Cell"],"picked":"Darkness+1","floor":19},{"not_picked":["Biased Cognition","Rebound"],"picked":"Double Energy+1","floor":21},{"not_picked":["Heatsinks","Streamline"],"picked":"Steam+1","floor":22},{"not_picked":["Compile Driver","Hologram+1"],"picked":"Conserve Battery+1","floor":29},{"not_picked":["Sweeping Beam+1","FTL","Chaos+1"],"picked":"SKIP","floor":31},{"not_picked":["All For One","Buffer"],"picked":"Multi-Cast+1","floor":33},{"not_picked":["Conserve Battery+1","Coolheaded+1"],"picked":"Go for the Eyes+1","floor":35},{"not_picked":["Cold Snap","Sunder"],"picked":"White Noise+1","floor":36},{"not_picked":["Coolheaded+1","Blizzard"],"picked":"Rebound+1","floor":38}],"player_experience":548778,"relics_obtained":[{"floor":6,"key":"Ornamental Fan"},{"floor":26,"key":"Anchor"}],"event_choices":[{"damage_healed":0,"gold_gain":0,"player_choice":"Donut","damage_taken":0,"max_hp_gain":5,"max_hp_loss":0,"event_name":"Big Fish","floor":4,"gold_loss":0},{"damage_healed":0,"gold_gain":0,"player_choice":"Entered Light","damage_taken":16,"max_hp_gain":0,"max_hp_loss":0,"event_name":"Shining Light","floor":10,"gold_loss":0,"cards_upgraded":["Rebound","Defend_B"]},{"damage_healed":0,"gold_gain":0,"player_choice":"Grow","damage_taken":0,"max_hp_gain":0,"max_hp_loss":0,"event_name":"Living Wall","floor":14,"gold_loss":0,"cards_upgraded":["Sweeping Beam"]},{"damage_healed":0,"gold_gain":0,"player_choice":"Ignored","damage_taken":0,"max_hp_gain":0,"max_hp_loss":0,"event_name":"Ghosts","floor":20,"gold_loss":0},{"cards_removed":["Strike_B"],"damage_healed":0,"gold_gain":0,"player_choice":"Gave Gold","damage_taken":0,"max_hp_gain":0,"max_hp_loss":0,"event_name":"Beggar","floor":24,"gold_loss":75},{"damage_healed":0,"gold_gain":0,"player_choice":"Shed Blood","damage_taken":20,"max_hp_gain":5,"max_hp_loss":0,"event_name":"Forgotten Altar","floor":27,"gold_loss":0},{"cards_removed":["Defend_B"],"damage_healed":0,"gold_gain":0,"player_choice":"Purged","damage_taken":0,"max_hp_gain":0,"max_hp_loss":0,"event_name":"Purifier","floor":37,"gold_loss":0}],"is_beta":false,"boss_relics":[{"not_picked":["Nuclear Battery","Lizard Tail"],"picked":"Philosopher\u0027s Stone"},{"not_picked":["Cursed Key","Inserter"],"picked":"Runic Pyramid"}],"items_purged_floors":[39],"is_endless":false,"potions_floor_spawned":[6,12,16,18,19,29],"killed_by":"Nemesis","ascension_level":0}