{"gold_per_floor":[112,128,142,162,174,174,174,174,174,184,184,184,197,208,208,312,312,324,324,304,108,127,127,147,147,147,167,167,167],"floor_reached":29,"playtime":1750,"items_purged":[],"score":246,"play_id":"ec939034-e028-42bd-889c-bbb7cd3ece0f","local_time":"20190210160706","is_ascension_mode":false,"campfire_choices":[{"floor":6,"key":"REST"},{"data":"Defragment","floor":8,"key":"SMITH"},{"floor":11,"key":"REST"},{"data":"Double Energy","floor":12,"key":"SMITH"},{"floor":15,"key":"REST"},{"floor":23,"key":"REST"},{"floor":25,"key":"REST"},{"floor":28,"key":"REST"}],"neow_cost":"PERCENT_DAMAGE","seed_source_timestamp":21433465044415,"circlet_count":0,"master_deck":["Strike_B","Strike_B","Strike_B","Defend_B","Defend_B","Defend_B","Defend_B","Zap","Dualcast","Defragment+1","Tempest","Sweeping Beam","Redo","Barrage","Conserve Battery","Steam","Blizzard","Self Repair","Beam Cell","Double Energy+1","Darkness","Genetic Algorithm","Ball Lightning","Stack","Barrage","Multi-Cast","Capacitor","White Noise+1","Loop","Static Discharge","Infinite Blades","Lockon","Deadly Poison","Anger","Conserve Battery+1"],"relics":["Cracked Core","Prayer Wheel","WingedGreaves","Velvet Choker","PrismaticShard","Question Card"],"potions_floor_usage":[18,20,22,22,22,22,24,24,24],"damage_taken":[{"damage":0,"enemies":"Cultist","floor":1,"turns":4},{"damage":10,"enemies":"Small Slimes","floor":2,"turns":3},{"damage":0,"enemies":"2 Louse","floor":3,"turns":2},{"damage":7,"enemies":"Blue Slaver","floor":4,"turns":3},{"damage":12,"enemies":"Large Slime","floor":5,"turns":5},{"damage":9,"enemies":"2 Fungi Beasts","floor":10,"turns":3},{"damage":10,"enemies":"Looter","floor":13,"turns":3},{"damage":10,"enemies":"Large Slime","floor":14,"turns":4},{"damage":28,"enemies":"Slime Boss","floor":16,"turns":8},{"damage":32,"enemies":"Spheric Guardian","floor":18,"turns":6},{"damage":20,"enemies":"2 Thieves","floor":20,"turns":4},{"damage":19,"enemies":"Snake Plant","floor":22,"turns":5},{"damage":34,"enemies":"Centurion and Healer","floor":24,"turns":4},{"damage":34,"enemies":"Cultist and Chosen","floor":27,"turns":6},{"damage":46,"enemies":"Shelled Parasite and Fungi","floor":29,"turns":6}],"seed_played":"1848777574120530973","potions_obtained":[{"floor":2,"key":"Weak Potion"},{"floor":10,"key":"PowerPotion"},{"floor":14,"key":"Dexterity Potion"},{"floor":16,"key":"SkillPotion"},{"floor":19,"key":"EntropicBrew"},{"floor":20,"key":"Ancient Potion"},{"floor":22,"key":"Energy Potion"}],"is_trial":false,"path_per_floor":["M","M","M","M","M","R","?","R","T","M","R","R","M","M","R","B",null,"M","?","M","$","M","R","M","R","T","M","R","M"],"character_chosen":"DEFECT","items_purchased":["PrismaticShard"],"campfire_rested":6,"item_purchase_floors":[21],"current_hp_per_floor":[54,44,44,37,25,47,40,40,40,31,53,53,43,33,55,27,75,50,50,30,30,18,40,13,35,35,8,30,0],"gold":167,"neow_bonus":"ONE_RARE_RELIC","is_prod":false,"is_daily":false,"chose_seed":false,"campfire_upgraded":2,"win_rate":0.0,"timestamp":1549836426,"path_taken":["M","M","M","M","M","R","?","R","T","M","R","R","M","M","R","BOSS","M","?","M","$","M","R","?","R","T","M","R","M"],"build_version":"2019-01-23","purchased_purges":0,"victory":false,"max_hp_per_floor":[75,75,75,75,75,75,75,75,75,75,75,75,75,75,75,75,75,75,75,75,75,75,75,75,75,75,75,75,75],"card_choices":[{"not_picked":["Barrage","Scrape"],"picked":"Defragment","floor":1},{"not_picked":["Glacier","Compile Driver"],"picked":"Tempest","floor":1},{"not_picked":["Storm","Lockon"],"picked":"Sweeping Beam","floor":2},{"not_picked":["Coolheaded","Gash"],"picked":"Redo","floor":2},{"not_picked":["Seek","Go for the Eyes"],"picked":"Barrage","floor":3},{"not_picked":["Leap","Cold Snap"],"picked":"Conserve Battery","floor":3},{"not_picked":["Stack","Rebound"],"picked":"Steam","floor":4},{"not_picked":["Sweeping Beam","Conserve Battery"],"picked":"Blizzard","floor":4},{"not_picked":["Lockon","All For One"],"picked":"Self Repair","floor":5},{"not_picked":["Sweeping Beam","Stack"],"picked":"Beam Cell","floor":5},{"not_picked":["Turbo","Stack"],"picked":"Double Energy","floor":10},{"not_picked":["Coolheaded","Sweeping Beam"],"picked":"Darkness","floor":10},{"not_picked":["Steam","Double Energy"],"picked":"Genetic Algorithm","floor":13},{"not_picked":["Steam Power","Conserve Battery"],"picked":"Ball Lightning","floor":13},{"not_picked":["Steam Power","Turbo"],"picked":"Stack","floor":14},{"not_picked":["Cold Snap","Storm"],"picked":"Barrage","floor":14},{"not_picked":["Fission","Meteor Strike"],"picked":"Multi-Cast","floor":16},{"not_picked":["Static Discharge+1","Hologram+1"],"picked":"Capacitor","floor":18},{"not_picked":["Gash","Storm"],"picked":"White Noise+1","floor":18},{"not_picked":["FTL+1","Lockon"],"picked":"Loop","floor":20},{"not_picked":["Hologram+1","Cold Snap+1"],"picked":"Static Discharge","floor":20},{"not_picked":["Headbutt","Rupture"],"picked":"Infinite Blades","floor":22},{"not_picked":["Perfected Strike","Acrobatics","Envenom"],"picked":"SKIP","floor":22},{"not_picked":["Caltrops+1","Clash"],"picked":"Lockon","floor":24},{"not_picked":["Headbutt","Blind"],"picked":"Deadly Poison","floor":24},{"not_picked":["Blood for Blood","Slice","Clash+1"],"picked":"Anger","floor":27},{"not_picked":["Anger","Pommel Strike","Forethought+1"],"picked":"Conserve Battery+1","floor":27}],"player_experience":29001,"relics_obtained":[{"floor":9,"key":"WingedGreaves"},{"floor":26,"key":"Question Card"}],"event_choices":[{"cards_removed":["Strike_B"],"damage_healed":0,"gold_gain":0,"player_choice":"Card Removal","damage_taken":7,"max_hp_gain":0,"max_hp_loss":0,"event_name":"Golden Wing","floor":7,"gold_loss":0},{"damage_healed":0,"gold_gain":0,"player_choice":"Got Potions","damage_taken":0,"max_hp_gain":0,"max_hp_loss":0,"event_name":"Lab","floor":19,"gold_loss":0}],"is_beta":false,"boss_relics":[{"not_picked":["Runic Dome","Ectoplasm"],"picked":"Velvet Choker"}],"items_purged_floors":[],"is_endless":false,"potions_floor_spawned":[2,10,14,16,20,22],"killed_by":"Shelled Parasite and Fungi","ascension_level":0}