{"gold_per_floor":[119,119,119,21,34,68,68,68,93,106,134,134,134,145,145,145],"floor_reached":16,"playtime":1238,"items_purged":[],"score":119,"play_id":"5f619a9c-c966-4d8a-91ad-f445c5311d39","local_time":"20190218222432","is_ascension_mode":true,"campfire_choices":[{"floor":7,"key":"REST"},{"floor":13,"key":"REST"},{"floor":15,"key":"REST"}],"neow_cost":"TEN_PERCENT_HP_LOSS","seed_source_timestamp":43307111462890,"circlet_count":0,"master_deck":["Defend_G","Defend_G","Defend_G","Defend_G","Defend_G","Strike_G","Strike_G","Survivor","Neutralize","Crippling Poison","Well Laid Plans","Backflip","Blur","Distraction","Riddle With Holes","Deflect"],"relics":["Ring of the Snake","Mummified Hand","Matryoshka","Letter Opener","Oddly Smooth Stone","Happy Flower"],"potions_floor_usage":[6],"damage_taken":[{"damage":10,"enemies":"Jaw Worm","floor":1,"turns":8},{"damage":0,"enemies":"Small Slimes","floor":5,"turns":5},{"damage":14,"enemies":"3 Sentries","floor":6,"turns":21},{"damage":0,"enemies":"2 Louse","floor":10,"turns":2},{"damage":32,"enemies":"Lagavulin","floor":11,"turns":17},{"damage":0,"enemies":"Exordium Wildlife","floor":14,"turns":5},{"damage":60,"enemies":"Hexaghost","floor":16,"turns":17}],"seed_played":"1203209360641936492","potions_obtained":[{"floor":1,"key":"Swift Potion"},{"floor":14,"key":"Energy Potion"}],"is_trial":false,"path_per_floor":["M","?","?","$","M","E","R","$","T","M","E","?","R","M","R","B"],"character_chosen":"THE_SILENT","items_purchased":["Well Laid Plans","Backflip"],"campfire_rested":3,"item_purchase_floors":[4,4],"current_hp_per_floor":[53,58,51,51,51,37,57,57,57,57,25,18,38,38,58,0],"gold":145,"neow_bonus":"REMOVE_TWO","is_prod":false,"is_daily":false,"chose_seed":false,"campfire_upgraded":0,"win_rate":0,"timestamp":1550550272,"path_taken":["M","?","?","$","M","E","R","?","T","M","E","?","R","M","R","BOSS"],"build_version":"2019-01-23","purchased_purges":0,"victory":false,"max_hp_per_floor":[63,68,68,68,68,68,68,68,68,68,68,68,68,68,68,68],"card_choices":[{"not_picked":["Concentrate","Prepared"],"picked":"Crippling Poison","floor":1},{"not_picked":["Eviscerate","Acrobatics"],"picked":"Blur","floor":5},{"not_picked":["Heel Hook","Finisher"],"picked":"Distraction","floor":6},{"not_picked":["Deflect","Acrobatics"],"picked":"Riddle With Holes","floor":10},{"not_picked":["Reflex","Quick Slash","Predator"],"picked":"SKIP","floor":11},{"not_picked":["Caltrops","Quick Slash"],"picked":"Deflect","floor":14}],"player_experience":224298,"relics_obtained":[{"floor":6,"key":"Matryoshka"},{"floor":9,"key":"Letter Opener"},{"floor":9,"key":"Oddly Smooth Stone"},{"floor":11,"key":"Happy Flower"}],"event_choices":[{"damage_healed":0,"gold_gain":0,"player_choice":"Donut","damage_taken":0,"max_hp_gain":5,"max_hp_loss":0,"event_name":"Big Fish","floor":2,"gold_loss":0},{"damage_healed":0,"gold_gain":0,"player_choice":"Success","damage_taken":7,"relics_obtained":["Mummified Hand"],"max_hp_gain":0,"max_hp_loss":0,"event_name":"Scrap Ooze","floor":3,"gold_loss":0},{"cards_removed":["Strike_G"],"damage_healed":0,"gold_gain":0,"player_choice":"Card Removal","damage_taken":7,"max_hp_gain":0,"max_hp_loss":0,"event_name":"Golden Wing","floor":12,"gold_loss":0}],"is_beta":false,"boss_relics":[],"items_purged_floors":[],"is_endless":false,"potions_floor_spawned":[1,14],"killed_by":"Hexaghost","ascension_level":2}