{"path_per_floor":["M","?","M","?","M","E","?","M","T","?","M","R","M","E","R","B",null,"M","?","?","?","M"],"character_chosen":"THE_SILENT","items_purchased":[],"gold_per_floor":[113,113,124,124,135,167,167,178,250,250,273,273,288,321,321,451,451,451,451,451,366,366],"floor_reached":23,"campfire_rested":0,"playtime":1838,"current_hp_per_floor":[70,70,70,70,70,57,57,54,54,37,29,29,32,36,36,24,70,60,60,60,60,63],"items_purged":[],"gold":366,"score":226,"play_id":"a779cdcd-72d4-48f2-876f-06f45a032acc","local_time":"20180304020501","is_prod":false,"is_daily":false,"is_ascension_mode":false,"campfire_upgraded":2,"timestamp":1520125501,"path_taken":["M","?","M","?","M","E","?","?","T","?","M","R","M","E","R","BOSS","M","?","?","?","M","E"],"build_version":"2018-03-01-PROD1","purchased_purges":0,"victory":false,"master_deck":["Defend_G","Defend_G","Defend_G","Defend_G","Defend_G","Strike_G","Strike_G","Strike_G","Strike_G","Strike_G","Survivor","Neutralize","Unload","Prepared","Endless Agony+1","Envenom","Bouncing Flask+1","Neutralize","Bandage Up","Backflip+1","Footwork","Bouncing Flask","Infinite Blades+1","Adrenaline","All Out Attack"],"max_hp_per_floor":[70,70,70,70,70,70,70,70,70,70,70,70,70,70,70,70,70,70,70,70,70,70],"relics":["Ring of the Snake","Kunai","Golden Idol","Frozen Egg 2","Ectoplasm","Nloth\u0027s Gift","Torii"],"card_choices":[{"not_picked":["Deadly Poison","Slice"],"picked":"Prepared"},{"not_picked":["Heel Hook","Accuracy"],"picked":"Endless Agony"},{"not_picked":["Bane","Heel Hook"],"picked":"Envenom"},{"not_picked":["Eviscerate","Reflex"],"picked":"Bouncing Flask"},{"not_picked":["Deflect","Dagger Throw"],"picked":"Backflip"},{"not_picked":["Caltrops","Blur"],"picked":"Footwork"},{"not_picked":["Quick Slash","Flying Knee"],"picked":"Bouncing Flask"},{"not_picked":["Dagger Throw","Prepared"],"picked":"Infinite Blades"},{"not_picked":["Venomology","Tactician"],"picked":"Adrenaline"},{"not_picked":["Bouncing Flask","Poisoned Stab"],"picked":"All Out Attack"}],"player_experience":172913,"potions_floor_usage":[6,13,14,23],"damage_taken":[{"damage":0,"enemies":"2 Louse","floor":1,"turns":3},{"damage":0,"enemies":"Small Slimes","floor":3,"turns":3},{"damage":0,"enemies":"Cultist","floor":5,"turns":3},{"damage":13,"enemies":"Lagavulin","floor":6,"turns":8},{"damage":7,"enemies":"2 Fungi Beasts","floor":8,"turns":3},{"damage":12,"enemies":"3 Louse","floor":11,"turns":3},{"damage":16,"enemies":"Exordium Thugs","floor":13,"turns":5},{"damage":0,"enemies":"3 Sentries","floor":14,"turns":7},{"damage":16,"enemies":"Slime Boss","floor":16,"turns":10},{"damage":10,"enemies":"Spheric Guardian","floor":18,"turns":3},{"damage":1,"enemies":"Chosen","floor":22,"turns":5},{"damage":74,"enemies":"Slavers","floor":23,"turns":4}],"event_choices":[{"event_name":"Liars Game","player_choice":"disagreed","floor":2,"damage_taken":0},{"event_name":"Upgrade Shrine","player_choice":"Upgraded","floor":4,"damage_taken":0},{"event_name":"Match and Keep!","player_choice":"2 cards matched","floor":7,"damage_taken":0},{"event_name":"Golden Idol","player_choice":"Take Damage","floor":10,"damage_taken":0},{"event_name":"N\u0027loth","player_choice":"Traded a Bottled Lightning","floor":19,"damage_taken":0},{"event_name":"Drug Dealer","player_choice":"Ignored","floor":20,"damage_taken":0},{"event_name":"Addict","player_choice":"Obtained Relic","floor":21,"damage_taken":0}],"boss_relics":[{"not_picked":["Velvet Choker","Runic Dome"],"picked":"Ectoplasm"}],"potions_floor_spawned":[3,5,13,16,18],"seed_played":"4743644473394669522","killed_by":"Slavers","ascension_level":0,"is_trial":false}