{"gold_per_floor":[112,112,112,125,125,125,152,168,168,194,204,231,247,272,272,375,375,390,402,413,433,433,433,464,464,489,489],"floor_reached":27,"playtime":1372,"items_purged":[],"score":291,"play_id":"93237157-6aec-4c68-9f70-8f56279257e1","local_time":"20180802010959","is_ascension_mode":true,"campfire_choices":[{"data":"Flame Barrier","floor":15,"key":"SMITH"},{"data":"Bludgeon","floor":23,"key":"SMITH"},{"data":"Flame Barrier","floor":25,"key":"SMITH"}],"neow_cost":"NONE","seed_source_timestamp":16652965408954,"circlet_count":0,"master_deck":["Strike_R","Strike_R","Strike_R","Strike_R","Defend_R","Defend_R","Defend_R","Defend_R","Bash+1","Dropkick","Normality","Metallicize+1","Regret","Intimidate","Flame Barrier+1","Rupture+1","Inflame+1","Inflame+1","Reckless Charge","Rampage+1","Fire Breathing+1","Bludgeon+1","Carnage+1","Disarm","Metallicize+1","Uppercut","Flame Barrier+1"],"relics":["Burning Blood","Strawberry","Frozen Egg 2","Blue Candle","Regal Pillow","Thread and Needle","Prayer Wheel","Bird Faced Urn","Anchor","White Beast Statue","Ornamental Fan","Pen Nib"],"potions_floor_usage":[12,12,19,20,24,24,24,27],"damage_taken":[{"damage":2,"enemies":"2 Louse","floor":1,"turns":3},{"damage":4,"enemies":"Small Slimes","floor":4,"turns":3},{"damage":7,"enemies":"Jaw Worm","floor":8,"turns":3},{"damage":31,"enemies":"Lagavulin","floor":10,"turns":10},{"damage":2,"enemies":"Looter","floor":11,"turns":4},{"damage":30,"enemies":"Gremlin Nob","floor":12,"turns":4},{"damage":7,"enemies":"2 Fungi Beasts","floor":13,"turns":5},{"damage":3,"enemies":"Lagavulin","floor":14,"turns":5},{"damage":9,"enemies":"The Guardian","floor":16,"turns":11},{"damage":28,"enemies":"3 Byrds","floor":18,"turns":7},{"damage":17,"enemies":"Spheric Guardian","floor":19,"turns":5},{"damage":32,"enemies":"Snake Plant","floor":20,"turns":6},{"damage":3,"enemies":"Centurion and Healer","floor":21,"turns":9},{"damage":40,"enemies":"Book of Stabbing","floor":24,"turns":5},{"damage":64,"enemies":"Slavers","floor":27,"turns":4}],"seed_played":"3914469236707194819","potions_obtained":[{"floor":1,"key":"PowerPotion"},{"floor":4,"key":"LiquidBronze"},{"floor":10,"key":"Poison Potion"},{"floor":12,"key":"Ancient Potion"},{"floor":16,"key":"FearPotion"},{"floor":18,"key":"AttackPotion"},{"floor":19,"key":"Fruit Juice"},{"floor":20,"key":"AttackPotion"},{"floor":21,"key":"Swift Potion"},{"floor":24,"key":"LiquidBronze"}],"is_trial":false,"path_per_floor":["M","?","?","M","?","?","T","M","T","E","M","E","M","E","R","B",null,"M","M","M","M","?","R","E","R","T"],"character_chosen":"IRONCLAD","items_purchased":[],"campfire_rested":0,"item_purchase_floors":[],"current_hp_per_floor":[87,80,80,82,82,82,82,81,81,56,60,36,43,54,54,61,87,69,66,55,68,68,68,44,44,44,0],"gold":489,"neow_bonus":"RANDOM_COMMON_RELIC","is_prod":false,"is_daily":false,"chose_seed":false,"campfire_upgraded":3,"win_rate":0,"timestamp":1533164999,"path_taken":["M","?","?","M","?","?","?","M","T","E","M","E","?","E","R","BOSS","M","M","M","M","?","R","E","R","T","E"],"build_version":"2018-07-26","purchased_purges":0,"victory":false,"max_hp_per_floor":[87,87,87,87,87,87,87,87,87,87,87,87,87,87,87,87,87,87,87,92,92,92,92,92,92,92,92],"card_choices":[{"not_picked":["Dual Wield","Armaments"],"picked":"Dropkick","floor":1},{"not_picked":["Anger","Rage"],"picked":"Metallicize+1","floor":4},{"not_picked":["Shrug It Off","Wild Strike"],"picked":"Intimidate","floor":8},{"not_picked":["Warcry","Disarm"],"picked":"Flame Barrier","floor":10},{"not_picked":["Heavy Blade","Body Slam"],"picked":"Rupture+1","floor":11},{"not_picked":["Pommel Strike","Headbutt"],"picked":"Inflame+1","floor":11},{"not_picked":["Shrug It Off","True Grit"],"picked":"Inflame+1","floor":12},{"not_picked":["Iron Wave","Burning Pact"],"picked":"Reckless Charge","floor":13},{"not_picked":["Warcry","Dark Embrace+1"],"picked":"Rampage","floor":13},{"not_picked":["Iron Wave","Disarm"],"picked":"Fire Breathing+1","floor":14},{"not_picked":["Impervious","Fiend Fire"],"picked":"Bludgeon","floor":16},{"not_picked":["Rupture+1","Sever Soul","Sword Boomerang"],"picked":"SKIP","floor":18},{"not_picked":["Body Slam","Entrench","Intimidate"],"picked":"SKIP","floor":18},{"not_picked":["Sword Boomerang","Clothesline+1"],"picked":"Carnage+1","floor":19},{"not_picked":["Havoc","Body Slam","Clothesline"],"picked":"SKIP","floor":19},{"not_picked":["True Grit","Flex+1"],"picked":"Disarm","floor":20},{"not_picked":["Infernal Blade","Headbutt","Twin Strike"],"picked":"SKIP","floor":20},{"not_picked":["Anger","Disarm"],"picked":"Metallicize+1","floor":21},{"not_picked":["Burning Pact","Perfected Strike"],"picked":"Uppercut","floor":21},{"not_picked":["Exhume","True Grit"],"picked":"Flame Barrier","floor":24}],"player_experience":455572,"relics_obtained":[{"floor":7,"key":"Regal Pillow"},{"floor":9,"key":"Thread and Needle"},{"floor":10,"key":"Prayer Wheel"},{"floor":12,"key":"Bird Faced Urn"},{"floor":14,"key":"Anchor"},{"floor":24,"key":"Ornamental Fan"},{"floor":26,"key":"Pen Nib"}],"event_choices":[{"event_name":"Golden Wing","player_choice":"Card Removal","floor":2,"damage_taken":0},{"event_name":"Accursed Blacksmith","player_choice":"Rummage","floor":3,"damage_taken":0},{"event_name":"Upgrade Shrine","player_choice":"Upgraded","floor":5,"damage_taken":0},{"event_name":"Big Fish","player_choice":"Box","floor":6,"damage_taken":0},{"event_name":"Upgrade Shrine","player_choice":"Upgraded","floor":22,"damage_taken":0}],"is_beta":false,"boss_relics":[{"not_picked":["Fusion Hammer","Astrolabe"],"picked":"White Beast Statue"}],"items_purged_floors":[],"is_endless":false,"potions_floor_spawned":[1,4,10,12,16,18,19,20,21,24],"killed_by":"Slavers","ascension_level":3}