{"path_per_floor":["M","M","?","M","?","M","R","?","T","$","R","E","M","E","R","B",null,"M","M","M"],"character_chosen":"IRONCLAD","items_purchased":[],"gold_per_floor":[113,124,124,139,139,159,159,159,206,131,131,162,173,205,205,308,308,325,342,355,355],"floor_reached":21,"campfire_rested":0,"playtime":1481,"current_hp_per_floor":[80,80,80,80,80,80,80,55,55,55,55,55,45,49,49,55,80,71,56,30,0],"items_purged":["Defend_R"],"gold":355,"score":241,"play_id":"30d45e57-59d1-4f66-acca-ae3c86b0bd48","local_time":"20180413204234","is_prod":false,"is_daily":false,"chose_seed":false,"is_ascension_mode":false,"campfire_upgraded":3,"timestamp":1523666554,"path_taken":["M","?","?","?","?","M","R","?","T","$","R","E","M","E","R","BOSS","M","M","M","?"],"build_version":"2018-04-12","seed_source_timestamp":35479227264855,"purchased_purges":1,"victory":false,"master_deck":["Strike_R+1","Strike_R","Strike_R","Strike_R","Strike_R+1","Defend_R","Defend_R","Defend_R","Bash","Cleave","Searing Blow+2","Inflame","Bludgeon+1","Inflame","Reckless Charge+1","Whirlwind"],"max_hp_per_floor":[80,80,80,80,80,80,80,80,80,80,80,80,80,80,80,80,80,80,80,80,80],"relics":["Burning Blood","Vajra","Ginger","Art of War","Dream Catcher","Whetstone","Velvet Choker"],"card_choices":[{"not_picked":["Flame Barrier","Sever Soul"],"picked":"Cleave","floor":1},{"not_picked":["Twin Strike","Warcry"],"picked":"Searing Blow","floor":2},{"not_picked":["Anger","Clash"],"picked":"Inflame","floor":4},{"not_picked":["Heavy Blade","Anger"],"picked":"Inflame","floor":6},{"not_picked":["Disarm","Warcry"],"picked":"Reckless Charge","floor":13},{"not_picked":["Shockwave","Iron Wave"],"picked":"Whirlwind","floor":18}],"player_experience":174147,"potions_floor_usage":[6,14,16,18,21],"damage_taken":[{"damage":6,"enemies":"Cultist","floor":1,"turns":3},{"damage":0,"enemies":"2 Louse","floor":2,"turns":2},{"damage":6,"enemies":"Jaw Worm","floor":4,"turns":2},{"damage":0,"enemies":"Exordium Wildlife","floor":6,"turns":2},{"damage":6,"enemies":"Gremlin Nob","floor":12,"turns":3},{"damage":16,"enemies":"Lots of Slimes","floor":13,"turns":3},{"damage":14,"enemies":"3 Sentries","floor":14,"turns":5},{"damage":0,"enemies":"Slime Boss","floor":16,"turns":6},{"damage":15,"enemies":"2 Thieves","floor":18,"turns":3},{"damage":21,"enemies":"3 Byrds","floor":19,"turns":4},{"damage":32,"enemies":"Snake Plant","floor":20,"turns":3},{"damage":32,"enemies":"Slaver and Parasite","floor":21,"turns":2}],"event_choices":[{"event_name":"Living Wall","player_choice":"Grow","floor":3,"damage_taken":0},{"event_name":"Match and Keep!","player_choice":"1 cards matched","floor":5,"damage_taken":0},{"event_name":"Scrap Ooze","player_choice":"success","floor":8,"damage_taken":25}],"boss_relics":[{"not_picked":["Philosopher\u0027s Stone","Tiny House"],"picked":"Velvet Choker"}],"potions_floor_spawned":[2,6,13,14,16,19],"seed_played":"1000625768349190941","killed_by":"Slaver and Parasite","ascension_level":0,"is_trial":false}