{"gold_per_floor":[115,126,144,144,144,144,144,144,168,182,205,226,250,263,263,263],"floor_reached":16,"playtime":675,"items_purged":[],"score":96,"play_id":"93746e25-f8d3-4ea9-9839-a854d7168fb4","local_time":"20190215175830","is_ascension_mode":false,"campfire_choices":[{"floor":6,"key":"REST"},{"data":"Zap","floor":8,"key":"SMITH"},{"floor":15,"key":"REST"}],"neow_cost":"NONE","seed_source_timestamp":21100417565030,"circlet_count":0,"master_deck":["Strike_B","Strike_B","Strike_B","Defend_B","Defend_B","Defend_B","Defend_B","Zap+1","Dualcast","Steam Power","Chill","Ball Lightning","Melter","Leap","Double Energy","BootSequence","Redo","Fusion"],"relics":["Cracked Core","Golden Idol","Bag of Marbles","Letter Opener","Omamori"],"potions_floor_usage":[],"damage_taken":[{"damage":12,"enemies":"Small Slimes","floor":1,"turns":5},{"damage":0,"enemies":"2 Louse","floor":2,"turns":1},{"damage":0,"enemies":"Cultist","floor":3,"turns":4},{"damage":12,"enemies":"Blue Slaver","floor":10,"turns":2},{"damage":0,"enemies":"Large Slime","floor":11,"turns":5},{"damage":0,"enemies":"3 Louse","floor":12,"turns":2},{"damage":3,"enemies":"Red Slaver","floor":13,"turns":2},{"damage":0,"enemies":"Blue Slaver","floor":14,"turns":2},{"damage":63,"enemies":"Hexaghost","floor":16,"turns":10}],"seed_played":"1236282028458755313","potions_obtained":[{"floor":2,"key":"SteroidPotion"},{"floor":3,"key":"Poison Potion"},{"floor":10,"key":"Explosive Potion"},{"floor":12,"key":"SneckoOil"}],"is_trial":false,"path_per_floor":["M","M","M","?","?","R","?","R","T","M","M","M","M","M","R","B"],"character_chosen":"DEFECT","items_purchased":[],"campfire_rested":2,"item_purchase_floors":[],"current_hp_per_floor":[63,63,63,63,38,58,58,58,58,46,46,46,43,43,63,0],"gold":263,"neow_bonus":"TRANSFORM_CARD","is_prod":false,"is_daily":false,"chose_seed":false,"campfire_upgraded":1,"win_rate":0,"timestamp":1550275110,"path_taken":["M","M","M","?","?","R","?","R","T","M","M","M","?","M","R","BOSS"],"build_version":"2019-01-23","purchased_purges":0,"victory":false,"max_hp_per_floor":[75,75,75,69,69,69,69,69,69,69,69,69,69,69,69,69],"card_choices":[{"not_picked":["Steam","Consume"],"picked":"Chill","floor":1},{"not_picked":["Conserve Battery","Hello World"],"picked":"Ball Lightning","floor":2},{"not_picked":["Turbo","Lockon"],"picked":"Melter","floor":3},{"not_picked":["Barrage","Sweeping Beam"],"picked":"Leap","floor":10},{"not_picked":["Turbo","Aggregate"],"picked":"Double Energy","floor":11},{"not_picked":["Steam","Steam Power"],"picked":"BootSequence","floor":12},{"not_picked":["Leap","Turbo"],"picked":"Redo","floor":13},{"not_picked":["Seek","Leap"],"picked":"Fusion","floor":14}],"player_experience":147528,"relics_obtained":[{"floor":9,"key":"Omamori"}],"event_choices":[{"damage_healed":0,"gold_gain":0,"player_choice":"Lose Max HP","damage_taken":0,"relics_obtained":["Golden Idol"],"max_hp_gain":0,"max_hp_loss":6,"event_name":"Golden Idol","floor":4,"gold_loss":0},{"damage_healed":0,"gold_gain":0,"player_choice":"Success","damage_taken":25,"relics_obtained":["Bag of Marbles"],"max_hp_gain":0,"max_hp_loss":0,"event_name":"Scrap Ooze","floor":5,"gold_loss":0},{"damage_healed":0,"gold_gain":0,"player_choice":"Gave Potion","damage_taken":0,"relics_obtained":["Letter Opener"],"max_hp_gain":0,"max_hp_loss":0,"event_name":"WeMeetAgain","floor":7,"gold_loss":0}],"is_beta":false,"boss_relics":[],"items_purged_floors":[],"is_endless":false,"potions_floor_spawned":[2,3,10,12],"killed_by":"Hexaghost","ascension_level":0}