{"path_per_floor":["M","?","M","$","T","E","M","R","T","R","E","R","M","E","R","B",null,"M","?","M","?","M","E","R","M","T","E","$","M","E","M","R"],"character_chosen":"IRONCLAD","items_purchased":["Flame Barrier","Rampage","Bandage Up","Disarm"],"gold_per_floor":[118,118,135,67,67,96,110,110,110,110,144,144,154,186,186,284,284,295,218,231,231,248,277,277,296,349,375,155,166,200,213,213,213],"floor_reached":33,"campfire_rested":0,"playtime":2412,"current_hp_per_floor":[80,80,80,80,80,60,66,66,66,66,70,70,65,56,56,49,80,80,80,68,52,44,32,32,37,37,39,39,56,52,56,56,0],"items_purged":[],"gold":213,"score":325,"play_id":"1b6933a8-9eeb-4cdf-97da-536bd2741c6c","local_time":"20180513233729","is_prod":false,"is_daily":false,"chose_seed":false,"is_ascension_mode":false,"campfire_upgraded":6,"timestamp":1526247449,"path_taken":["M","?","M","$","?","E","M","R","T","R","E","R","M","E","R","BOSS","M","?","?","?","M","E","R","M","T","E","$","M","E","?","R","BOSS"],"build_version":"2018-05-10","seed_source_timestamp":7100995152040,"purchased_purges":0,"victory":false,"master_deck":["Strike_R","Strike_R","Strike_R","Strike_R","Strike_R","Defend_R","Defend_R","Defend_R","Defend_R","Bash","Immolate+1","Flame Barrier+1","Evolve+1","Wild Strike+1","Flame Barrier+1","Barricade+1","Bludgeon","Blood for Blood","J.A.X.","Berserk","Wild Strike+1","Disarm","Inflame+1","Rampage+1","Bandage Up","Disarm"],"max_hp_per_floor":[80,80,80,80,80,80,80,80,80,80,80,80,80,80,80,80,80,80,80,80,80,80,80,80,80,80,80,80,82,84,86,86,86],"relics":["Burning Blood","Gambling Chip","Orichalcum","Smiling Mask","Centennial Puzzle","Meat on the Bone","Philosopher\u0027s Stone","Enchiridion","Blood Vial","Singing Bowl","Lantern","Bottled Flame"],"card_choices":[{"not_picked":["Dual Wield","Combust"],"picked":"Evolve","floor":6},{"not_picked":["Clash","Clothesline"],"picked":"Wild Strike","floor":7},{"not_picked":["Combust","Carnage"],"picked":"Flame Barrier","floor":11},{"not_picked":["Rage","Reckless Charge"],"picked":"Barricade","floor":14},{"not_picked":["Immolate","Double Tap"],"picked":"Bludgeon","floor":16},{"not_picked":["Battle Trance","True Grit"],"picked":"Blood for Blood","floor":18},{"not_picked":["Shrug It Off","Pommel Strike"],"picked":"Berserk","floor":22},{"not_picked":["Hemokinesis","Headbutt"],"picked":"Wild Strike","floor":23},{"not_picked":["Wild Strike","Heavy Blade"],"picked":"Disarm","floor":25},{"not_picked":["Cleave","Twin Strike"],"picked":"Inflame","floor":27}],"player_experience":241664,"potions_floor_usage":[14,23,23,23,30,33,33,33],"damage_taken":[{"damage":2,"enemies":"Small Slimes","floor":1,"turns":3},{"damage":6,"enemies":"Jaw Worm","floor":3,"turns":2},{"damage":26,"enemies":"Gremlin Nob","floor":6,"turns":5},{"damage":0,"enemies":"Cultist","floor":7,"turns":3},{"damage":2,"enemies":"3 Sentries","floor":11,"turns":3},{"damage":11,"enemies":"Exordium Thugs","floor":13,"turns":4},{"damage":15,"enemies":"Lagavulin","floor":14,"turns":8},{"damage":25,"enemies":"Slime Boss","floor":16,"turns":9},{"damage":2,"enemies":"Chosen","floor":18,"turns":7},{"damage":18,"enemies":"Spheric Guardian","floor":20,"turns":4},{"damage":26,"enemies":"Centurion and Healer","floor":22,"turns":7},{"damage":30,"enemies":"Book of Stabbing","floor":23,"turns":6},{"damage":15,"enemies":"Cultist and Chosen","floor":25,"turns":7},{"damage":18,"enemies":"Slavers","floor":27,"turns":4},{"damage":9,"enemies":"Snake Plant","floor":29,"turns":6},{"damage":30,"enemies":"Book of Stabbing","floor":30,"turns":6},{"damage":10,"enemies":"Centurion and Healer","floor":31,"turns":6},{"damage":66,"enemies":"Collector","floor":33,"turns":6}],"event_choices":[{"event_name":"Living Wall","player_choice":"Grow","floor":2,"damage_taken":0},{"event_name":"Drug Dealer","player_choice":"Got JAXXED","floor":19,"damage_taken":0},{"event_name":"Cursed Tome","player_choice":"Obtained Book","floor":21,"damage_taken":0}],"boss_relics":[{"not_picked":["Black Blood","Eternal Feather"],"picked":"Philosopher\u0027s Stone"}],"potions_floor_spawned":[7,11,14,18,22,23,27,30,31],"seed_played":"4348296718526451445","killed_by":"Collector","ascension_level":0,"is_trial":false}