{"gold_per_floor":[119,139,139,149,169,169,186,151,205,217,217,228,240,258,258,363,363,379,379,16,16,116,116,128,128,151,151,151,162,162,180,180,279,279,299,316,65,65,65,65,83,83,83,95,95,106,126,146,146,146],"floor_reached":50,"playtime":3319,"items_purged":[],"score":440,"play_id":"a6f28c60-3e2a-4e6f-87d0-c3ac9f172440","local_time":"20190210134354","is_ascension_mode":false,"campfire_choices":[{"data":"Electrodynamics","floor":6,"key":"SMITH"},{"data":"Sweeping Beam","floor":11,"key":"SMITH"},{"data":"Tempest","floor":15,"key":"SMITH"},{"data":"Sunder","floor":23,"key":"SMITH"},{"data":"Sunder","floor":25,"key":"SMITH"},{"data":"Auto Shields","floor":28,"key":"SMITH"},{"data":"Stack","floor":30,"key":"SMITH"},{"floor":32,"key":"REST"},{"data":"Lockon","floor":40,"key":"SMITH"},{"floor":45,"key":"REST"},{"floor":49,"key":"REST"}],"neow_cost":"NONE","seed_source_timestamp":11272477526061,"circlet_count":0,"master_deck":["Strike_B","Strike_B+1","Defend_B","Defend_B","Defend_B","Zap+1","Dualcast","Sweeping Beam+1","Rebound+1","Ball Lightning","Sweeping Beam","Electrodynamics+1","Conserve Battery","Stack+1","Auto Shields+1","Cold Snap","Tempest+1","Sunder+1","Sunder+1","Redo+1","Static Discharge+1","Creative AI","Lockon+1","Chaos+1","Parasite","Beam Cell+1"],"relics":["Cracked Core","Bag of Preparation","Snecko Eye","Pantograph","Ice Cream","Darkstone Periapt","Anchor","Empty Cage","Letter Opener","Pocketwatch"],"potions_floor_usage":[16,16,33,41,41,47,48,50,50,50],"damage_taken":[{"damage":6,"enemies":"Jaw Worm","floor":1,"turns":3},{"damage":0,"enemies":"2 Louse","floor":2,"turns":2},{"damage":2,"enemies":"Small Slimes","floor":4,"turns":3},{"damage":0,"enemies":"Looter","floor":5,"turns":2},{"damage":7,"enemies":"Blue Slaver","floor":7,"turns":3},{"damage":9,"enemies":"2 Fungi Beasts","floor":10,"turns":2},{"damage":6,"enemies":"Red Slaver","floor":12,"turns":3},{"damage":0,"enemies":"Looter","floor":13,"turns":3},{"damage":0,"enemies":"Lots of Slimes","floor":14,"turns":1},{"damage":2,"enemies":"Slime Boss","floor":16,"turns":5},{"damage":21,"enemies":"2 Thieves","floor":18,"turns":3},{"damage":20,"enemies":"Colosseum Slavers","floor":22,"turns":3},{"damage":2,"enemies":"Colosseum Nobs","floor":22,"turns":2},{"damage":0,"enemies":"Spheric Guardian","floor":24,"turns":2},{"damage":0,"enemies":"Snake Plant","floor":29,"turns":2},{"damage":0,"enemies":"Shelled Parasite and Fungi","floor":31,"turns":2},{"damage":47,"enemies":"Automaton","floor":33,"turns":7},{"damage":0,"enemies":"3 Shapes","floor":35,"turns":2},{"damage":0,"enemies":"Orb Walker","floor":36,"turns":2},{"damage":8,"enemies":"Maw","floor":41,"turns":6},{"damage":23,"enemies":"3 Darklings","floor":44,"turns":3},{"damage":4,"enemies":"4 Shapes","floor":46,"turns":2},{"damage":15,"enemies":"Writhing Mass","floor":47,"turns":5},{"damage":1,"enemies":"Spire Growth","floor":48,"turns":4},{"damage":86,"enemies":"Donu and Deca","floor":50,"turns":6}],"seed_played":"-8082426775871938981","potions_obtained":[{"floor":1,"key":"SpeedPotion"},{"floor":4,"key":"Poison Potion"},{"floor":10,"key":"Swift Potion"},{"floor":24,"key":"PowerPotion"},{"floor":33,"key":"Weak Potion"},{"floor":39,"key":"Strength Potion"},{"floor":41,"key":"Fruit Juice"},{"floor":46,"key":"SpeedPotion"},{"floor":47,"key":"Swift Potion"},{"floor":48,"key":"SkillPotion"}],"is_trial":false,"path_per_floor":["M","M","?","M","M","R","M","?","T","M","R","M","M","M","R","B",null,"M","?","$","?","?","R","M","R","T","?","R","M","R","M","R","B",null,"M","M","$","?","?","R","M","?","T","M","R","M","M","M","R","B"],"character_chosen":"DEFECT","items_purchased":["Pantograph","Ancient Potion","Sunder","Letter Opener"],"campfire_rested":3,"item_purchase_floors":[20,20,20,37],"current_hp_per_floor":[69,69,54,52,52,52,45,63,63,54,54,48,48,48,48,46,75,54,54,54,54,32,32,32,32,32,32,32,32,32,32,54,28,75,75,75,75,75,75,75,72,72,72,49,73,69,60,59,84,0],"gold":146,"neow_bonus":"THREE_CARDS","is_prod":false,"is_daily":false,"chose_seed":false,"campfire_upgraded":8,"win_rate":0.0,"timestamp":1549827834,"path_taken":["M","M","?","M","M","R","M","?","T","M","R","M","M","M","R","BOSS","M","?","$","?","?","R","M","R","T","?","R","M","R","?","R","BOSS","M","M","$","?","?","R","?","?","T","M","R","M","M","M","R","BOSS"],"build_version":"2019-01-23","purchased_purges":0,"victory":false,"max_hp_per_floor":[75,75,75,75,75,75,75,75,75,75,75,75,75,75,75,75,75,75,75,75,75,75,75,75,75,75,75,75,75,75,75,75,75,75,75,75,75,75,75,75,80,80,80,80,80,80,86,86,86,86],"card_choices":[{"not_picked":["Cold Snap","BootSequence"],"picked":"Sweeping Beam","floor":0},{"not_picked":["Undo","Go for the Eyes"],"picked":"Rebound","floor":1},{"not_picked":["Cold Snap","Genetic Algorithm"],"picked":"Ball Lightning","floor":2},{"not_picked":["Turbo","Compile Driver"],"picked":"Sweeping Beam","floor":4},{"not_picked":["Streamline","Steam"],"picked":"Electrodynamics","floor":5},{"not_picked":["Chaos","Reprogram"],"picked":"Conserve Battery","floor":7},{"not_picked":["Rebound","Streamline"],"picked":"Stack","floor":10},{"not_picked":["Glacier","FTL"],"picked":"Auto Shields","floor":12},{"not_picked":["Skim","Force Field"],"picked":"Cold Snap","floor":13},{"not_picked":["Sweeping Beam","Sunder"],"picked":"Tempest","floor":14},{"not_picked":["Fission","All For One"],"picked":"Reboot","floor":16},{"not_picked":["Coolheaded","Conserve Battery"],"picked":"Sunder","floor":18},{"not_picked":["Steam","Melter"],"picked":"Redo+1","floor":22},{"not_picked":["Aggregate","Beam Cell","Barrage"],"picked":"SKIP","floor":24},{"not_picked":["Cold Snap+1","Gash"],"picked":"Static Discharge+1","floor":29},{"not_picked":["Barrage","Doom and Gloom","Sweeping Beam"],"picked":"SKIP","floor":31},{"not_picked":["Machine Learning","Fission"],"picked":"Creative AI","floor":33},{"not_picked":["Barrage","Rebound+1"],"picked":"Lockon","floor":35},{"not_picked":["Hologram","Skim+1","Go for the Eyes"],"picked":"SKIP","floor":36},{"not_picked":["Stack","FTL+1","Reprogram"],"picked":"SKIP","floor":41},{"not_picked":["Cold Snap","Gash"],"picked":"Chaos+1","floor":44},{"not_picked":["Reprogram+1","Stack","Hologram+1"],"picked":"SKIP","floor":46},{"not_picked":["Electrodynamics","Redo"],"picked":"Beam Cell+1","floor":47},{"not_picked":["Compile Driver","Static Discharge","Coolheaded"],"picked":"SKIP","floor":48}],"player_experience":18937,"relics_obtained":[{"floor":9,"key":"Bag of Preparation"},{"floor":22,"key":"Ice Cream"},{"floor":22,"key":"Darkstone Periapt"},{"floor":26,"key":"Anchor"},{"floor":43,"key":"Pocketwatch"}],"event_choices":[{"damage_healed":0,"gold_gain":0,"player_choice":"Entered Light","damage_taken":15,"max_hp_gain":0,"max_hp_loss":0,"event_name":"Shining Light","floor":3,"gold_loss":0,"cards_upgraded":["Strike_B","Zap"]},{"damage_healed":18,"gold_gain":0,"player_choice":"Healed","damage_taken":0,"max_hp_gain":0,"max_hp_loss":0,"event_name":"The Cleric","floor":8,"gold_loss":35},{"damage_healed":0,"gold_gain":0,"player_choice":"Ignored","damage_taken":0,"max_hp_gain":0,"max_hp_loss":0,"event_name":"Beggar","floor":19,"gold_loss":0},{"damage_healed":0,"gold_gain":0,"player_choice":"Ignored","damage_taken":0,"max_hp_gain":0,"max_hp_loss":0,"event_name":"Ghosts","floor":21,"gold_loss":0},{"damage_healed":0,"gold_gain":0,"player_choice":"Fight","damage_taken":0,"max_hp_gain":0,"max_hp_loss":0,"event_name":"Colosseum","floor":22,"gold_loss":0},{"damage_healed":0,"gold_gain":0,"player_choice":"Fought Nobs","damage_taken":0,"max_hp_gain":0,"max_hp_loss":0,"event_name":"Colosseum","floor":22,"gold_loss":0},{"cards_removed":["Strike_B"],"damage_healed":0,"gold_gain":0,"player_choice":"Purged","damage_taken":0,"max_hp_gain":0,"max_hp_loss":0,"event_name":"Purifier","floor":27,"gold_loss":0},{"cards_removed":["Reboot"],"damage_healed":0,"gold_gain":0,"player_choice":"Removed Skill","damage_taken":0,"max_hp_gain":0,"max_hp_loss":0,"event_name":"Falling","floor":38,"gold_loss":0},{"damage_healed":0,"gold_gain":0,"player_choice":"Got Potions","damage_taken":0,"max_hp_gain":0,"max_hp_loss":0,"event_name":"Lab","floor":39,"gold_loss":0},{"damage_healed":0,"gold_gain":0,"player_choice":"Forge","damage_taken":0,"max_hp_gain":0,"max_hp_loss":0,"event_name":"Accursed Blacksmith","floor":42,"gold_loss":0,"cards_upgraded":["Rebound"]}],"is_beta":false,"boss_relics":[{"not_picked":["Astrolabe","Fusion Hammer"],"picked":"Snecko Eye"},{"not_picked":["Runic Pyramid","Runic Dome"],"picked":"Empty Cage"}],"items_purged_floors":[],"is_endless":false,"potions_floor_spawned":[1,4,10,12,24,33,41,46,47,48],"killed_by":"Donu and Deca","ascension_level":0}