{"gold_per_floor":[210,210,285,177,194,194,89,118,118,132,57,72,72,72],"floor_reached":14,"playtime":396,"items_purged":["Strike_B"],"score":154,"play_id":"04c436fc-48a4-4ceb-807d-267e3098ef3e","local_time":"20181227113154","is_ascension_mode":true,"campfire_choices":[{"data":"Zap","floor":6,"key":"SMITH"},{"floor":13,"key":"REST"}],"neow_cost":"NONE","seed_source_timestamp":529381539270199,"circlet_count":0,"master_deck":["AscendersBane","Strike_B","Strike_B","Strike_B","Defend_B","Defend_B","Defend_B","Defend_B","Zap+1","Dualcast","Sweeping Beam","Chill","Loop+1","Defragment+1","Steam"],"relics":["Cracked Core","Frozen Egg 2","Girya","Question Card"],"potions_floor_usage":[],"damage_taken":[{"damage":7,"enemies":"Jaw Worm","floor":1,"turns":4},{"damage":0,"enemies":"Small Slimes","floor":5,"turns":4},{"damage":30,"enemies":"Lagavulin","floor":8,"turns":7},{"damage":1,"enemies":"Cultist","floor":10,"turns":3},{"damage":4,"enemies":"Red Slaver","floor":12,"turns":4},{"damage":47,"enemies":"Gremlin Nob","floor":14,"turns":4}],"seed_played":"-6765412309307541560","potions_obtained":[{"floor":5,"key":"Ancient Potion"}],"is_trial":false,"path_per_floor":["M","?","?","?","M","R","$","E","T","M","$","M","R","?"],"character_chosen":"DEFECT","items_purchased":["Chill","Loop+1"],"campfire_rested":1,"item_purchase_floors":[7,7],"current_hp_per_floor":[57,57,46,46,46,46,46,16,16,15,15,11,32,0],"gold":72,"neow_bonus":"HUNDRED_GOLD","is_prod":false,"is_daily":false,"chose_seed":false,"campfire_upgraded":1,"win_rate":0,"timestamp":1545906714,"path_taken":["M","?","?","?","?","R","$","E","T","M","?","M","R","?"],"build_version":"2018-12-20","purchased_purges":1,"victory":false,"max_hp_per_floor":[71,71,71,71,71,71,71,71,71,71,71,71,71,71],"card_choices":[{"not_picked":["Streamline","Gash","Hologram"],"picked":"SKIP","floor":1},{"not_picked":["Barrage","Sunder"],"picked":"Sweeping Beam","floor":5},{"not_picked":["Biased Cognition+1","Rebound"],"picked":"Defragment+1","floor":8},{"not_picked":["Stack","Sweeping Beam","Hello World+1","Reprogram"],"picked":"SKIP","floor":10},{"not_picked":["Lockon","Fusion","Streamline"],"picked":"Steam","floor":12}],"player_experience":321361,"relics_obtained":[{"floor":8,"key":"Girya"},{"floor":9,"key":"Question Card"}],"event_choices":[{"damage_healed":0,"gold_gain":0,"player_choice":"Ignored","damage_taken":0,"max_hp_gain":0,"max_hp_loss":0,"event_name":"Liars Game","floor":2,"gold_loss":0},{"damage_healed":0,"gold_gain":75,"player_choice":"Gather Gold","damage_taken":11,"max_hp_gain":0,"max_hp_loss":0,"event_name":"World of Goop","floor":3,"gold_loss":0},{"damage_healed":0,"gold_gain":0,"player_choice":"Paid Gold","damage_taken":0,"relics_obtained":["Frozen Egg 2"],"max_hp_gain":0,"max_hp_loss":0,"event_name":"WeMeetAgain","floor":4,"gold_loss":108},{"damage_healed":0,"gold_gain":0,"player_choice":"Searched \u00271\u0027 times","damage_taken":0,"max_hp_gain":0,"max_hp_loss":0,"event_name":"Dead Adventurer","floor":14,"gold_loss":0}],"is_beta":false,"boss_relics":[],"items_purged_floors":[11],"is_endless":false,"potions_floor_spawned":[5],"killed_by":"Gremlin Nob","ascension_level":15}