{"gold_per_floor":[116,127,143,143,68,94,94,107,182,182,112,141,141,166,166,263,263,273,136,136,154,165,165,165],"floor_reached":24,"playtime":1139,"items_purged":["Strike_B","Strike_B"],"score":289,"play_id":"963f2dd4-6f98-4728-9075-5b56d27c7ceb","local_time":"20190111023904","is_ascension_mode":true,"campfire_choices":[{"data":"Self Repair","floor":7,"key":"SMITH"},{"floor":10,"key":"REST"},{"data":"Capacitor","floor":13,"key":"SMITH"},{"floor":15,"key":"REST"},{"data":"Barrage","floor":23,"key":"SMITH"}],"neow_cost":"NONE","seed_source_timestamp":164480901452463,"circlet_count":0,"master_deck":["Strike_B","Strike_B","Defend_B","Defend_B","Defend_B","Defend_B","Zap","Dualcast","Rebound","Coolheaded","Cold Snap","Self Repair+1","Capacitor+1","Coolheaded","Cold Snap","Core Surge","Barrage+1","Loop","Steam+1"],"relics":["Cracked Core","Peace Pipe","Bag of Marbles","Sundial","Du-Vu Doll","Kunai","Philosopher\u0027s Stone"],"potions_floor_usage":[16,22,24],"damage_taken":[{"damage":2,"enemies":"Jaw Worm","floor":1,"turns":3},{"damage":0,"enemies":"Cultist","floor":2,"turns":4},{"damage":11,"enemies":"Small Slimes","floor":3,"turns":4},{"damage":52,"enemies":"Gremlin Nob","floor":6,"turns":5},{"damage":0,"enemies":"Exordium Thugs","floor":8,"turns":6},{"damage":23,"enemies":"3 Sentries","floor":12,"turns":8},{"damage":22,"enemies":"Lagavulin","floor":14,"turns":8},{"damage":52,"enemies":"The Guardian","floor":16,"turns":19},{"damage":21,"enemies":"3 Byrds","floor":18,"turns":7},{"damage":9,"enemies":"Chosen","floor":21,"turns":5},{"damage":23,"enemies":"Snecko","floor":22,"turns":9},{"damage":46,"enemies":"Book of Stabbing","floor":24,"turns":5}],"seed_played":"1087400860472146573","potions_obtained":[{"floor":2,"key":"EssenceOfSteel"},{"floor":6,"key":"FearPotion"},{"floor":14,"key":"Regen Potion"},{"floor":18,"key":"SteroidPotion"},{"floor":20,"key":"SpeedPotion"},{"floor":20,"key":"LiquidBronze"},{"floor":22,"key":"Fire Potion"}],"is_trial":false,"path_per_floor":["M","M","M","?","$","E","R","M","T","R","$","E","R","E","R","B",null,"M","$","?","M","M","R","E"],"character_chosen":"DEFECT","items_purchased":["Capacitor","Loop"],"campfire_rested":2,"item_purchase_floors":[11,19],"current_hp_per_floor":[73,73,62,62,62,10,10,20,20,44,44,31,31,19,43,16,66,55,55,55,56,43,43,0],"gold":165,"neow_bonus":"TEN_PERCENT_HP_BONUS","is_prod":false,"is_daily":false,"chose_seed":false,"campfire_upgraded":3,"win_rate":0,"timestamp":1547170744,"path_taken":["M","M","M","?","$","E","R","M","T","R","$","E","R","E","R","BOSS","M","$","?","M","M","R","E"],"build_version":"2019-01-03v4","purchased_purges":2,"victory":false,"max_hp_per_floor":[82,82,82,82,82,82,82,82,82,82,82,82,82,82,82,82,82,82,82,82,82,82,82,82],"card_choices":[{"not_picked":["Go for the Eyes","Beam Cell"],"picked":"Rebound","floor":1},{"not_picked":["Redo","Lockon"],"picked":"Coolheaded","floor":2},{"not_picked":["Leap","Double Energy"],"picked":"Cold Snap","floor":3},{"not_picked":["Compile Driver","Streamline"],"picked":"Self Repair","floor":6},{"not_picked":["Thunder Strike","Compile Driver","Heatsinks"],"picked":"SKIP","floor":8},{"not_picked":["Rebound","Heatsinks"],"picked":"Coolheaded","floor":12},{"not_picked":["Rainbow","Aggregate"],"picked":"Cold Snap","floor":14},{"not_picked":["Amplify","Multi-Cast"],"picked":"Core Surge","floor":16},{"not_picked":["Coolheaded","Steam+1"],"picked":"Barrage","floor":18},{"not_picked":["Beam Cell","Lockon"],"picked":"Steam+1","floor":21},{"not_picked":["Hello World","Amplify","Reprogram"],"picked":"SKIP","floor":22}],"player_experience":660363,"relics_obtained":[{"floor":6,"key":"Bag of Marbles"},{"floor":9,"key":"Sundial"},{"floor":12,"key":"Du-Vu Doll"},{"floor":14,"key":"Kunai"}],"event_choices":[{"damage_healed":0,"gold_gain":0,"player_choice":"Gave Potion","damage_taken":0,"relics_obtained":["Peace Pipe"],"max_hp_gain":0,"max_hp_loss":0,"event_name":"WeMeetAgain","floor":4,"gold_loss":0},{"damage_healed":0,"gold_gain":0,"player_choice":"Got Potions","damage_taken":0,"max_hp_gain":0,"max_hp_loss":0,"event_name":"Lab","floor":20,"gold_loss":0}],"is_beta":false,"boss_relics":[{"not_picked":["Pandora\u0027s Box","Velvet Choker"],"picked":"Philosopher\u0027s Stone"}],"items_purged_floors":[5,19],"is_endless":false,"potions_floor_spawned":[2,6,14,18,21,22],"killed_by":"Book of Stabbing","ascension_level":7}