{"gold_per_floor":[116,132,132,5,23,23,56,71,116,128,128,146,146,156,156,255,255,271,371,16,35,48,48,48,48,73,73,73,87,98,115,115,115],"floor_reached":33,"playtime":1382,"items_purged":["Strike_B","Defend_B"],"score":351,"play_id":"8a769dcc-2fca-4129-938d-91578a987ba4","local_time":"20181110132922","is_ascension_mode":true,"campfire_choices":[{"data":"Zap","floor":6,"key":"SMITH"},{"floor":11,"key":"REST"},{"data":"Sunder","floor":13,"key":"SMITH"},{"floor":15,"key":"REST"},{"floor":23,"key":"REST"},{"floor":25,"key":"REST"},{"data":"Coolheaded","floor":28,"key":"SMITH"},{"floor":32,"key":"REST"}],"neow_cost":"NONE","seed_source_timestamp":501272974712565,"circlet_count":0,"master_deck":["Strike_B","Strike_B","Strike_B","Defend_B","Defend_B","Defend_B","Zap+1","Dualcast","Sunder+1","Conserve Battery","Double Energy","Madness","Thunder Strike","Beam Cell","Leap","Rainbow","White Noise+1","Coolheaded","Coolheaded+1","Writhe","Swift Strike","Zap","Conserve Battery","Reinforced Body"],"relics":["FrozenCore","Pear","Art of War","Runic Capacitor","Bag of Marbles","Oddly Smooth Stone"],"potions_floor_usage":[7,16,16,16,31,33],"damage_taken":[{"damage":9,"enemies":"Jaw Worm","floor":1,"turns":4},{"damage":0,"enemies":"Cultist","floor":2,"turns":3},{"damage":7,"enemies":"Small Slimes","floor":5,"turns":3},{"damage":27,"enemies":"Gremlin Nob","floor":7,"turns":5},{"damage":0,"enemies":"Looter","floor":8,"turns":1},{"damage":15,"enemies":"Gremlin Gang","floor":10,"turns":5},{"damage":1,"enemies":"3 Louse","floor":12,"turns":4},{"damage":30,"enemies":"Large Slime","floor":14,"turns":6},{"damage":51,"enemies":"Hexaghost","floor":16,"turns":11},{"damage":16,"enemies":"2 Thieves","floor":18,"turns":4},{"damage":3,"enemies":"Spheric Guardian","floor":21,"turns":5},{"damage":35,"enemies":"Snake Plant","floor":22,"turns":5},{"damage":18,"enemies":"Cultist and Chosen","floor":29,"turns":9},{"damage":0,"enemies":"Snecko","floor":30,"turns":5},{"damage":11,"enemies":"3 Cultists","floor":31,"turns":4},{"damage":60,"enemies":"Champ","floor":33,"turns":13}],"seed_played":"-1060626648524662437","potions_obtained":[{"floor":7,"key":"Dexterity Potion"},{"floor":10,"key":"LiquidBronze"},{"floor":12,"key":"EssenceOfSteel"},{"floor":14,"key":"Regen Potion"},{"floor":29,"key":"Strength Potion"},{"floor":30,"key":"Energy Potion"}],"is_trial":false,"path_per_floor":["M","M","?","$","M","R","E","M","T","M","R","M","R","M","R","B",null,"M","?","$","M","M","R","?","R","T","?","R","M","M","M","R","B"],"character_chosen":"DEFECT","items_purchased":["Weak Potion","Runic Capacitor","Coolheaded"],"campfire_rested":5,"item_purchase_floors":[4,20,20],"current_hp_per_floor":[59,59,59,59,52,52,35,35,35,20,45,44,44,14,39,3,65,49,49,49,46,11,36,36,61,61,61,61,43,43,32,57,0],"gold":115,"neow_bonus":"THREE_CARDS","is_prod":false,"is_daily":false,"chose_seed":false,"campfire_upgraded":3,"win_rate":0,"timestamp":1541874562,"path_taken":["M","M","?","$","M","R","E","M","T","?","R","M","R","M","R","BOSS","M","?","?","?","M","R","?","R","T","?","R","M","M","?","R","BOSS"],"build_version":"2018-11-08","purchased_purges":2,"victory":false,"max_hp_per_floor":[75,75,75,75,75,75,85,85,85,85,85,85,85,85,85,85,85,85,85,85,85,85,85,85,85,85,85,85,85,85,85,85,85],"card_choices":[{"not_picked":["Streamline","Melter"],"picked":"Sunder","floor":0},{"not_picked":["Barrage","Tempest"],"picked":"Conserve Battery","floor":1},{"not_picked":["Melter","Fusion"],"picked":"Double Energy","floor":2},{"not_picked":["Consume","Streamline","Aggregate"],"picked":"SKIP","floor":5},{"not_picked":["Melter","Sunder"],"picked":"Beam Cell","floor":7},{"not_picked":["Conserve Battery","Rebound","Barrage"],"picked":"SKIP","floor":8},{"not_picked":["Cold Snap","Darkness"],"picked":"Leap","floor":10},{"not_picked":["Sweeping Beam","Barrage","Loop"],"picked":"SKIP","floor":12},{"not_picked":["Coolheaded","Melter","Gash"],"picked":"SKIP","floor":14},{"not_picked":["Biased Cognition","Hyperbeam"],"picked":"Rainbow","floor":16},{"not_picked":["Beam Cell","Recycle"],"picked":"White Noise+1","floor":18},{"not_picked":["Barrage","Force Field"],"picked":"Coolheaded","floor":21},{"not_picked":["Streamline+1","Beam Cell","Static Discharge"],"picked":"SKIP","floor":22},{"not_picked":["Rip and Tear+1","Sweeping Beam"],"picked":"Conserve Battery","floor":29},{"not_picked":["Genetic Algorithm","Fusion","Stack"],"picked":"SKIP","floor":30},{"not_picked":["Reprogram","Stack"],"picked":"Reinforced Body","floor":31}],"player_experience":347552,"relics_obtained":[{"floor":7,"key":"Pear"},{"floor":9,"key":"Art of War"},{"floor":26,"key":"Oddly Smooth Stone"}],"event_choices":[{"damage_healed":0,"gold_gain":0,"player_choice":"2 cards matched","damage_taken":0,"max_hp_gain":0,"max_hp_loss":0,"event_name":"Match and Keep!","floor":3,"gold_loss":0,"cards_obtained":["Madness","Thunder Strike"]},{"damage_healed":0,"gold_gain":100,"player_choice":"Pray","damage_taken":0,"max_hp_gain":0,"max_hp_loss":0,"event_name":"Golden Shrine","floor":19,"gold_loss":0},{"damage_healed":0,"gold_gain":0,"player_choice":"Opened","damage_taken":0,"relics_obtained":["Bag of Marbles"],"max_hp_gain":0,"max_hp_loss":0,"event_name":"The Mausoleum","floor":24,"gold_loss":0,"cards_obtained":["Writhe"]},{"damage_healed":0,"gold_gain":0,"player_choice":"2 cards matched","damage_taken":0,"max_hp_gain":0,"max_hp_loss":0,"event_name":"Match and Keep!","floor":27,"gold_loss":0,"cards_obtained":["Swift Strike","Zap"]}],"is_beta":true,"boss_relics":[{"not_picked":["Empty Cage","Tiny House"],"picked":"FrozenCore"}],"items_purged_floors":[4,20],"is_endless":false,"potions_floor_spawned":[7,10,12,14,29,30],"killed_by":"Champ","ascension_level":8}