{"path_per_floor":["M","M","M","M","M","E","R","E","T","?","R","?","E","?","R","B",null,"M","M","M","M"],"character_chosen":"DEFECT","items_purchased":[],"gold_per_floor":[113,126,136,148,168,203,203,237,237,237,237,237,264,328,328,431,431,451,471,490,504,504],"floor_reached":22,"campfire_rested":3,"playtime":1498,"item_purchase_floors":[],"current_hp_per_floor":[69,69,62,47,42,11,48,18,18,18,55,40,13,1,38,20,75,51,28,5,17,0],"items_purged":[],"gold":504,"score":229,"play_id":"8a9ec22c-9828-4e31-a104-c13ae040d094","local_time":"20180622200936","is_prod":false,"is_daily":false,"chose_seed":false,"is_ascension_mode":true,"campfire_upgraded":0,"win_rate":0,"timestamp":1529690976,"campfire_choices":[{"floor":7,"key":"REST"},{"floor":11,"key":"REST"},{"floor":15,"key":"REST"}],"path_taken":["M","M","M","M","M","E","R","E","T","?","R","?","E","?","R","BOSS","M","M","M","M","M"],"build_version":"2018-06-21","seed_source_timestamp":58724506629855,"purchased_purges":0,"circlet_count":0,"victory":false,"master_deck":["Strike_B+1","Strike_B","Strike_B","Defend_B","Defend_B","Defend_B","Defend_B","Zap+1","Dualcast","Static Discharge","Heatsinks","Capacitor","Storm","Streamline","Static Discharge","Creative AI","Force Field+1","Storm+1","White Noise+1"],"max_hp_per_floor":[75,75,75,75,75,75,75,75,75,75,75,75,75,75,75,75,75,75,75,75,75,75],"relics":["Cracked Core","Regal Pillow","Happy Flower","Vajra","Anchor","Kunai","Lizard Tail"],"card_choices":[{"not_picked":["Rebound","Defragment"],"picked":"Static Discharge","floor":1},{"not_picked":["Cold Snap","Gash"],"picked":"Heatsinks","floor":2},{"not_picked":["Reprogram","Coolheaded"],"picked":"Capacitor","floor":3},{"not_picked":["Steam","Leap","Compile Driver"],"picked":"SKIP","floor":4},{"not_picked":["Steam","Go for the Eyes"],"picked":"Storm","floor":5},{"not_picked":["All For One","Rebound"],"picked":"Streamline","floor":6},{"not_picked":["Lockon","Streamline","Sweeping Beam"],"picked":"SKIP","floor":8},{"not_picked":["Lockon","Steam"],"picked":"Static Discharge","floor":13},{"not_picked":["Reboot","Echo Form"],"picked":"Creative AI","floor":16},{"not_picked":["Conserve Battery","Defragment"],"picked":"Force Field+1","floor":18},{"not_picked":["Ball Lightning+1","Rebound"],"picked":"Storm+1","floor":19},{"not_picked":["Gash","Rip and Tear","Undo"],"picked":"SKIP","floor":20},{"not_picked":["Conserve Battery","Reinforced Body"],"picked":"White Noise+1","floor":21}],"player_experience":405963,"potions_floor_usage":[4,5,8,16,19],"damage_taken":[{"damage":6,"enemies":"2 Louse","floor":1,"turns":3},{"damage":0,"enemies":"Cultist","floor":2,"turns":3},{"damage":7,"enemies":"Jaw Worm","floor":3,"turns":3},{"damage":15,"enemies":"2 Fungi Beasts","floor":4,"turns":3},{"damage":5,"enemies":"Large Slime","floor":5,"turns":5},{"damage":31,"enemies":"Lagavulin","floor":6,"turns":7},{"damage":30,"enemies":"Gremlin Nob","floor":8,"turns":4},{"damage":27,"enemies":"3 Sentries","floor":13,"turns":6},{"damage":12,"enemies":"3 Sentries","floor":14,"turns":5},{"damage":18,"enemies":"Hexaghost","floor":16,"turns":7},{"damage":24,"enemies":"Shell Parasite","floor":18,"turns":5},{"damage":32,"enemies":"3 Byrds","floor":19,"turns":3},{"damage":23,"enemies":"Centurion and Healer","floor":20,"turns":4},{"damage":32,"enemies":"Chosen and Byrds","floor":21,"turns":4},{"damage":18,"enemies":"3 Cultists","floor":22,"turns":3}],"relics_obtained":[{"floor":6,"key":"Regal Pillow"},{"floor":8,"key":"Happy Flower"},{"floor":9,"key":"Vajra"},{"floor":13,"key":"Anchor"}],"event_choices":[{"event_name":"Bonfire Elementals","player_choice":"BASIC","floor":10,"damage_taken":0},{"event_name":"Shining Light","player_choice":"Entered Light","floor":12,"damage_taken":0},{"event_name":"Dead Adventurer","player_choice":"Searched \u00272\u0027 times","floor":14,"damage_taken":0}],"boss_relics":[{"not_picked":["Ectoplasm","Velvet Choker"],"picked":"Lizard Tail"}],"items_purged_floors":[],"is_endless":false,"potions_floor_spawned":[3,4,6,13,14,18,21],"seed_played":"-6560601447826037604","killed_by":"3 Cultists","ascension_level":2,"potions_obtained":[{"floor":3,"key":"Energy Potion"},{"floor":4,"key":"Fire Potion"},{"floor":6,"key":"Poison Potion"},{"floor":13,"key":"FearPotion"},{"floor":14,"key":"Weak Potion"},{"floor":18,"key":"Regen Potion"},{"floor":21,"key":"SteroidPotion"}],"is_trial":false}