{"gold_per_floor":[18,31,46,60,75,102,102,129,129,229,240,240,256,256,256,358,358,377,377,388,388,388,388,414,426,426,426,426,102,114,133,133,234,234,244,264,284,284,12,12,25,25,25,56,68,97,0,23,35,47],"floor_reached":51,"playtime":2999,"items_purged":["Strike_G"],"score":746,"play_id":"c5cf9e14-cb8a-4b31-ae22-f0fc1feebb14","local_time":"20190225130501","is_ascension_mode":true,"campfire_choices":[{"floor":7,"key":"REST"},{"floor":12,"key":"REST"},{"floor":15,"key":"REST"},{"floor":23,"key":"REST"},{"floor":27,"key":"REST"},{"floor":32,"key":"REST"},{"floor":40,"key":"REST"},{"floor":42,"key":"REST"},{"data":"Terror","floor":45,"key":"SMITH"},{"floor":49,"key":"REST"}],"neow_cost":"NO_GOLD","seed_source_timestamp":8318494015803,"circlet_count":0,"master_deck":["Defend_G","Defend_G","Defend_G","Defend_G","Defend_G","Strike_G","Strike_G","Strike_G","Strike_G","Survivor","Neutralize","Bouncing Flask","Heel Hook","Skewer","Blade Dance","PiercingWail","Terror+1","Bane","Cloak And Dagger","Prepared","Envenom","Cloak And Dagger+1","Blur","Cloak And Dagger+1","Flying Knee","Catalyst","Infinite Blades","Bane","Infinite Blades+1","Corpse Explosion","Prepared","Dodge and Roll+1","Footwork+1","Poisoned Stab","Outmaneuver+1","Reflex+1","Dodge and Roll"],"relics":["Ring of the Serpent","Tough Bandages","StoneCalendar","Kunai","Matryoshka","Snake Skull","WristBlade","Nunchaku","Potion Belt","Vajra","Anchor","Lee\u0027s Waffle","Lantern","Dream Catcher","MawBank","Red Mask"],"potions_floor_usage":[5,8,16,18,24,24,25,36,46,50,50],"damage_taken":[{"damage":0,"enemies":"Cultist","floor":1,"turns":4},{"damage":0,"enemies":"Jaw Worm","floor":2,"turns":4},{"damage":0,"enemies":"Small Slimes","floor":3,"turns":3},{"damage":3,"enemies":"Looter","floor":4,"turns":3},{"damage":19,"enemies":"Lots of Slimes","floor":5,"turns":6},{"damage":10,"enemies":"Gremlin Nob","floor":6,"turns":4},{"damage":24,"enemies":"Lagavulin","floor":8,"turns":6},{"damage":1,"enemies":"Blue Slaver","floor":11,"turns":3},{"damage":0,"enemies":"2 Fungi Beasts","floor":13,"turns":4},{"damage":20,"enemies":"The Guardian","floor":16,"turns":9},{"damage":5,"enemies":"3 Byrds","floor":18,"turns":7},{"damage":13,"enemies":"Chosen","floor":20,"turns":6},{"damage":35,"enemies":"Book of Stabbing","floor":24,"turns":7},{"damage":11,"enemies":"Centurion and Healer","floor":25,"turns":7},{"damage":19,"enemies":"Snake Plant","floor":30,"turns":3},{"damage":20,"enemies":"Shelled Parasite and Fungi","floor":31,"turns":7},{"damage":53,"enemies":"Automaton","floor":33,"turns":9},{"damage":6,"enemies":"Orb Walker","floor":35,"turns":4},{"damage":12,"enemies":"3 Darklings","floor":36,"turns":7},{"damage":14,"enemies":"Transient","floor":37,"turns":5},{"damage":11,"enemies":"Sphere and 2 Shapes","floor":41,"turns":7},{"damage":8,"enemies":"4 Shapes","floor":44,"turns":5},{"damage":0,"enemies":"3 Darklings","floor":46,"turns":5},{"damage":5,"enemies":"Maw","floor":48,"turns":6},{"damage":65,"enemies":"Time Eater","floor":50,"turns":13}],"seed_played":"8059636784790656776","potions_obtained":[{"floor":3,"key":"Dexterity Potion"},{"floor":6,"key":"EssenceOfSteel"},{"floor":11,"key":"PowerPotion"},{"floor":13,"key":"Weak Potion"},{"floor":16,"key":"Poison Potion"},{"floor":20,"key":"EssenceOfSteel"},{"floor":24,"key":"GhostInAJar"},{"floor":33,"key":"SkillPotion"},{"floor":37,"key":"Regen Potion"},{"floor":44,"key":"Dexterity Potion"},{"floor":48,"key":"FearPotion"}],"is_trial":false,"path_per_floor":["M","M","M","M","M","E","R","E","T","?","M","R","M","?","R","B",null,"M","?","M","?","?","R","E","M","T","R","?","$","M","M","R","B",null,"M","M","M","?","$","R","M","R","T","M","R","M","?","M","R","B",null],"character_chosen":"THE_SILENT","items_purchased":["Catalyst","Infinite Blades","Lee\u0027s Waffle","Lantern","Poisoned Stab"],"campfire_rested":9,"item_purchase_floors":[29,29,29,39,39],"current_hp_per_floor":[70,70,70,67,48,38,59,35,35,35,34,55,55,55,70,50,70,65,65,52,52,52,70,35,24,24,45,45,77,58,38,61,8,77,71,59,45,45,45,66,55,73,73,65,65,65,65,60,73,23],"gold":59,"neow_bonus":"ONE_RARE_RELIC","is_prod":false,"is_daily":false,"chose_seed":false,"campfire_upgraded":1,"win_rate":0,"timestamp":1551121501,"path_taken":["M","?","M","M","M","E","R","E","T","?","M","R","?","?","R","BOSS","M","?","?","?","?","R","E","M","T","R","?","?","M","?","R","BOSS","M","M","M","?","$","R","M","R","T","M","R","M","?","M","R","BOSS"],"build_version":"2019-01-23","purchased_purges":1,"victory":true,"max_hp_per_floor":[70,70,70,70,70,70,70,70,70,70,70,70,70,70,70,70,70,70,70,70,70,70,70,70,70,70,70,70,77,77,77,77,77,77,77,77,77,73,73,73,73,73,73,73,73,73,73,73,73,73],"card_choices":[{"not_picked":["Prepared","Expertise"],"picked":"Bouncing Flask","floor":1},{"not_picked":["Slice","Bouncing Flask"],"picked":"Heel Hook","floor":2},{"not_picked":["Riddle With Holes","Predator"],"picked":"Skewer","floor":3},{"not_picked":["Setup","Distraction"],"picked":"Blade Dance","floor":4},{"not_picked":["Predator","Tactician"],"picked":"PiercingWail","floor":5},{"not_picked":["Leg Sweep","Night Terror"],"picked":"Terror","floor":6},{"not_picked":["Slice","Eviscerate"],"picked":"Bane","floor":8},{"not_picked":["Dagger Spray","Flechettes"],"picked":"Cloak And Dagger","floor":11},{"not_picked":["Dagger Spray","Sucker Punch"],"picked":"Prepared","floor":13},{"not_picked":["Tools of the Trade","Die Die Die"],"picked":"Envenom","floor":16},{"not_picked":["Flechettes","Quick Slash"],"picked":"Cloak And Dagger+1","floor":18},{"not_picked":["Backflip","Deadly Poison"],"picked":"Blur","floor":20},{"not_picked":["Deflect+1","Setup+1"],"picked":"Cloak And Dagger+1","floor":24},{"not_picked":["All Out Attack+1","Escape Plan"],"picked":"Flying Knee","floor":25},{"not_picked":["Deadly Poison","Bane","Dagger Throw"],"picked":"SKIP","floor":30},{"not_picked":["Deadly Poison","Dagger Throw"],"picked":"Bane","floor":30},{"not_picked":["Dagger Spray","Predator"],"picked":"Infinite Blades+1","floor":31},{"not_picked":["A Thousand Cuts","Glass Knife"],"picked":"Corpse Explosion","floor":33},{"not_picked":["Dagger Throw+1","Underhanded Strike+1"],"picked":"Prepared","floor":35},{"not_picked":["Deflect","Choke"],"picked":"Dodge and Roll+1","floor":36},{"not_picked":["Flying Knee","Dagger Spray"],"picked":"Footwork+1","floor":37},{"not_picked":["Deflect","Terror+1","Reflex"],"picked":"SKIP","floor":41},{"not_picked":["Infinite Blades+1","Backflip"],"picked":"Outmaneuver+1","floor":44},{"not_picked":["Infinite Blades","Dagger Spray","Skewer"],"picked":"SKIP","floor":46},{"not_picked":["Infinite Blades","Skewer"],"picked":"Reflex+1","floor":48},{"not_picked":["Cloak And Dagger","Setup+1"],"picked":"Dodge and Roll","floor":49}],"player_experience":389537,"relics_obtained":[{"floor":6,"key":"StoneCalendar"},{"floor":8,"key":"Kunai"},{"floor":9,"key":"Matryoshka"},{"floor":24,"key":"Potion Belt"},{"floor":26,"key":"Vajra"},{"floor":26,"key":"Anchor"},{"floor":43,"key":"Dream Catcher"},{"floor":43,"key":"MawBank"}],"event_choices":[{"damage_healed":0,"gold_gain":100,"player_choice":"Pray","damage_taken":0,"max_hp_gain":0,"max_hp_loss":0,"event_name":"Golden Shrine","floor":10,"gold_loss":0},{"damage_healed":0,"gold_gain":0,"player_choice":"Searched \u00271\u0027 times","damage_taken":0,"relics_obtained":["Snake Skull"],"max_hp_gain":0,"max_hp_loss":0,"event_name":"Dead Adventurer","floor":14,"gold_loss":0},{"damage_healed":0,"gold_gain":0,"player_choice":"0 cards matched","damage_taken":0,"max_hp_gain":0,"max_hp_loss":0,"event_name":"Match and Keep!","floor":19,"gold_loss":0,"cards_obtained":[]},{"damage_healed":0,"gold_gain":0,"player_choice":"Opened","damage_taken":0,"relics_obtained":["Nunchaku"],"max_hp_gain":0,"max_hp_loss":0,"event_name":"The Mausoleum","floor":21,"gold_loss":0},{"damage_healed":0,"gold_gain":0,"player_choice":"Ignored","damage_taken":0,"max_hp_gain":0,"max_hp_loss":0,"event_name":"Cursed Tome","floor":22,"gold_loss":0},{"damage_healed":0,"gold_gain":0,"player_choice":"Ignored","damage_taken":0,"max_hp_gain":0,"max_hp_loss":0,"event_name":"Ghosts","floor":28,"gold_loss":0},{"damage_healed":0,"gold_gain":0,"player_choice":"Max HP","damage_taken":0,"max_hp_gain":0,"max_hp_loss":4,"event_name":"Winding Halls","floor":38,"gold_loss":0},{"damage_healed":0,"gold_gain":0,"player_choice":"Paid","damage_taken":0,"relics_obtained":["Red Mask"],"max_hp_gain":0,"max_hp_loss":0,"event_name":"Tomb of Lord Red Mask","floor":47,"gold_loss":109}],"is_beta":false,"boss_relics":[{"not_picked":["Ectoplasm","Orrery"],"picked":"WristBlade"},{"not_picked":["Runic Dome","Black Star"],"picked":"Ring of the Serpent"}],"items_purged_floors":[39],"is_endless":false,"potions_floor_spawned":[3,6,11,13,16,20,24,33,37,44,48],"ascension_level":2}