{"gold_per_floor":[113,113,113,213,223,223,523,523,547,581,29,59,59,77,77,174,174,188],"floor_reached":18,"playtime":545,"items_purged":["Strike_B"],"score":269,"play_id":"17890c3e-0f17-49ee-9731-081dd72cac19","local_time":"20181221205731","is_ascension_mode":true,"campfire_choices":[{"data":"Zap","floor":6,"key":"SMITH"},{"data":"Sweeping Beam","floor":8,"key":"SMITH"},{"data":"Barrage","floor":13,"key":"SMITH"},{"data":"Dualcast","floor":15,"key":"SMITH"}],"neow_cost":"NONE","seed_source_timestamp":44650020647500,"circlet_count":0,"master_deck":["AscendersBane","Zap+1","Dualcast+1","Self Repair","Sweeping Beam+1","FTL","Barrage+1","Echo Form","Tempest","Fusion","Melter","Tempest","Doom and Gloom","Sunder"],"relics":["Cracked Core","Centennial Puzzle","Old Coin","Strawberry","Ornamental Fan","Cables","Membership Card","Bronze Scales","Pandora\u0027s Box"],"potions_floor_usage":[16,16],"damage_taken":[{"damage":3,"enemies":"Jaw Worm","floor":1,"turns":4},{"damage":2,"enemies":"2 Louse","floor":5,"turns":2},{"damage":18,"enemies":"Gremlin Nob","floor":10,"turns":3},{"damage":14,"enemies":"Lagavulin","floor":12,"turns":6},{"damage":0,"enemies":"Cultist","floor":14,"turns":3},{"damage":10,"enemies":"Hexaghost","floor":16,"turns":9},{"damage":27,"enemies":"Shell Parasite","floor":18,"turns":3}],"seed_played":"-1965672440041631907","potions_obtained":[{"floor":12,"key":"Dexterity Potion"},{"floor":14,"key":"SpeedPotion"},{"floor":16,"key":"Weak Potion"}],"is_trial":false,"path_per_floor":["M","?","?","?","M","R","T","R","T","E","$","E","R","M","R","B",null,"M"],"character_chosen":"DEFECT","items_purchased":["Cables","FTL","Membership Card"],"campfire_rested":0,"item_purchase_floors":[11,11,11],"current_hp_per_floor":[65,58,43,43,41,41,41,41,48,30,30,23,23,30,30,27,68,48],"gold":188,"neow_bonus":"REMOVE_CARD","is_prod":false,"is_daily":false,"chose_seed":false,"campfire_upgraded":4,"win_rate":0,"timestamp":1545422251,"path_taken":["M","?","?","?","?","R","?","R","T","E","$","E","R","M","R","BOSS","M"],"build_version":"2018-12-20","purchased_purges":1,"victory":false,"max_hp_per_floor":[75,75,75,75,75,75,75,75,82,82,82,82,82,82,82,82,82,82],"card_choices":[{"not_picked":["Stack","Steam"],"picked":"Self Repair","floor":1},{"not_picked":["Go for the Eyes","Tempest"],"picked":"Sweeping Beam","floor":5},{"not_picked":["Self Repair","Reprogram","BootSequence"],"picked":"SKIP","floor":10},{"not_picked":["Tempest","Scrape"],"picked":"Barrage","floor":12},{"not_picked":["Redo","Compile Driver","Doom and Gloom"],"picked":"SKIP","floor":14},{"not_picked":["Fission","Buffer"],"picked":"Echo Form","floor":16}],"player_experience":307027,"relics_obtained":[{"floor":7,"key":"Old Coin"},{"floor":9,"key":"Strawberry"},{"floor":10,"key":"Ornamental Fan"},{"floor":12,"key":"Bronze Scales"}],"event_choices":[{"damage_healed":0,"gold_gain":0,"player_choice":"Success","damage_taken":7,"relics_obtained":["Centennial Puzzle"],"max_hp_gain":0,"max_hp_loss":0,"event_name":"Scrap Ooze","floor":2,"gold_loss":0},{"damage_healed":0,"gold_gain":0,"player_choice":"Entered Light","damage_taken":15,"max_hp_gain":0,"max_hp_loss":0,"event_name":"Shining Light","floor":3,"gold_loss":0,"cards_upgraded":["Defend_B","Strike_B"]},{"damage_healed":0,"gold_gain":100,"player_choice":"Pray","damage_taken":0,"max_hp_gain":0,"max_hp_loss":0,"event_name":"Golden Shrine","floor":4,"gold_loss":0}],"is_beta":false,"boss_relics":[{"not_picked":["Black Star","Astrolabe"],"picked":"Pandora\u0027s Box"}],"items_purged_floors":[11],"is_endless":false,"potions_floor_spawned":[12,14,16],"killed_by":"Shell Parasite","ascension_level":12}