{"gold_per_floor":[114,128,144,154,74,74,88,88,88,98,123,123,135,149,149,248,248,267,67,83,8,8,8,22,34,57,57,69,69,69,88,88,193,193,209,227,227,147,164,164,184,212,212,212,227,327,327,339,339,339],"floor_reached":51,"playtime":2196,"items_purged":["Strike_B","Hyperbeam"],"score":966,"play_id":"600e1dea-7c56-4517-9c3e-52783448023e","local_time":"20181219151325","is_ascension_mode":true,"campfire_choices":[{"data":"Capacitor","floor":6,"key":"SMITH"},{"data":"Defragment","floor":8,"key":"SMITH"},{"data":"Defragment","floor":12,"key":"SMITH"},{"data":"Zap","floor":15,"key":"SMITH"},{"data":"Defragment","floor":23,"key":"SMITH"},{"data":"Barrage","floor":27,"key":"SMITH"},{"data":"FTL","floor":29,"key":"SMITH"},{"data":"Defragment","floor":32,"key":"SMITH"},{"floor":40,"key":"REST"},{"floor":44,"key":"REST"},{"floor":47,"key":"REST"},{"data":"Dualcast","floor":49,"key":"SMITH"}],"neow_cost":"NONE","seed_source_timestamp":151853841541300,"circlet_count":0,"master_deck":["Defend_B","Defend_B","Defend_B","Defend_B","Zap+1","Dualcast+1","Defragment+1","Defragment+1","Glacier","Capacitor+1","FTL+1","Cold Snap","Cold Snap","Glacier+1","Coolheaded+1","Coolheaded+1","Defragment+1","Discovery+1","Chaos+1","Writhe","Redo+1","Barrage+1","Hologram+1","Tempest+1","Defragment+1","Buffer","Hologram+1","Chaos+1","Barrage+1","Chaos+1"],"relics":["Cracked Core","The Courier","Toxic Egg 2","Velvet Choker","Omamori","Bag of Marbles","Philosopher\u0027s Stone","Pen Nib","Darkstone Periapt"],"potions_floor_usage":[28,41,50,50,50],"damage_taken":[{"damage":0,"enemies":"Cultist","floor":1,"turns":4},{"damage":0,"enemies":"Jaw Worm","floor":2,"turns":3},{"damage":2,"enemies":"2 Louse","floor":3,"turns":2},{"damage":8,"enemies":"Large Slime","floor":4,"turns":8},{"damage":3,"enemies":"Red Slaver","floor":7,"turns":4},{"damage":9,"enemies":"Exordium Wildlife","floor":10,"turns":7},{"damage":10,"enemies":"Lagavulin","floor":11,"turns":7},{"damage":6,"enemies":"3 Louse","floor":13,"turns":5},{"damage":12,"enemies":"2 Fungi Beasts","floor":14,"turns":4},{"damage":0,"enemies":"Hexaghost","floor":16,"turns":13},{"damage":0,"enemies":"Spheric Guardian","floor":18,"turns":3},{"damage":6,"enemies":"2 Thieves","floor":20,"turns":5},{"damage":3,"enemies":"Chosen and Byrds","floor":24,"turns":9},{"damage":0,"enemies":"Snake Plant","floor":25,"turns":5},{"damage":0,"enemies":"Snecko","floor":28,"turns":7},{"damage":12,"enemies":"Cultist and Chosen","floor":31,"turns":7},{"damage":10,"enemies":"Collector","floor":33,"turns":9},{"damage":0,"enemies":"3 Shapes","floor":35,"turns":5},{"damage":0,"enemies":"Orb Walker","floor":36,"turns":4},{"damage":30,"enemies":"Transient","floor":39,"turns":5},{"damage":22,"enemies":"Jaw Worm Horde","floor":41,"turns":4},{"damage":27,"enemies":"Nemesis","floor":42,"turns":11},{"damage":1,"enemies":"Maw","floor":45,"turns":8},{"damage":0,"enemies":"Sphere and 2 Shapes","floor":48,"turns":5},{"damage":16,"enemies":"Donu and Deca","floor":50,"turns":9}],"seed_played":"700400506803224494","potions_obtained":[{"floor":1,"key":"Dexterity Potion"},{"floor":7,"key":"Poison Potion"},{"floor":11,"key":"SpeedPotion"},{"floor":14,"key":"Block Potion"},{"floor":18,"key":"Regen Potion"},{"floor":31,"key":"SteroidPotion"},{"floor":35,"key":"FocusPotion"},{"floor":45,"key":"Dexterity Potion"}],"is_trial":false,"path_per_floor":["M","M","M","M","$","R","M","R","T","M","E","R","M","M","R","B",null,"M","$","M","?","?","R","M","M","T","R","M","R","?","M","R","B",null,"M","M","?","$","M","R","M","E","T","R","M","?","R","M","R","B",null],"character_chosen":"DEFECT","items_purchased":["FTL","Cold Snap","Defragment","Discovery+1"],"campfire_rested":3,"item_purchase_floors":[5,5,19,19],"current_hp_per_floor":[68,68,66,58,58,58,55,55,55,46,36,36,30,18,18,18,61,61,61,55,55,55,55,52,52,52,52,67,67,67,55,55,45,68,68,68,68,68,38,60,38,11,11,33,32,32,54,54,54,38],"gold":339,"neow_bonus":"THREE_CARDS","is_prod":false,"is_daily":false,"chose_seed":false,"campfire_upgraded":9,"win_rate":0,"timestamp":1545228805,"path_taken":["M","M","M","M","?","R","M","R","T","M","E","R","M","?","R","BOSS","M","$","M","?","?","R","M","M","T","R","M","R","?","M","R","BOSS","M","M","?","$","M","R","M","E","T","R","M","?","R","M","R","BOSS"],"build_version":"2018-12-13","purchased_purges":2,"victory":true,"max_hp_per_floor":[75,75,75,75,75,75,75,75,75,75,75,75,75,75,75,75,75,75,75,75,75,75,75,75,75,75,75,75,75,75,75,75,75,75,75,75,75,75,75,75,75,75,75,75,75,75,75,75,75,75],"card_choices":[{"not_picked":["Barrage","Compile Driver"],"picked":"Defragment","floor":0},{"not_picked":["Steam Power","Gash","Compile Driver"],"picked":"SKIP","floor":1},{"not_picked":["Sunder","Streamline"],"picked":"Defragment","floor":2},{"not_picked":["Chaos","Fusion"],"picked":"Glacier","floor":3},{"not_picked":["Coolheaded","Steam"],"picked":"Capacitor","floor":4},{"not_picked":["Storm","Steam","Hologram"],"picked":"SKIP","floor":7},{"not_picked":["Static Discharge","Leap"],"picked":"Cold Snap","floor":10},{"not_picked":["Cold Snap","Beam Cell"],"picked":"Glacier","floor":11},{"not_picked":["Sweeping Beam","Rebound"],"picked":"Coolheaded+1","floor":13},{"not_picked":["Beam Cell","Ball Lightning","Reprogram+1"],"picked":"SKIP","floor":14},{"not_picked":["Leap+1","Stack+1"],"picked":"Coolheaded+1","floor":18},{"not_picked":["Reinforced Body+1","Streamline"],"picked":"Chaos+1","floor":20},{"not_picked":["Biased Cognition","White Noise+1"],"picked":"Redo+1","floor":24},{"not_picked":["Turbo+1","Stack+1"],"picked":"Barrage","floor":25},{"not_picked":["Static Discharge","Steam+1"],"picked":"Hologram+1","floor":28},{"not_picked":["Go for the Eyes","Coolheaded+1"],"picked":"Defragment","floor":31},{"not_picked":["Hyperbeam","Machine Learning"],"picked":"Buffer","floor":33},{"not_picked":["Compile Driver+1","Beam Cell+1"],"picked":"Hologram+1","floor":35},{"not_picked":["Hologram+1","Go for the Eyes"],"picked":"Chaos+1","floor":36},{"not_picked":["Barrage","Beam Cell","Stack+1"],"picked":"SKIP","floor":39},{"not_picked":["Aggregate+1","Turbo+1","Lockon+1"],"picked":"SKIP","floor":41},{"not_picked":["Rebound+1","Ball Lightning","Rainbow+1"],"picked":"SKIP","floor":42},{"not_picked":["Scrape","Cold Snap+1"],"picked":"Barrage+1","floor":45},{"not_picked":["Hologram+1","Streamline"],"picked":"Chaos+1","floor":48}],"player_experience":280622,"relics_obtained":[{"floor":9,"key":"The Courier"},{"floor":11,"key":"Toxic Egg 2"},{"floor":26,"key":"Bag of Marbles"},{"floor":42,"key":"Pen Nib"},{"floor":43,"key":"Darkstone Periapt"}],"event_choices":[{"cards_removed":["Strike_B"],"damage_healed":0,"gold_gain":0,"player_choice":"Gave Gold","damage_taken":0,"max_hp_gain":0,"max_hp_loss":0,"event_name":"Beggar","floor":21,"gold_loss":75},{"damage_healed":0,"gold_gain":0,"player_choice":"Opened","damage_taken":0,"relics_obtained":["Omamori"],"max_hp_gain":0,"max_hp_loss":0,"event_name":"The Mausoleum","floor":22,"gold_loss":0,"cards_obtained":["Writhe"]},{"damage_healed":0,"gold_gain":0,"cards_transformed":["Strike_B","Strike_B"],"player_choice":"Became Test Subject","damage_taken":0,"max_hp_gain":0,"max_hp_loss":0,"event_name":"Drug Dealer","floor":30,"gold_loss":0,"cards_obtained":["Tempest","Hyperbeam"]},{"damage_healed":0,"gold_gain":0,"player_choice":"Ignored","damage_taken":0,"max_hp_gain":0,"max_hp_loss":0,"event_name":"Tomb of Lord Red Mask","floor":37,"gold_loss":0},{"damage_healed":0,"gold_gain":100,"player_choice":"Pray","damage_taken":0,"max_hp_gain":0,"max_hp_loss":0,"event_name":"Golden Shrine","floor":46,"gold_loss":0}],"is_beta":false,"boss_relics":[{"not_picked":["Astrolabe","Busted Crown"],"picked":"Velvet Choker"},{"not_picked":["Orrery","Lizard Tail"],"picked":"Philosopher\u0027s Stone"}],"items_purged_floors":[19,38],"is_endless":false,"potions_floor_spawned":[1,7,11,14,18,24,31,35,45,48],"ascension_level":6}