{"gold_per_floor":[114,114,126,138,174,186,241,253,288,321,348,360,21,54,54,149,149,162,178,201,73,123,123,139,139,139,170,191,191,232,7,7,103,103,123,144,144,144,144],"floor_reached":39,"playtime":1575,"items_purged":["Defend_B","Strike_B"],"score":800,"play_id":"463d9687-fea4-4fec-b05c-4eae826f83ff","local_time":"20181227104730","is_ascension_mode":true,"campfire_choices":[{"data":"Zap","floor":6,"key":"SMITH"},{"data":"Dualcast","floor":8,"key":"SMITH"},{"data":"Capacitor","floor":12,"key":"SMITH"},{"data":"Consume","floor":15,"key":"SMITH"},{"data":"Echo Form","floor":23,"key":"SMITH"},{"data":"Self Repair","floor":25,"key":"SMITH"},{"data":"Loop","floor":29,"key":"SMITH"},{"data":"Coolheaded","floor":32,"key":"SMITH"}],"neow_cost":"NONE","seed_source_timestamp":525537511257200,"circlet_count":0,"master_deck":["AscendersBane","Strike_B","Strike_B","Defend_B","Defend_B","Zap+1","Dualcast+1","Glacier","Coolheaded+1","Capacitor+1","Cold Snap","Core Surge","Conserve Battery","Self Repair+1","Consume+1","Electrodynamics","BootSequence","Compile Driver","Echo Form+1","Leap","Cold Snap","Turbo","Loop+1","Cold Snap","Amplify","Panacea","Thinking Ahead","Madness","Madness"],"relics":["Cracked Core","NeowsBlessing","MawBank","Golden Idol","Blood Vial","DataDisk","Gambling Chip","Empty Cage","Pocketwatch","Smiling Mask","Red Mask","Lantern","Cursed Key"],"potions_floor_usage":[14,19,27],"damage_taken":[{"damage":0,"enemies":"2 Louse","floor":1,"turns":1},{"damage":0,"enemies":"Jaw Worm","floor":5,"turns":1},{"damage":0,"enemies":"3 Sentries","floor":7,"turns":1},{"damage":0,"enemies":"Small Slimes","floor":10,"turns":3},{"damage":11,"enemies":"Blue Slaver","floor":11,"turns":3},{"damage":0,"enemies":"Lagavulin","floor":14,"turns":7},{"damage":13,"enemies":"Hexaghost","floor":16,"turns":13},{"damage":9,"enemies":"Shell Parasite","floor":18,"turns":6},{"damage":0,"enemies":"Chosen","floor":19,"turns":4},{"damage":9,"enemies":"Snake Plant","floor":20,"turns":5},{"damage":11,"enemies":"Snecko","floor":24,"turns":6},{"damage":19,"enemies":"Slavers","floor":27,"turns":5},{"damage":3,"enemies":"Centurion and Healer","floor":28,"turns":5},{"damage":2,"enemies":"Masked Bandits","floor":30,"turns":2},{"damage":20,"enemies":"Collector","floor":33,"turns":11},{"damage":0,"enemies":"3 Shapes","floor":35,"turns":2},{"damage":24,"enemies":"3 Darklings","floor":36,"turns":5},{"damage":47,"enemies":"Jaw Worm Horde","floor":39,"turns":3}],"seed_played":"2806721362656128775","potions_obtained":[{"floor":1,"key":"Poison Potion"},{"floor":7,"key":"Poison Potion"},{"floor":11,"key":"Fire Potion"},{"floor":16,"key":"Fire Potion"},{"floor":28,"key":"SteroidPotion"},{"floor":33,"key":"SteroidPotion"},{"floor":36,"key":"Ancient Potion"}],"is_trial":false,"path_per_floor":["M","?","?","?","M","R","E","R","T","M","M","R","$","E","R","B",null,"M","M","M","$","?","R","M","R","T","E","M","R","?","$","R","B",null,"M","M","?","?","M"],"character_chosen":"DEFECT","items_purchased":["Core Surge","Conserve Battery","Self Repair","Echo Form","Leap","Lantern","Cold Snap"],"campfire_rested":0,"item_purchase_floors":[13,13,13,21,21,31,31],"current_hp_per_floor":[64,64,64,57,57,57,57,57,57,59,50,50,50,59,59,55,62,62,64,62,62,62,62,60,60,60,43,52,52,52,52,52,54,62,64,60,55,43,0],"gold":144,"neow_bonus":"THREE_ENEMY_KILL","is_prod":false,"is_daily":false,"chose_seed":false,"campfire_upgraded":8,"win_rate":0,"timestamp":1545904050,"path_taken":["M","?","?","?","M","R","E","R","T","M","M","R","?","E","R","BOSS","M","M","M","$","?","R","?","R","T","E","M","R","?","?","R","BOSS","M","M","?","?","M"],"build_version":"2018-12-20","purchased_purges":2,"victory":false,"max_hp_per_floor":[71,71,64,64,64,64,64,64,64,64,64,64,64,64,64,64,64,64,64,64,64,64,64,64,64,64,64,64,64,64,64,64,64,64,64,64,64,64,64],"card_choices":[{"not_picked":["Recycle","Fusion"],"picked":"Glacier","floor":1},{"not_picked":["Hologram","Turbo"],"picked":"Coolheaded","floor":5},{"not_picked":["Stack","Double Energy"],"picked":"Capacitor","floor":7},{"not_picked":["Gash","Chaos","Rainbow"],"picked":"SKIP","floor":10},{"not_picked":["Hologram","Gash"],"picked":"Cold Snap","floor":11},{"not_picked":["Aggregate","Cold Snap"],"picked":"Consume","floor":14},{"not_picked":["Buffer","Core Surge"],"picked":"Electrodynamics","floor":16},{"not_picked":["Leap","Sweeping Beam"],"picked":"BootSequence","floor":18},{"not_picked":["Aggregate","Genetic Algorithm","Streamline"],"picked":"SKIP","floor":19},{"not_picked":["Streamline","Multi-Cast"],"picked":"Compile Driver","floor":20},{"not_picked":["Rebound","Compile Driver"],"picked":"Cold Snap","floor":24},{"not_picked":["Ball Lightning","Machine Learning"],"picked":"Turbo","floor":27},{"not_picked":["Rip and Tear","Cold Snap"],"picked":"Loop","floor":28},{"not_picked":["Thunder Strike","Creative AI"],"picked":"Amplify","floor":33},{"not_picked":["Stack","Compile Driver","Static Discharge"],"picked":"SKIP","floor":35},{"not_picked":["Sweeping Beam","Streamline","Gash+1"],"picked":"SKIP","floor":36},{"not_picked":["Mayhem","Magnetism"],"picked":"Panacea","floor":37},{"not_picked":["HandOfGreed","Dark Shackles"],"picked":"Thinking Ahead","floor":37}],"player_experience":319786,"relics_obtained":[{"floor":7,"key":"Blood Vial"},{"floor":9,"key":"DataDisk"},{"floor":14,"key":"Gambling Chip"},{"floor":26,"key":"Pocketwatch"},{"floor":27,"key":"Smiling Mask"},{"floor":30,"key":"Red Mask"}],"event_choices":[{"damage_healed":0,"gold_gain":0,"player_choice":"Box","damage_taken":0,"relics_obtained":["MawBank"],"max_hp_gain":0,"max_hp_loss":0,"event_name":"Big Fish","floor":2,"gold_loss":0,"cards_obtained":["Regret"]},{"damage_healed":0,"gold_gain":0,"player_choice":"Lose Max HP","damage_taken":0,"relics_obtained":["Golden Idol"],"max_hp_gain":0,"max_hp_loss":7,"event_name":"Golden Idol","floor":3,"gold_loss":0},{"cards_removed":["Regret"],"damage_healed":0,"gold_gain":0,"player_choice":"Card Removal","damage_taken":7,"max_hp_gain":0,"max_hp_loss":0,"event_name":"Golden Wing","floor":4,"gold_loss":0},{"damage_healed":0,"gold_gain":50,"player_choice":"Pray","damage_taken":0,"max_hp_gain":0,"max_hp_loss":0,"event_name":"Golden Shrine","floor":22,"gold_loss":0},{"damage_healed":0,"gold_gain":0,"player_choice":"Fought Bandits","damage_taken":0,"max_hp_gain":0,"max_hp_loss":0,"event_name":"Masked Bandits","floor":30,"gold_loss":0},{"damage_healed":0,"gold_gain":0,"player_choice":"Memory 2","damage_taken":5,"max_hp_gain":0,"max_hp_loss":0,"event_name":"SensoryStone","floor":37,"gold_loss":0},{"damage_healed":0,"gold_gain":0,"player_choice":"Embrace Madness","damage_taken":12,"max_hp_gain":0,"max_hp_loss":0,"event_name":"Winding Halls","floor":38,"gold_loss":0,"cards_obtained":["Madness","Madness"]}],"is_beta":false,"boss_relics":[{"not_picked":["Ectoplasm","White Beast Statue"],"picked":"Empty Cage"},{"not_picked":["Philosopher\u0027s Stone","Orrery"],"picked":"Cursed Key"}],"items_purged_floors":[13,31],"is_endless":false,"potions_floor_spawned":[1,7,11,16,18,28,33,36],"killed_by":"Jaw Worm Horde","ascension_level":15}