{"path_per_floor":["M","M","?","M","?","E","M","M","T","M","R","?","E","M","R","B",null,"M","?","M","?","M","E","R","M","T","E","R","?","?","M","R","B",null,"M","?","M","M","M","M","$","M","T","M","E","M","E","?","R","B"],"character_chosen":"DEFECT","items_purchased":["Storm","Bird Faced Urn","Bottled Flame"],"gold_per_floor":[113,131,231,249,249,281,298,318,318,333,333,333,368,386,386,487,487,501,532,542,542,558,587,587,607,607,633,633,633,633,645,645,750,750,764,764,782,796,812,829,131,146,146,161,188,203,234,234,234,234],"floor_reached":51,"campfire_rested":2,"playtime":3241,"item_purchase_floors":[41,41,41],"current_hp_per_floor":[73,73,73,73,73,46,39,39,39,31,31,31,22,13,35,16,75,75,61,53,53,39,23,23,18,32,22,48,48,31,34,34,20,94,94,100,74,81,82,82,82,86,92,72,41,67,73,106,106,41],"items_purged":["Normality"],"gold":234,"score":790,"play_id":"865a2a1c-872a-4a33-b079-20cfc6a3111c","local_time":"20180620022010","is_prod":false,"is_daily":false,"chose_seed":false,"is_ascension_mode":false,"campfire_upgraded":4,"win_rate":0,"timestamp":1529454010,"campfire_choices":[{"data":"Biased Cognition","floor":11.0,"key":"SMITH"},{"floor":15.0,"key":"REST"},{"data":"Echo Form","floor":24.0,"key":"SMITH"},{"floor":28.0,"key":"REST"},{"data":"Force Field","floor":32.0,"key":"SMITH"},{"data":"Storm","floor":49,"key":"SMITH"}],"path_taken":["M","M","?","?","?","E","M","M","T","M","R","?","E","M","R","BOSS","M","?","M","?","M","E","R","M","T","E","R","?","?","?","R","BOSS","M","?","M","M","M","M","$","M","T","M","E","M","E","?","R","BOSS"],"build_version":"2018-06-14v2","seed_source_timestamp":0,"purchased_purges":1,"victory":true,"master_deck":["Strike_B","Strike_B","Strike_B","Defend_B","Defend_B","Defend_B","Defend_B","Zap","Dualcast","FTL","Force Field+1","Streamline","Biased Cognition+1","Reprogram+1","Electrodynamics","Echo Form+1","Self Repair","Reboot+1","Consume+1","White Noise+1","Tempest+1","Capacitor+1","Storm+1","Storm","FTL+1","Decay","Static Discharge+1","Loop+1","Writhe"],"max_hp_per_floor":[75,75,75,75,75,75,75,75,75,75,75,75,75,75,75,75,75,75,75,75,75,75,75,75,75,89,89,89,89,94,94,94,94,94,94,100,100,100,100,100,100,100,106,106,106,106,106,112,112,112],"special_seed":0,"relics":["Cracked Core","Lantern","Boot","Toxic Egg 2","Gremlin Horn","Nuclear Battery","Red Mask","Darkstone Periapt","Mango","Turnip","Cursed Key","Calipers","Bird Faced Urn","Bottled Flame","Frozen Egg 2","Orichalcum","Happy Flower"],"card_choices":[{"not_picked":["Go for the Eyes","Rebound"],"picked":"FTL","floor":1.0},{"not_picked":["Gash","Undo","Stack"],"picked":"SKIP","floor":2.0},{"not_picked":["Hello World","Cold Snap"],"picked":"Force Field","floor":4.0},{"not_picked":["Compile Driver","Hello World","Rebound"],"picked":"SKIP","floor":6.0},{"not_picked":["Rip and Tear","Stack"],"picked":"Streamline","floor":7.0},{"not_picked":["Hologram","Hello World","Go for the Eyes"],"picked":"SKIP","floor":8.0},{"not_picked":["Hologram+1","Barrage"],"picked":"Biased Cognition","floor":10.0},{"not_picked":["Self Repair","Compile Driver"],"picked":"Echo Form","floor":13.0},{"not_picked":["Glacier+1","Stack+1"],"picked":"Self Repair","floor":14.0},{"not_picked":["Electrodynamics","All For One"],"picked":"Reboot+1","floor":16.0},{"not_picked":["Go for the Eyes+1","Compile Driver","Chaos+1"],"picked":"SKIP","floor":18.0},{"not_picked":["Blizzard","Leap+1"],"picked":"Consume+1","floor":20.0},{"not_picked":["Auto Shields+1","Streamline"],"picked":"White Noise+1","floor":22.0},{"not_picked":["Glacier+1","Streamline","Genetic Algorithm+1"],"picked":"SKIP","floor":23.0},{"not_picked":["Cold Snap","Genetic Algorithm+1"],"picked":"Tempest+1","floor":25.0},{"not_picked":["Stack+1","Conserve Battery+1","Chill+1"],"picked":"SKIP","floor":27.0},{"not_picked":["Recycle+1","Steam Power+1","Stack+1"],"picked":"SKIP","floor":31.0},{"not_picked":["Streamline","Turbo+1","Sweeping Beam+1"],"picked":"SKIP","floor":35.0},{"not_picked":["Redo+1","Stack+1","Steam+1"],"picked":"SKIP","floor":37.0},{"not_picked":["Sweeping Beam","Rebound+1"],"picked":"Capacitor+1","floor":38.0},{"not_picked":["Consume+1","Streamline","Fusion+1"],"picked":"SKIP","floor":39.0},{"not_picked":["Beam Cell+1","Rip and Tear"],"picked":"Storm","floor":40},{"not_picked":["Conserve Battery+1","Beam Cell"],"picked":"FTL+1","floor":42},{"not_picked":["Chaos+1","Go for the Eyes","Stack+1"],"picked":"SKIP","floor":44},{"not_picked":["Compile Driver+1","Conserve Battery+1","Ball Lightning"],"picked":"SKIP","floor":45},{"not_picked":["Conserve Battery+1","Rebound+1"],"picked":"Static Discharge+1","floor":46},{"not_picked":["Meteor Strike","Consume+1"],"picked":"Loop+1","floor":47}],"player_experience":359317,"potions_floor_usage":[45,50,50,50],"damage_taken":[{"damage":2.0,"enemies":"2 Louse","floor":1.0,"turns":2.0},{"damage":0.0,"enemies":"Cultist","floor":2.0,"turns":3.0},{"damage":0.0,"enemies":"Small Slimes","floor":4.0,"turns":2.0},{"damage":27.0,"enemies":"Gremlin Nob","floor":6.0,"turns":4.0},{"damage":7.0,"enemies":"Gremlin Gang","floor":7.0,"turns":4.0},{"damage":0.0,"enemies":"Blue Slaver","floor":8.0,"turns":2.0},{"damage":8.0,"enemies":"Red Slaver","floor":10.0,"turns":4.0},{"damage":9.0,"enemies":"3 Sentries","floor":13.0,"turns":3.0},{"damage":9.0,"enemies":"Exordium Thugs","floor":14.0,"turns":3.0},{"damage":26.0,"enemies":"Slime Boss","floor":16.0,"turns":7.0},{"damage":7.0,"enemies":"Shell Parasite","floor":18.0,"turns":4.0},{"damage":21.0,"floor":19.0,"turns":3.0},{"damage":15.0,"enemies":"Chosen","floor":20.0,"turns":4.0},{"damage":21.0,"enemies":"Sentry and Sphere","floor":22.0,"turns":4.0},{"damage":23.0,"enemies":"Slavers","floor":23.0,"turns":3.0},{"damage":12.0,"enemies":"Snake Plant","floor":25.0,"turns":4.0},{"damage":17.0,"enemies":"Gremlin Leader","floor":27.0,"turns":5.0},{"damage":4.0,"enemies":"3 Cultists","floor":31.0,"turns":4.0},{"damage":28.0,"enemies":"Champ","floor":33.0,"turns":9.0},{"damage":0.0,"enemies":"3 Shapes","floor":35.0,"turns":1.0},{"damage":33.0,"enemies":"Orb Walker","floor":37.0,"turns":4.0},{"damage":0.0,"enemies":"4 Shapes","floor":38.0,"turns":3.0},{"damage":6.0,"enemies":"3 Darklings","floor":39.0,"turns":3.0},{"damage":0.0,"enemies":"Sphere and 2 Shapes","floor":40.0,"turns":2.0},{"damage":17,"enemies":"Maw","floor":42,"turns":5},{"damage":39,"enemies":"4 Shapes","floor":44,"turns":5},{"damage":47,"enemies":"Nemesis","floor":45,"turns":5},{"damage":4,"enemies":"Sphere and 2 Shapes","floor":46,"turns":3},{"damage":27,"enemies":"Giant Head","floor":47,"turns":6},{"damage":105,"enemies":"Awakened One","floor":50,"turns":7}],"relics_obtained":[{"floor":6.0,"key":"Boot"},{"floor":9.0,"key":"Toxic Egg 2"},{"floor":13.0,"key":"Gremlin Horn"},{"floor":19.0,"key":"Red Mask"},{"floor":23.0,"key":"Darkstone Periapt"},{"floor":26.0,"key":"Mango"},{"floor":27.0,"key":"Turnip"},{"floor":43,"key":"Frozen Egg 2"},{"floor":45,"key":"Orichalcum"},{"floor":47,"key":"Happy Flower"}],"event_choices":[{"event_name":"Wheel of Change","player_choice":"Gold","floor":3.0,"damage_taken":0.0},{"event_name":"The Lab","player_choice":"Got Potions","floor":5.0,"damage_taken":0.0},{"event_name":"Match and Keep!","player_choice":"2 cards matched","floor":12.0,"damage_taken":0.0},{"event_name":"Masked Bandits","player_choice":"Fought over 501 gold","floor":19.0,"damage_taken":0.0},{"event_name":"Bonfire Elementals","player_choice":"BASIC","floor":21.0,"damage_taken":0.0},{"event_name":"Beggar","player_choice":"Ignored","floor":29.0,"damage_taken":0.0},{"event_name":"Forgotten Altar","player_choice":"Shed Blood","floor":30.0,"damage_taken":0.0},{"event_name":"Accursed Blacksmith","player_choice":"Rummage","floor":36.0,"damage_taken":0.0},{"event_name":"Winding Halls","player_choice":"Writhe","floor":48,"damage_taken":0}],"boss_relics":[{"not_picked":["Philosopher\u0027s Stone","Snecko Eye"],"picked":"Nuclear Battery"},{"not_picked":["Pandora\u0027s Box","Sozu"],"picked":"Cursed Key"}],"items_purged_floors":[41],"is_endless":false,"potions_floor_spawned":[1,2,6,13,16,19,22,23,33,38,40,44,46,47],"seed_played":"6525100225269337735","ascension_level":0,"potions_obtained":[{"floor":1.0,"key":"Weak Potion"},{"floor":2.0,"key":"Strength Potion"},{"floor":5.0,"key":"FocusPotion"},{"floor":5.0,"key":"LiquidBronze"},{"floor":6.0,"key":"AttackPotion"},{"floor":13.0,"key":"SmokeBomb"},{"floor":16.0,"key":"Explosive Potion"},{"floor":19.0,"key":"EssenceOfSteel"},{"floor":22.0,"key":"Weak Potion"},{"floor":23.0,"key":"Energy Potion"},{"floor":33.0,"key":"PowerPotion"},{"floor":38.0,"key":"GamblersBrew"},{"floor":40,"key":"Poison Potion"},{"floor":44,"key":"EssenceOfSteel"},{"floor":46,"key":"Weak Potion"},{"floor":47,"key":"Energy Potion"}],"is_trial":false}