{"gold_per_floor":[219,236,236,255,255,280,292,292,362,375,391,391,408,30,30,126,126,142,142,241,257,277,310,310,310,310,329,329,329,340,354,354,354],"floor_reached":33,"playtime":4226,"items_purged":["Strike_R"],"score":296,"play_id":"73d62794-b744-4303-9188-0ff0abf5f8d2","local_time":"20181110202928","is_ascension_mode":false,"campfire_choices":[{"floor":8,"key":"REST"},{"floor":15,"key":"REST"},{"data":"Dual Wield","floor":25,"key":"SMITH"},{"data":"Offering","floor":29,"key":"SMITH"},{"data":"Iron Wave","floor":32,"key":"SMITH"}],"neow_cost":"NONE","seed_source_timestamp":523643671807151,"circlet_count":0,"master_deck":["Strike_R","Strike_R","Strike_R","Strike_R","Defend_R","Defend_R","Defend_R","Bash","Dual Wield+1","Intimidate","Sword Boomerang","Uppercut+1","Inflame","Feed","Offering+1","Feed","Warcry+1","J.A.X.","Warcry+1","Whirlwind","Iron Wave+1","Infernal Blade+1","Shrug It Off+1"],"relics":["Burning Blood","Calipers","Mummified Hand","Bronze Scales","Anchor","Coffee Dripper","Juzu Bracelet","Gremlin Horn"],"potions_floor_usage":[7,13,18,21,23,27,33,33],"damage_taken":[{"damage":0,"enemies":"2 Louse","floor":1,"turns":3},{"damage":6,"enemies":"Jaw Worm","floor":2,"turns":5},{"damage":10,"enemies":"Small Slimes","floor":4,"turns":3},{"damage":41,"enemies":"Gremlin Nob","floor":6,"turns":5},{"damage":36,"enemies":"Exordium Wildlife","floor":7,"turns":7},{"damage":9,"enemies":"Blue Slaver","floor":10,"turns":4},{"damage":6,"enemies":"Red Slaver","floor":11,"turns":3},{"damage":2,"enemies":"Looter","floor":13,"turns":3},{"damage":46,"enemies":"The Guardian","floor":16,"turns":9},{"damage":17,"enemies":"3 Byrds","floor":18,"turns":4},{"damage":13,"enemies":"Spheric Guardian","floor":21,"turns":4},{"damage":15,"enemies":"3 Cultists","floor":22,"turns":4},{"damage":42,"enemies":"Book of Stabbing","floor":23,"turns":4},{"damage":13,"enemies":"Centurion and Healer","floor":27,"turns":3},{"damage":3,"enemies":"Snake Plant","floor":30,"turns":2},{"damage":16,"enemies":"Sentry and Sphere","floor":31,"turns":3},{"damage":66,"enemies":"Champ","floor":33,"turns":6}],"seed_played":"-9120026782120940250","potions_obtained":[{"floor":2,"key":"PowerPotion"},{"floor":4,"key":"Regen Potion"},{"floor":7,"key":"FearPotion"},{"floor":10,"key":"LiquidBronze"},{"floor":16,"key":"FearPotion"},{"floor":18,"key":"Weak Potion"},{"floor":21,"key":"Weak Potion"},{"floor":31,"key":"Regen Potion"}],"is_trial":false,"path_per_floor":["M","M","?","M","?","E","M","R","T","M","M","?","M","$","R","B",null,"M","?","?","M","M","E","?","R","T","M","?","R","M","M","R","B"],"character_chosen":"IRONCLAD","items_purchased":["Bronze Scales","Anchor"],"campfire_rested":2,"item_purchase_floors":[14,14],"current_hp_per_floor":[80,80,80,76,76,41,26,50,50,47,47,47,54,54,78,38,83,78,78,78,74,68,35,35,35,35,31,31,31,34,30,30,0],"gold":354,"neow_bonus":"HUNDRED_GOLD","is_prod":false,"is_daily":false,"chose_seed":false,"campfire_upgraded":3,"win_rate":0,"timestamp":1541899768,"path_taken":["M","M","?","M","?","E","M","R","T","M","M","?","M","$","R","BOSS","M","?","?","?","M","E","?","R","T","M","?","R","M","M","R","BOSS"],"build_version":"2018-11-08","purchased_purges":1,"victory":false,"max_hp_per_floor":[80,80,80,80,80,80,80,80,80,80,80,80,83,83,83,83,83,89,89,89,92,95,98,98,98,98,101,101,101,101,107,107,107],"card_choices":[{"not_picked":["Iron Wave","Sever Soul"],"picked":"Dual Wield","floor":1},{"not_picked":["Warcry","Anger"],"picked":"Intimidate","floor":2},{"not_picked":["Headbutt","Shrug It Off"],"picked":"Sword Boomerang","floor":4},{"not_picked":["Sever Soul","Metallicize"],"picked":"Uppercut","floor":6},{"not_picked":["Thunderclap","Feel No Pain"],"picked":"Inflame","floor":7},{"not_picked":["True Grit","Pommel Strike"],"picked":"Feed","floor":10},{"not_picked":["True Grit","Headbutt","Wild Strike"],"picked":"SKIP","floor":11},{"not_picked":["Bloodletting","Inflame"],"picked":"Offering","floor":13},{"not_picked":["Fiend Fire","Brutality"],"picked":"Feed","floor":16},{"not_picked":["Iron Wave","True Grit+1"],"picked":"Warcry+1","floor":18},{"not_picked":["Armaments","Body Slam","Juggernaut"],"picked":"SKIP","floor":21},{"not_picked":["Body Slam","Iron Wave"],"picked":"Warcry+1","floor":22},{"not_picked":["Carnage","Body Slam"],"picked":"Whirlwind","floor":23},{"not_picked":["Clothesline+1","Cleave"],"picked":"Infernal Blade+1","floor":27},{"not_picked":["Clothesline","Body Slam","Anger"],"picked":"SKIP","floor":30},{"not_picked":["Offering","Flex"],"picked":"Shrug It Off+1","floor":31}],"player_experience":354731,"relics_obtained":[{"floor":6,"key":"Calipers"},{"floor":9,"key":"Mummified Hand"},{"floor":23,"key":"Juzu Bracelet"},{"floor":26,"key":"Gremlin Horn"}],"event_choices":[{"damage_healed":0,"gold_gain":0,"player_choice":"Ignored","damage_taken":0,"max_hp_gain":0,"max_hp_loss":0,"event_name":"Liars Game","floor":3,"gold_loss":0},{"damage_healed":0,"gold_gain":0,"player_choice":"Ignored","damage_taken":0,"max_hp_gain":0,"max_hp_loss":0,"event_name":"Shining Light","floor":5,"gold_loss":0},{"damage_healed":0,"gold_gain":0,"player_choice":"Grow","damage_taken":0,"max_hp_gain":0,"max_hp_loss":0,"event_name":"Living Wall","floor":12,"gold_loss":0,"cards_upgraded":["Uppercut"]},{"damage_healed":0,"gold_gain":0,"player_choice":"Obtain J.A.X.","damage_taken":0,"max_hp_gain":0,"max_hp_loss":0,"event_name":"Drug Dealer","floor":19,"gold_loss":0,"cards_obtained":["J.A.X."]},{"damage_healed":0,"gold_gain":99,"player_choice":"Stole From Cult","damage_taken":0,"max_hp_gain":0,"max_hp_loss":0,"event_name":"Nest","floor":20,"gold_loss":0},{"cards_removed":["Defend_R"],"damage_healed":0,"gold_gain":0,"player_choice":"Took Card","damage_taken":0,"max_hp_gain":0,"max_hp_loss":0,"event_name":"NoteForYourself","floor":24,"gold_loss":0,"cards_obtained":["Iron Wave"]},{"damage_healed":0,"gold_gain":0,"player_choice":"Ignored","damage_taken":0,"max_hp_gain":0,"max_hp_loss":0,"event_name":"Ghosts","floor":28,"gold_loss":0}],"is_beta":true,"boss_relics":[{"not_picked":["Runic Dome","Tiny House"],"picked":"Coffee Dripper"}],"items_purged_floors":[14],"is_endless":false,"potions_floor_spawned":[2,4,7,10,16,18,21,22,31],"killed_by":"Champ","ascension_level":0}