{"path_per_floor":["M","?","$","?","M","R","?","R","T","E","M","R","M","M","R","B",null,"M","M","?","M","$","R","E","R","T","?","?","M","M","M","R","B",null,"M","$","?","?","M","R","M","E","T","E","M","?","?","M","R","B"],"character_chosen":"IRONCLAD","items_purchased":["Shuriken","Regen Potion","Lantern"],"gold_per_floor":[363,363,27,27,41,41,6,6,6,34,52,52,67,83,83,179,179,194,213,213,230,80,80,112,112,138,63,63,80,95,105,105,203,203,214,66,66,120,134,134,144,175,175,207,223,223,223,241,241,241],"floor_reached":51,"campfire_rested":2,"playtime":3323,"current_hp_per_floor":[68,68,68,61,55,55,72,72,72,39,41,41,43,49,49,26,72,69,55,39,43,43,64,61,61,61,61,61,56,65,69,69,20,72,51,51,51,49,45,66,60,73,73,77,79,89,89,89,89,60],"items_purged":["Defend_R","Defend_R"],"gold":241,"score":678,"play_id":"e149aa94-e3f6-41f0-80e6-efed75bc95e5","is_prod":false,"is_daily":false,"is_ascension_mode":false,"campfire_upgraded":7,"path_taken":["M","?","$","?","M","R","?","R","T","E","M","R","M","M","R","BOSS","M","M","?","M","$","R","E","R","T","?","?","?","M","?","R","BOSS","M","$","?","?","?","R","M","E","T","E","M","?","?","M","R","BOSS"],"build_version":"2018-02-08-PROD1","purchased_purges":3,"victory":true,"master_deck":["Strike_R","Strike_R","Strike_R","Strike_R","Strike_R","Bash+1","Perfected Strike+1","Regret","Hemokinesis+1","Dropkick","Flex","Perfected Strike+1","Necronomicurse","Perfected Strike+1","Rupture+1","Perfected Strike+1","Perfected Strike","Perfected Strike+1","Wild Strike+1"],"max_hp_per_floor":[72,72,72,72,72,72,72,72,72,72,72,72,72,72,72,72,72,72,72,72,72,72,72,72,72,72,72,72,72,72,72,72,72,72,72,72,72,72,72,72,72,79,79,79,79,89,89,89,89,89],"relics":["Burning Blood","Du-Vu Doll","Shuriken","Champion Belt","Happy Flower","Black Star","Necronomicon","Dodecahedron","Paper Frog","Bag of Marbles","White Beast Statue","Lantern","Gambling Chip","Anchor","Strawberry","Torii","Blood Vial","Regal Pillow"],"card_choices":[{"not_picked":["Searing Blow","Thunderclap"],"picked":"Perfected Strike"},{"not_picked":["Havoc","Pummel"],"picked":"Hemokinesis"},{"not_picked":["Clash","Cleave"],"picked":"Dropkick"},{"not_picked":["Warcry","Thunderclap"],"picked":"Berserk"},{"not_picked":["Impervious","Barricade"],"picked":"Reaper"},{"not_picked":["Infernal Blade","Headbutt"],"picked":"Flex"},{"not_picked":["Whirlwind","Reckless Charge"],"picked":"Perfected Strike"},{"not_picked":["Thunderclap","Body Slam"],"picked":"Perfected Strike"},{"not_picked":["Second Wind","Shrug It Off"],"picked":"Rupture"},{"not_picked":["Warcry","Anger"],"picked":"Perfected Strike"},{"not_picked":["Anger","Sword Boomerang"],"picked":"Perfected Strike"},{"not_picked":["Feel No Pain","Intimidate"],"picked":"Perfected Strike"},{"not_picked":["Headbutt","Clothesline"],"picked":"Wild Strike"}],"player_experience":130208,"potions_floor_usage":[14,16,21,24,24,31,39,44,50,50,50],"damage_taken":[{"damage":10,"enemies":"Cultist","floor":1,"turns":4},{"damage":12,"enemies":"Small Slimes","floor":5,"turns":4},{"damage":39,"enemies":"Lagavulin","floor":10,"turns":4},{"damage":4,"enemies":"2 Louse","floor":11,"turns":2},{"damage":4,"enemies":"2 Fungi Beasts","floor":13,"turns":2},{"damage":0,"enemies":"Red Slaver","floor":14,"turns":1},{"damage":29,"enemies":"Hexaghost","floor":16,"turns":7},{"damage":9,"enemies":"Spheric Guardian","floor":18,"turns":3},{"damage":25,"enemies":"2 Thieves","floor":19,"turns":3},{"damage":2,"enemies":"Snake Plant","floor":21,"turns":1},{"damage":22,"enemies":"Gremlin Leader","floor":24,"turns":3},{"damage":11,"enemies":"Centurion and Healer","floor":29,"turns":3},{"damage":8,"enemies":"Cultist and Chosen","floor":30,"turns":3},{"damage":15,"enemies":"Snake Plant","floor":31,"turns":2},{"damage":55,"enemies":"Automaton","floor":33,"turns":5},{"damage":35,"enemies":"3 Shapes","floor":35,"turns":2},{"damage":8,"enemies":"Mysterious Sphere","floor":38,"turns":2},{"damage":10,"enemies":"3 Darklings","floor":39,"turns":3},{"damage":12,"enemies":"Sphere and 2 Shapes","floor":41,"turns":2},{"damage":0,"enemies":"Nemesis","floor":42,"turns":1},{"damage":2,"enemies":"Giant Head","floor":44,"turns":3},{"damage":2,"enemies":"4 Shapes","floor":45,"turns":3},{"damage":2,"enemies":"Maw","floor":48,"turns":2},{"damage":46,"enemies":"Donu and Deca","floor":50,"turns":5}],"event_choices":[{"event_name":"Big Fish","player_choice":"Box","floor":2,"damage_taken":0},{"event_name":"Golden Wing","player_choice":"Card Removal","floor":4,"damage_taken":0},{"event_name":"The Cleric","player_choice":"Healed","floor":7,"damage_taken":0},{"event_name":"Cursed Tome","player_choice":"Obtained Book","floor":20,"damage_taken":0},{"event_name":"Beggar","player_choice":"Gave Gold","floor":27,"damage_taken":0},{"event_name":"The Lab","player_choice":"Got Potions","floor":28,"damage_taken":0},{"event_name":"Match and Keep!","player_choice":"0 cards matched","floor":37,"damage_taken":0},{"event_name":"Mysterious Sphere","player_choice":"Fight","floor":38,"damage_taken":0},{"event_name":"Bonfire Elementals","player_choice":"RARE","floor":46,"damage_taken":0}],"boss_relics":[{"not_picked":["Tiny House","Mark of Pain"],"picked":"Black Star"},{"not_picked":["Pandora\u0027s Box","Snecko Eye"],"picked":"White Beast Statue"}],"potions_floor_spawned":[11,13,14,16,18,21,33,35,38,39,41,42,44,45,48],"seed_played":"-4807496168492240814","ascension_level":0,"is_trial":false}