{"path_per_floor":["M","M","M","$","?","E","M","M","T","E"],"character_chosen":"IRONCLAD","items_purchased":["Immolate"],"gold_per_floor":[113,129,146,77,27,56,67,85,85,118,118],"floor_reached":11,"campfire_rested":0,"playtime":416,"current_hp_per_floor":[80,80,75,75,75,30,25,10,10,8,0],"items_purged":[],"gold":118,"score":85,"play_id":"39e42e32-fe1c-484b-a166-49abf1a734e2","local_time":"20180525001349","is_prod":false,"is_daily":false,"chose_seed":false,"is_ascension_mode":false,"campfire_upgraded":0,"timestamp":1527200029,"campfire_choices":[],"path_taken":["M","M","M","?","?","E","?","M","T","E","M"],"build_version":"2018-05-17","seed_source_timestamp":205370501244230,"purchased_purges":0,"victory":false,"master_deck":["Strike_R","Strike_R","Strike_R","Strike_R","Defend_R","Defend_R","Defend_R","Defend_R","Bash","Whirlwind","Pummel","Immolate","Battle Trance","Limit Break","Iron Wave"],"max_hp_per_floor":[80,80,80,80,80,80,80,80,80,80,80],"relics":["Burning Blood","Shuriken","Centennial Puzzle","Kunai"],"card_choices":[{"not_picked":["Anger","Body Slam"],"picked":"Whirlwind","floor":1},{"not_picked":["Twin Strike","Heavy Blade"],"picked":"Pummel","floor":2},{"not_picked":["Body Slam","Warcry","Sword Boomerang"],"picked":"SKIP","floor":3},{"not_picked":["Anger","Infernal Blade"],"picked":"Battle Trance","floor":6},{"not_picked":["Twin Strike","Wild Strike"],"picked":"Limit Break","floor":7},{"not_picked":["Flex","Anger","Body Slam"],"picked":"SKIP","floor":8},{"not_picked":["Pommel Strike","Disarm"],"picked":"Iron Wave","floor":10}],"player_experience":263699,"potions_floor_usage":[10],"damage_taken":[{"damage":1,"enemies":"Cultist","floor":1,"turns":3},{"damage":0,"enemies":"2 Louse","floor":2,"turns":3},{"damage":11,"enemies":"Jaw Worm","floor":3,"turns":4},{"damage":51,"enemies":"Gremlin Nob","floor":6,"turns":6},{"damage":11,"enemies":"2 Fungi Beasts","floor":7,"turns":3},{"damage":21,"enemies":"Exordium Wildlife","floor":8,"turns":5},{"damage":8,"enemies":"3 Sentries","floor":10,"turns":2},{"damage":8,"enemies":"Red Slaver","floor":11,"turns":1}],"relics_obtained":[{"floor":6,"key":"Shuriken"},{"floor":9,"key":"Centennial Puzzle"},{"floor":10,"key":"Kunai"}],"event_choices":[{"event_name":"The Cleric","player_choice":"Card Removal","floor":5,"damage_taken":0}],"boss_relics":[],"potions_floor_spawned":[1,6,10],"seed_played":"7814840679459166839","killed_by":"Red Slaver","ascension_level":0,"potions_obtained":[{"floor":1,"key":"Strength Potion"},{"floor":6,"key":"Block Potion"},{"floor":10,"key":"SmokeBomb"}],"is_trial":false}