{"gold_per_floor":[109,184,63,80,98,98,116,116,116,116,134,162,162,197,197,295,295,315,315,241,340,440,440,455,467,467,467,497,509,539,565,577,691,703,726,749,761,773,804,816,78,78,78,112,112,147,157,157,157,157],"floor_reached":51,"playtime":5563,"items_purged":["Strike_G","Decay"],"score":897,"play_id":"e862b7da-7c1a-4fb4-afc8-52f66a9be5bf","local_time":"20190224024409","is_ascension_mode":true,"campfire_choices":[{"data":"Survivor","floor":6,"key":"SMITH"},{"data":"Noxious Fumes","floor":8,"key":"SMITH"},{"data":"Neutralize","floor":10,"key":"SMITH"},{"data":"Caltrops","floor":13,"key":"SMITH"},{"data":"Skewer","floor":15,"key":"SMITH"},{"floor":23,"key":"REST"},{"data":"Well Laid Plans","floor":27,"key":"SMITH"},{"floor":32,"key":"REST"},{"data":"Dash","floor":40,"key":"SMITH"},{"floor":42,"key":"DIG"},{"floor":45,"key":"DIG"},{"floor":49,"key":"DIG"}],"neow_cost":"NONE","seed_source_timestamp":640184816669558,"circlet_count":0,"master_deck":["Defend_G","Defend_G+1","Defend_G","Defend_G","Defend_G+1","Strike_G","Strike_G","Survivor+1","Neutralize+1","Poisoned Stab","Bane","Noxious Fumes+1","Deadly Poison+1","Caltrops+1","Skewer+1","Corpse Explosion+1","Bouncing Flask+1","Expertise+1","Storm of Steel+1","Crippling Poison+1","Backflip+1","Well Laid Plans+1","Prepared+1","Dash+1","Ghostly+1","Ghostly+1","Ghostly+1","Ghostly+1","Ghostly+1","Dodge and Roll+1","After Image","Madness+1","Madness+1","Enlightenment+1","Malaise+1","PiercingWail+1"],"relics":["Ring of the Snake","Dream Catcher","Toxic Egg 2","Ginger","Sundial","Cursed Key","Shovel","Kunai","Strawberry","MawBank","Eternal Feather","Nunchaku","Omamori","Letter Opener","Blue Candle","Unceasing Top","Dodecahedron","Torii","War Paint"],"potions_floor_usage":[12,22,22,28,31,33,46,50],"damage_taken":[{"damage":0,"enemies":"Jaw Worm","floor":1,"turns":4},{"damage":1,"enemies":"Cultist","floor":4,"turns":4},{"damage":0,"enemies":"2 Louse","floor":5,"turns":5},{"damage":0,"enemies":"2 Fungi Beasts","floor":7,"turns":4},{"damage":0,"enemies":"3 Louse","floor":11,"turns":4},{"damage":14,"enemies":"Gremlin Nob","floor":12,"turns":4},{"damage":10,"enemies":"Lagavulin","floor":14,"turns":5},{"damage":17,"enemies":"The Guardian","floor":16,"turns":9},{"damage":6,"enemies":"Spheric Guardian","floor":18,"turns":4},{"damage":19,"enemies":"Colosseum Slavers","floor":22,"turns":3},{"damage":17,"enemies":"Colosseum Nobs","floor":22,"turns":3},{"damage":0,"enemies":"3 Byrds","floor":24,"turns":2},{"damage":0,"enemies":"Centurion and Healer","floor":25,"turns":5},{"damage":25,"enemies":"Gremlin Leader","floor":28,"turns":5},{"damage":1,"enemies":"Snecko","floor":30,"turns":6},{"damage":7,"enemies":"Cultist and Chosen","floor":31,"turns":6},{"damage":11,"enemies":"Automaton","floor":33,"turns":9},{"damage":2,"enemies":"Orb Walker","floor":35,"turns":5},{"damage":1,"enemies":"3 Darklings","floor":36,"turns":4},{"damage":0,"enemies":"Transient","floor":39,"turns":5},{"damage":0,"enemies":"Nemesis","floor":44,"turns":9},{"damage":6,"enemies":"Giant Head","floor":46,"turns":9},{"damage":0,"enemies":"Maw","floor":47,"turns":7},{"damage":0,"enemies":"Donu and Deca","floor":50,"turns":8}],"seed_played":"4232996153572789952","potions_obtained":[{"floor":11,"key":"Poison Potion"},{"floor":12,"key":"GamblersBrew"},{"floor":16,"key":"AttackPotion"},{"floor":22,"key":"Ancient Potion"},{"floor":25,"key":"LiquidBronze"},{"floor":30,"key":"GhostInAJar"},{"floor":33,"key":"Swift Potion"},{"floor":35,"key":"Strength Potion"},{"floor":36,"key":"PowerPotion"},{"floor":44,"key":"EssenceOfSteel"}],"is_trial":false,"path_per_floor":["M","?","$","M","M","R","M","R","T","R","M","E","R","E","R","B",null,"M","?","$","?","?","R","M","M","T","R","E","?","M","M","R","B",null,"M","M","?","?","M","R","$","R","T","E","R","E","M","?","R","B",null],"character_chosen":"THE_SILENT","items_purchased":["Poisoned Stab","Crippling Poison+1","Enlightenment+1","FearPotion","Nunchaku","Omamori","FearPotion"],"campfire_rested":2,"item_purchase_floors":[3,20,41,41,41,41,41],"current_hp_per_floor":[70,63,63,62,62,62,62,62,62,62,62,48,48,38,38,21,70,64,64,64,64,28,49,49,49,56,56,31,31,30,23,34,23,38,36,35,30,30,30,38,38,38,38,38,38,32,32,32,38,38],"gold":157,"neow_bonus":"RANDOM_COMMON_RELIC","is_prod":false,"is_daily":false,"chose_seed":false,"campfire_upgraded":7,"win_rate":0,"timestamp":1550943849,"path_taken":["M","?","$","M","?","R","?","R","T","R","M","E","R","E","R","BOSS","M","?","$","?","?","R","M","M","T","R","E","?","M","M","R","BOSS","M","M","?","?","M","R","$","R","T","E","R","E","M","?","R","BOSS"],"build_version":"2019-01-23","purchased_purges":2,"victory":true,"max_hp_per_floor":[70,70,70,70,70,70,70,70,70,70,70,70,70,70,70,70,70,70,70,70,70,70,70,70,70,77,77,77,38,38,38,38,38,38,38,38,38,38,38,38,38,38,38,38,38,38,38,38,38,38],"card_choices":[{"not_picked":["Slice","Dodge and Roll","Prepared"],"picked":"SKIP","floor":1},{"not_picked":["Blade Dance","Dash","Dodge and Roll"],"picked":"SKIP","floor":4},{"not_picked":["Deflect","Backflip"],"picked":"Bane","floor":5},{"not_picked":["Flying Knee","Dagger Throw"],"picked":"Noxious Fumes","floor":7},{"not_picked":["Terror+1","Dagger Throw"],"picked":"Deadly Poison+1","floor":11},{"not_picked":["Endless Agony","Accuracy"],"picked":"Caltrops","floor":12},{"not_picked":["Flying Knee","Doppelganger+1"],"picked":"Skewer","floor":14},{"not_picked":["Glass Knife","Grand Finale"],"picked":"Corpse Explosion+1","floor":16},{"not_picked":["Bane+1","Terror+1"],"picked":"Bouncing Flask+1","floor":18},{"not_picked":["Noxious Fumes","Skewer"],"picked":"Backflip+1","floor":22},{"not_picked":["Accuracy","Backstab+1"],"picked":"Well Laid Plans","floor":23},{"not_picked":["Deadly Poison+1","All Out Attack","Bane+1"],"picked":"SKIP","floor":24},{"not_picked":["Envenom","Deadly Poison+1"],"picked":"Prepared+1","floor":25},{"not_picked":["All Out Attack+1","Expertise+1"],"picked":"Dash","floor":28},{"not_picked":["Distraction+1","Underhanded Strike+1","Quick Slash"],"picked":"SKIP","floor":30},{"not_picked":["Acrobatics+1","Blade Dance+1","Calculated Gamble+1"],"picked":"SKIP","floor":31},{"not_picked":["Quick Slash","Poisoned Stab"],"picked":"Dodge and Roll+1","floor":32},{"not_picked":["Venomology+1","Storm of Steel+1"],"picked":"After Image","floor":33},{"not_picked":["Quick Slash","Heel Hook","Choke+1"],"picked":"SKIP","floor":35},{"not_picked":["Well Laid Plans+1","Deadly Poison+1","Expertise+1"],"picked":"SKIP","floor":36},{"not_picked":["Underhanded Strike","Predator+1","Flechettes"],"picked":"SKIP","floor":39},{"not_picked":["Underhanded Strike","Dagger Spray+1"],"picked":"Malaise+1","floor":44},{"not_picked":["Predator+1","Underhanded Strike","Dagger Throw+1"],"picked":"SKIP","floor":46},{"not_picked":["Eviscerate","Backflip+1"],"picked":"PiercingWail+1","floor":47}],"player_experience":368234,"relics_obtained":[{"floor":9,"key":"Toxic Egg 2"},{"floor":12,"key":"Ginger"},{"floor":14,"key":"Sundial"},{"floor":22,"key":"Shovel"},{"floor":22,"key":"Kunai"},{"floor":26,"key":"Strawberry"},{"floor":28,"key":"MawBank"},{"floor":42,"key":"Letter Opener"},{"floor":43,"key":"Blue Candle"},{"floor":44,"key":"Unceasing Top"},{"floor":45,"key":"Dodecahedron"},{"floor":46,"key":"Torii"},{"floor":49,"key":"War Paint"}],"event_choices":[{"damage_healed":0,"gold_gain":75,"player_choice":"Touch","damage_taken":7,"max_hp_gain":0,"max_hp_loss":0,"event_name":"FaceTrader","floor":2,"gold_loss":0},{"damage_healed":0,"gold_gain":0,"cards_transformed":["Strike_G","Strike_G"],"player_choice":"Became Test Subject","damage_taken":0,"max_hp_gain":0,"max_hp_loss":0,"event_name":"Drug Dealer","floor":19,"gold_loss":0,"cards_obtained":["Expertise","Storm of Steel"]},{"damage_healed":0,"gold_gain":99,"player_choice":"Stole From Cult","damage_taken":0,"max_hp_gain":0,"max_hp_loss":0,"event_name":"Nest","floor":21,"gold_loss":0},{"damage_healed":0,"gold_gain":0,"player_choice":"Fight","damage_taken":0,"max_hp_gain":0,"max_hp_loss":0,"event_name":"Colosseum","floor":22,"gold_loss":0},{"damage_healed":0,"gold_gain":0,"player_choice":"Fought Nobs","damage_taken":0,"max_hp_gain":0,"max_hp_loss":0,"event_name":"Colosseum","floor":22,"gold_loss":0},{"damage_healed":0,"gold_gain":0,"player_choice":"Became a Ghost","damage_taken":0,"max_hp_gain":0,"max_hp_loss":39,"event_name":"Ghosts","floor":29,"gold_loss":0,"cards_obtained":["Ghostly","Ghostly","Ghostly","Ghostly","Ghostly"]},{"damage_healed":0,"gold_gain":0,"player_choice":"Embrace Madness","damage_taken":5,"max_hp_gain":0,"max_hp_loss":0,"event_name":"Winding Halls","floor":37,"gold_loss":0,"cards_obtained":["Madness","Madness"]},{"damage_healed":0,"gold_gain":0,"player_choice":"Ignored","damage_taken":0,"max_hp_gain":0,"max_hp_loss":0,"event_name":"Tomb of Lord Red Mask","floor":38,"gold_loss":0},{"damage_healed":0,"gold_gain":0,"player_choice":"Ignored","damage_taken":0,"max_hp_gain":0,"max_hp_loss":0,"event_name":"Mysterious Sphere","floor":48,"gold_loss":0}],"is_beta":false,"boss_relics":[{"not_picked":["Sozu","WristBlade"],"picked":"Cursed Key"},{"not_picked":["Lizard Tail","Empty Cage"],"picked":"Eternal Feather"}],"items_purged_floors":[3,41],"is_endless":false,"potions_floor_spawned":[11,12,16,22,25,30,33,35,36,44],"ascension_level":1}