{"gold_per_floor":[114,84,103,117,82,82,110,110,184,204,204,232,232,266,266,266],"floor_reached":16,"playtime":602,"items_purged":[],"score":164,"play_id":"1370cea1-d9c9-48d2-8e28-4a6c8fdc212f","local_time":"20190305150545","is_ascension_mode":true,"campfire_choices":[{"data":"Rip and Tear","floor":6,"key":"SMITH"},{"data":"Go for the Eyes","floor":11,"key":"SMITH"},{"data":"Capacitor","floor":13,"key":"SMITH"},{"floor":15,"key":"REST"}],"neow_cost":"PERCENT_DAMAGE","seed_source_timestamp":98399194426390,"circlet_count":0,"master_deck":["Strike_B","Strike_B","Defend_B","Defend_B","Defend_B","Defend_B","Zap","Dualcast+1","Cold Snap","Rip and Tear+1","Capacitor+1","Go for the Eyes+1","Chill"],"relics":["Cracked Core","Omamori","Pear","Sundial","Juzu Bracelet"],"potions_floor_usage":[7,7,7,12,14,16],"damage_taken":[{"damage":1,"enemies":"Cultist","floor":1,"turns":3},{"damage":7,"enemies":"Jaw Worm","floor":3,"turns":4},{"damage":0,"enemies":"2 Louse","floor":4,"turns":1},{"damage":0,"enemies":"Lagavulin","floor":7,"turns":4},{"damage":8,"enemies":"Gremlin Gang","floor":10,"turns":3},{"damage":25,"enemies":"Gremlin Nob","floor":12,"turns":4},{"damage":16,"enemies":"Lagavulin","floor":14,"turns":7},{"damage":52,"enemies":"Slime Boss","floor":16,"turns":9}],"seed_played":"-7119416502592788662","potions_obtained":[{"floor":2,"key":"AttackPotion"},{"floor":2,"key":"Block Potion"},{"floor":3,"key":"FocusPotion"},{"floor":7,"key":"Ancient Potion"},{"floor":10,"key":"Dexterity Potion"},{"floor":12,"key":"GamblersBrew"}],"is_trial":false,"path_per_floor":["M","?","M","M","?","R","E","?","T","M","R","E","R","E","R","B"],"character_chosen":"DEFECT","items_purchased":[],"campfire_rested":1,"item_purchase_floors":[],"current_hp_per_floor":[53,53,46,46,64,64,64,64,74,66,66,41,41,25,50,0],"gold":266,"neow_bonus":"REMOVE_TWO","is_prod":false,"is_daily":false,"chose_seed":false,"campfire_upgraded":3,"win_rate":0,"timestamp":1551827145,"path_taken":["M","?","?","M","?","R","E","?","T","M","R","E","R","E","R","BOSS"],"build_version":"2019-01-23","purchased_purges":0,"victory":false,"max_hp_per_floor":[75,75,75,75,75,75,75,75,85,85,85,85,85,85,85,85],"card_choices":[{"not_picked":["Gash","Go for the Eyes"],"picked":"Cold Snap","floor":1},{"not_picked":["Ball Lightning","Darkness"],"picked":"Rip and Tear","floor":3},{"not_picked":["Hologram","Redo","Sweeping Beam"],"picked":"SKIP","floor":4},{"not_picked":["Multi-Cast","Genetic Algorithm"],"picked":"Capacitor","floor":7},{"not_picked":["Ball Lightning","Sweeping Beam"],"picked":"Go for the Eyes","floor":10},{"not_picked":["Genetic Algorithm","Scrape"],"picked":"Chill","floor":12},{"not_picked":["Stack","Streamline","Heatsinks"],"picked":"SKIP","floor":14}],"player_experience":287947,"relics_obtained":[{"floor":7,"key":"Omamori"},{"floor":9,"key":"Pear"},{"floor":12,"key":"Sundial"},{"floor":14,"key":"Juzu Bracelet"}],"event_choices":[{"damage_healed":0,"gold_gain":0,"player_choice":"Bought 2 Potions","damage_taken":0,"max_hp_gain":0,"max_hp_loss":0,"event_name":"The Woman in Blue","floor":2,"gold_loss":0},{"damage_healed":18,"gold_gain":0,"player_choice":"Healed","damage_taken":0,"max_hp_gain":0,"max_hp_loss":0,"event_name":"The Cleric","floor":5,"gold_loss":35},{"damage_healed":0,"gold_gain":0,"player_choice":"Forge","damage_taken":0,"max_hp_gain":0,"max_hp_loss":0,"event_name":"Accursed Blacksmith","floor":8,"gold_loss":0,"cards_upgraded":["Dualcast"]}],"is_beta":false,"boss_relics":[],"items_purged_floors":[],"is_endless":false,"potions_floor_spawned":[3,7,10,12],"killed_by":"Slime Boss","ascension_level":3}