{"path_per_floor":["M","M","?","M","?","R","E","R","T","M","E","?","R","M","R","B",null,"M","?","M","?","M","R","E","R","T","M"],"character_chosen":"THE_SILENT","items_purchased":[],"gold_per_floor":[110,122,122,132,132,132,165,165,237,247,281,281,281,292,292,389,419,436,436,450,450,463,463,493,493,564,574],"floor_reached":28,"campfire_rested":0,"playtime":2606,"current_hp_per_floor":[70,70,70,70,70,70,55,55,55,55,39,39,39,34,34,16,75,75,61,56,56,46,46,43,43,43,28],"items_purged":[],"gold":574,"score":248,"play_id":"00cbb233-e409-4256-b398-8a76079a8236","is_prod":false,"is_daily":false,"is_ascension_mode":false,"campfire_upgraded":6,"path_taken":["M","M","?","M","?","R","E","R","T","M","E","?","R","M","R","BOSS","M","?","M","?","M","R","E","R","T","?","M"],"build_version":"2018-02-22-PROD2","purchased_purges":0,"victory":false,"master_deck":["Defend_G","Defend_G","Defend_G","Defend_G","Defend_G","Strike_G","Strike_G","Strike_G","Strike_G","Survivor+1","Neutralize","Backstab","Distraction+1","Bullet Time+1","Poisoned Stab+1","Poisoned Stab","Adrenaline","Bouncing Flask+1","Wraith Form+1","Catalyst","After Image+1","Calculated Gamble","Poisoned Stab+1","PiercingWail","Tools of the Trade","Expertise+1","Predator"],"max_hp_per_floor":[70,70,70,70,70,70,70,70,70,70,70,70,70,70,70,70,75,75,80,80,80,80,80,80,80,80,80],"relics":["Ring of the Snake","Dream Catcher","Toolbox","Happy Flower","Tiny House","Lantern","Paper Crane"],"card_choices":[{"not_picked":["Acrobatics","Slice"],"picked":"Distraction"},{"not_picked":["Cloak And Dagger","Dodge and Roll"],"picked":"Bullet Time"},{"not_picked":["Quick Slash","Underhanded Strike"],"picked":"Poisoned Stab"},{"not_picked":["Cloak And Dagger","Flying Knee"],"picked":"Poisoned Stab"},{"not_picked":["Cloak And Dagger","Acrobatics"],"picked":"Adrenaline"},{"not_picked":["Catalyst","Finisher"],"picked":"Bouncing Flask"},{"not_picked":["Dagger Spray","Outmaneuver"],"picked":"Catalyst"},{"not_picked":["Storm of Steel","Phantasmal Killer"],"picked":"After Image"},{"not_picked":["Deflect","Dagger Throw"],"picked":"Calculated Gamble"},{"not_picked":["Sucker Punch","Acrobatics"],"picked":"Poisoned Stab"},{"not_picked":["Dagger Throw","Dagger Spray"],"picked":"PiercingWail"},{"not_picked":["All Out Attack","Acrobatics"],"picked":"Tools of the Trade"},{"not_picked":["Dodge and Roll","Deflect"],"picked":"Expertise"},{"not_picked":["Deadly Poison","Outmaneuver"],"picked":"Predator"}],"player_experience":160896,"potions_floor_usage":[7,18,18,24,28],"damage_taken":[{"damage":0,"enemies":"Small Slimes","floor":1,"turns":5},{"damage":0,"enemies":"Jaw Worm","floor":2,"turns":5},{"damage":0,"enemies":"2 Louse","floor":4,"turns":2},{"damage":15,"enemies":"3 Sentries","floor":7,"turns":14},{"damage":0,"enemies":"2 Fungi Beasts","floor":10,"turns":2},{"damage":16,"enemies":"Gremlin Nob","floor":11,"turns":4},{"damage":5,"enemies":"Blue Slaver","floor":14,"turns":3},{"damage":18,"enemies":"Slime Boss","floor":16,"turns":8},{"damage":0,"enemies":"Chosen","floor":18,"turns":3},{"damage":5,"enemies":"3 Byrds","floor":20,"turns":4},{"damage":10,"enemies":"Centurion and Healer","floor":22,"turns":10},{"damage":3,"enemies":"Book of Stabbing","floor":24,"turns":3},{"damage":15,"enemies":"Sentry and Sphere","floor":27,"turns":6},{"damage":56,"enemies":"Cultist and Chosen","floor":28,"turns":5}],"event_choices":[{"event_name":"Liars Game","player_choice":"disagreed","floor":3,"damage_taken":0},{"event_name":"Living Wall","player_choice":"Grow","floor":5,"damage_taken":0},{"event_name":"Match and Keep!","player_choice":"1 cards matched","floor":12,"damage_taken":0},{"event_name":"Forgotten Altar","player_choice":"Shed Blood","floor":19,"damage_taken":0},{"event_name":"Drug Dealer","player_choice":"Ignored","floor":21,"damage_taken":0}],"boss_relics":[{"not_picked":["Runic Dome","Velvet Choker"],"picked":"Tiny House"}],"potions_floor_spawned":[2,4,7,10,18,20],"seed_played":"-1622888330651113120","killed_by":"Cultist and Chosen","ascension_level":0,"is_trial":false}