{"gold_per_floor":[114,114,130,144,155,187,187,215,242,305,305,316,316,334,334,437,437,454,465,23,38,50,50,75,75,146,160,170,170,170],"floor_reached":30,"playtime":1150,"items_purged":["Defend_B"],"score":409,"play_id":"40b2c1e5-a8d3-4b5e-833f-842367f27b62","local_time":"20190124205435","is_ascension_mode":true,"campfire_choices":[{"floor":7.0,"key":"REST"},{"floor":11.0,"key":"REST"},{"floor":15.0,"key":"REST"},{"data":"Beam Cell","floor":23,"key":"SMITH"},{"data":"Self Repair","floor":25,"key":"SMITH"}],"neow_cost":"TEN_PERCENT_HP_LOSS","seed_source_timestamp":3838429820131,"circlet_count":0,"master_deck":["AscendersBane","Strike_B","Strike_B","Defend_B","Zap","Dualcast","Self Repair+1","Beam Cell+1","Streamline","Gash","BootSequence","Fission","Skim","Gash","Ball Lightning","Hyperbeam","Steam","Hologram","Steam","The Bomb","Scrape","Conserve Battery+1","Go for the Eyes+1","Reinforced Body"],"special_seed":0,"relics":["Cracked Core","Turnip","Bronze Scales","Happy Flower","Dream Catcher","Empty Cage","Regal Pillow","Darkstone Periapt","Molten Egg 2"],"potions_floor_usage":[19,22,24,27,27],"damage_taken":[{"damage":1.0,"enemies":"Cultist","floor":1.0,"turns":4.0},{"damage":8.0,"enemies":"Small Slimes","floor":3.0,"turns":3.0},{"damage":2.0,"enemies":"2 Louse","floor":4.0,"turns":3.0},{"damage":28.0,"enemies":"Exordium Wildlife","floor":5.0,"turns":5.0},{"damage":40.0,"enemies":"Gremlin Nob","floor":6.0,"turns":5.0},{"damage":20.0,"enemies":"Lagavulin","floor":8.0,"turns":5.0},{"damage":0.0,"enemies":"Red Slaver","floor":12.0,"turns":2.0},{"damage":10.0,"enemies":"Gremlin Gang","floor":14.0,"turns":4.0},{"damage":29,"enemies":"Hexaghost","floor":16,"turns":8},{"damage":14,"enemies":"Chosen","floor":18,"turns":4},{"damage":0,"enemies":"Spheric Guardian","floor":19,"turns":3},{"damage":23,"enemies":"Snecko","floor":21,"turns":4},{"damage":6,"enemies":"Centurion and Healer","floor":22,"turns":5},{"damage":32,"enemies":"Slavers","floor":24,"turns":4},{"damage":19,"enemies":"3 Cultists","floor":27,"turns":4},{"damage":16,"enemies":"Snake Plant","floor":28,"turns":3},{"damage":11,"enemies":"Sentry and Sphere","floor":30,"turns":2}],"seed_played":"1546025649930776486","potions_obtained":[{"floor":6.0,"key":"Ancient Potion"},{"floor":8.0,"key":"AttackPotion"},{"floor":14.0,"key":"Ancient Potion"},{"floor":16,"key":"Regen Potion"},{"floor":18,"key":"AttackPotion"},{"floor":21,"key":"Dexterity Potion"},{"floor":22,"key":"Weak Potion"},{"floor":24,"key":"Regen Potion"}],"is_trial":false,"path_per_floor":["M","?","M","M","M","E","R","E","T","?","R","M","?","M","R","B",null,"M","M","$","M","M","R","E","R","T","M","M","?","M"],"character_chosen":"DEFECT","items_purchased":["Steam","The Bomb","Regal Pillow"],"campfire_rested":3,"item_purchase_floors":[20,20,20],"current_hp_per_floor":[67,67,66,68,47,7,27,14,14,14,34,34,22,19,39,17,55,48,55,55,32,47,47,22,22,22,25,9,9,0],"gold":170,"neow_bonus":"REMOVE_TWO","is_prod":false,"is_daily":false,"chose_seed":false,"campfire_upgraded":2,"win_rate":0,"timestamp":1548381275,"path_taken":["M","?","M","M","M","E","R","E","T","?","R","M","?","?","R","BOSS","M","M","?","?","M","R","E","R","T","?","M","?","M"],"build_version":"2019-01-23","purchased_purges":1,"victory":false,"max_hp_per_floor":[68,68,68,68,68,68,68,68,68,68,68,68,68,68,68,68,68,68,68,68,68,68,68,68,68,68,68,68,68,68],"card_choices":[{"not_picked":["Leap","Go for the Eyes"],"picked":"Self Repair","floor":1.0},{"not_picked":["Heatsinks","Scrape"],"picked":"Beam Cell","floor":3.0},{"not_picked":["White Noise","Auto Shields"],"picked":"Streamline","floor":4.0},{"not_picked":["Turbo","Beam Cell"],"picked":"Gash","floor":5.0},{"not_picked":["Barrage","Sunder"],"picked":"BootSequence","floor":6.0},{"not_picked":["Reprogram","Tempest"],"picked":"Fission","floor":8.0},{"not_picked":["Storm","Sunder"],"picked":"Skim","floor":12.0},{"not_picked":["Turbo","Force Field"],"picked":"Gash","floor":14.0},{"not_picked":["BootSequence","Barrage"],"picked":"Ball Lightning","floor":15.0},{"not_picked":["Amplify","Core Surge"],"picked":"Hyperbeam","floor":16},{"not_picked":["Stack+1","Leap"],"picked":"Steam","floor":18},{"not_picked":["Steam Power","Chaos+1"],"picked":"Hologram","floor":19},{"not_picked":["Ball Lightning","Recycle+1"],"picked":"Scrape","floor":21},{"not_picked":["Turbo+1","Sweeping Beam","Sunder"],"picked":"SKIP","floor":22},{"not_picked":["Turbo","Streamline"],"picked":"Conserve Battery+1","floor":24},{"not_picked":["Turbo","Hologram"],"picked":"Go for the Eyes+1","floor":27},{"not_picked":["Chaos","Fission"],"picked":"Reinforced Body","floor":28}],"player_experience":525461,"relics_obtained":[{"floor":6.0,"key":"Turnip"},{"floor":8.0,"key":"Bronze Scales"},{"floor":9.0,"key":"Happy Flower"},{"floor":24,"key":"Darkstone Periapt"},{"floor":26,"key":"Molten Egg 2"}],"event_choices":[{"damage_healed":0.0,"max_hp_gain":0.0,"max_hp_loss":0.0,"gold_gain":0.0,"event_name":"Liars Game","player_choice":"Ignored","floor":2.0,"gold_loss":0.0,"damage_taken":0.0},{"damage_healed":0.0,"max_hp_gain":0.0,"max_hp_loss":0.0,"gold_gain":63.0,"event_name":"Golden Wing","player_choice":"Gained Gold","floor":10.0,"gold_loss":0.0,"damage_taken":0.0},{"damage_healed":0.0,"max_hp_gain":0.0,"max_hp_loss":0.0,"gold_gain":0.0,"event_name":"Scrap Ooze","player_choice":"Success","floor":13.0,"gold_loss":0.0,"damage_taken":12.0,"relics_obtained":["Dream Catcher"]},{"damage_healed":0,"gold_gain":0,"player_choice":"Ignored","damage_taken":0,"max_hp_gain":0,"max_hp_loss":0,"event_name":"Vampires","floor":29,"gold_loss":0}],"is_beta":true,"boss_relics":[{"not_picked":["Black Star","Orrery"],"picked":"Empty Cage"}],"items_purged_floors":[20],"is_endless":false,"potions_floor_spawned":[6,8,14,16,18,21,22,24],"killed_by":"Sentry and Sphere","ascension_level":11}