{"gold_per_floor":[117,117,67,67,86,117,117,157,204,204,242,242,258,274,274,274],"floor_reached":16,"playtime":563,"items_purged":[],"score":157,"play_id":"cade6e5d-89e0-441c-980a-2caffd70a85a","local_time":"20180628041139","is_ascension_mode":true,"campfire_choices":[{"data":"Rage","floor":7,"key":"SMITH"},{"data":"Bludgeon","floor":10,"key":"SMITH"},{"data":"Feed","floor":12,"key":"SMITH"},{"data":"Iron Wave","floor":15,"key":"SMITH"}],"neow_cost":"NONE","seed_source_timestamp":445679681415517,"circlet_count":0,"master_deck":["Strike_R","Strike_R","Strike_R","Strike_R","Defend_R","Defend_R","Defend_R","Defend_R","Bash","Rage+1","Iron Wave+1","Intimidate","Bludgeon+1","Feed+1","Entrench"],"relics":["Burning Blood","Regal Pillow","Golden Idol","Pen Nib","Kunai","Vajra","Bottled Lightning"],"potions_floor_usage":[6,16,16],"damage_taken":[{"damage":1,"enemies":"Small Slimes","floor":1,"turns":4},{"damage":2,"enemies":"Jaw Worm","floor":5,"turns":5},{"damage":33,"enemies":"Gremlin Nob","floor":6,"turns":5},{"damage":24,"enemies":"3 Sentries","floor":8,"turns":13},{"damage":0,"enemies":"Gremlin Nob","floor":11,"turns":3},{"damage":0,"enemies":"2 Louse","floor":13,"turns":2},{"damage":0,"enemies":"Exordium Thugs","floor":14,"turns":3},{"damage":45,"enemies":"Hexaghost","floor":16,"turns":9}],"seed_played":"-3611435101750235109","potions_obtained":[{"floor":5,"key":"Poison Potion"},{"floor":11,"key":"Dexterity Potion"},{"floor":13,"key":"AttackPotion"}],"is_trial":false,"path_per_floor":["M","?","?","$","M","E","R","E","T","R","E","R","M","M","R"],"character_chosen":"IRONCLAD","items_purchased":[],"campfire_rested":0,"item_purchase_floors":[],"current_hp_per_floor":[80,60,60,60,64,37,37,19,19,19,25,25,35,45,45,0],"gold":274,"neow_bonus":"RANDOM_COMMON_RELIC","is_prod":false,"is_daily":false,"chose_seed":false,"campfire_upgraded":4,"win_rate":0,"timestamp":1530151899,"path_taken":["M","?","?","$","M","E","R","E","T","R","E","R","M","?","R","BOSS"],"build_version":"2018-06-21v2","purchased_purges":0,"victory":false,"max_hp_per_floor":[80,80,80,80,80,80,80,80,80,80,80,80,84,88,88,88],"card_choices":[{"not_picked":["Twin Strike","Armaments"],"picked":"Rage","floor":1},{"not_picked":["Warcry","Flex"],"picked":"Iron Wave","floor":5},{"not_picked":["Flex","Havoc"],"picked":"Intimidate","floor":6},{"not_picked":["Hemokinesis","Flex"],"picked":"Bludgeon","floor":8},{"not_picked":["Havoc","Perfected Strike"],"picked":"Feed","floor":11},{"not_picked":["Hemokinesis","True Grit"],"picked":"Entrench","floor":13},{"not_picked":["Sentinel","Armaments","Headbutt"],"picked":"SKIP","floor":14}],"player_experience":444869,"relics_obtained":[{"floor":6,"key":"Pen Nib"},{"floor":8,"key":"Kunai"},{"floor":9,"key":"Vajra"},{"floor":11,"key":"Bottled Lightning"}],"event_choices":[{"event_name":"Golden Idol","player_choice":"Take Damage","floor":2,"damage_taken":0},{"event_name":"The Cleric","player_choice":"Card Removal","floor":3,"damage_taken":0}],"boss_relics":[],"items_purged_floors":[],"is_endless":false,"potions_floor_spawned":[5,11,13],"killed_by":"Hexaghost","ascension_level":2}