{"gold_per_floor":[112,129,146,146,157,186,209,209,233,260,276,308,308,326,326,425,425,438,438,453,472,490,523,523,538,538,538,554,554,589,601,601,601],"floor_reached":33,"playtime":1762,"items_purged":[],"score":420,"play_id":"72dff65b-0638-4bbe-abb0-29874beaa0b3","local_time":"20181116133146","is_ascension_mode":true,"campfire_choices":[{"data":"Pommel Strike","floor":8,"key":"SMITH"},{"floor":15,"key":"REST"},{"data":"Demon Form","floor":24,"key":"SMITH"},{"data":"Evolve","floor":27,"key":"SMITH"},{"floor":29,"key":"REST"},{"data":"Shrug It Off","floor":32,"key":"SMITH"}],"neow_cost":"NONE","seed_source_timestamp":67292729434175,"circlet_count":0,"master_deck":["Strike_R","Strike_R","Strike_R","Defend_R","Defend_R","Defend_R","Defend_R","Bash","Shrug It Off","Evolve+1","Pommel Strike+1","Disarm","Shrug It Off+1","Demon Form+1","Spot Weakness","Reaper+1","Body Slam+1","Twin Strike+1","Heavy Blade+1"],"relics":["Burning Blood","Anchor","Odd Mushroom","Centennial Puzzle","Lantern","Molten Egg 2","Velvet Choker","Enchiridion","Omamori","Blood Vial","Orichalcum"],"potions_floor_usage":[6,7,23,25,28],"damage_taken":[{"damage":9,"enemies":"2 Louse","floor":1,"turns":4},{"damage":1,"enemies":"Small Slimes","floor":2,"turns":4},{"damage":2,"enemies":"Cultist","floor":3,"turns":4},{"damage":10,"enemies":"Red Slaver","floor":5,"turns":6},{"damage":16,"enemies":"Gremlin Nob","floor":6,"turns":3},{"damage":13,"enemies":"The Mushroom Lair","floor":7,"turns":5},{"damage":9,"enemies":"3 Sentries","floor":10,"turns":14},{"damage":15,"enemies":"Exordium Wildlife","floor":11,"turns":8},{"damage":22,"enemies":"Lagavulin","floor":12,"turns":7},{"damage":6,"enemies":"Blue Slaver","floor":14,"turns":5},{"damage":17,"enemies":"Hexaghost","floor":16,"turns":9},{"damage":0,"enemies":"Chosen","floor":18,"turns":4},{"damage":15,"enemies":"Shell Parasite","floor":20,"turns":5},{"damage":26,"enemies":"3 Cultists","floor":21,"turns":6},{"damage":7,"enemies":"Cultist and Chosen","floor":22,"turns":6},{"damage":42,"enemies":"Book of Stabbing","floor":23,"turns":7},{"damage":24,"enemies":"Snake Plant","floor":25,"turns":4},{"damage":25,"enemies":"Snecko","floor":28,"turns":8},{"damage":19,"enemies":"Gremlin Leader","floor":30,"turns":7},{"damage":18,"enemies":"Centurion and Healer","floor":31,"turns":4},{"damage":81,"enemies":"Automaton","floor":33,"turns":6}],"seed_played":"1906318018801514651","potions_obtained":[{"floor":3,"key":"Explosive Potion"},{"floor":5,"key":"Fire Potion"},{"floor":7,"key":"Swift Potion"},{"floor":10,"key":"Swift Potion"},{"floor":16,"key":"PowerPotion"},{"floor":18,"key":"Regen Potion"},{"floor":21,"key":"Poison Potion"},{"floor":30,"key":"Strength Potion"}],"is_trial":false,"path_per_floor":["M","M","M","?","M","E","?","R","T","E","M","E","?","M","R","B",null,"M","?","M","M","M","E","R","M","T","R","M","R","E","M","R","B"],"character_chosen":"IRONCLAD","items_purchased":[],"campfire_rested":2,"item_purchase_floors":[],"current_hp_per_floor":[69,74,78,83,79,69,62,62,62,59,50,34,27,27,52,41,74,85,69,74,78,85,49,49,36,36,36,24,49,53,43,43,0],"gold":601,"neow_bonus":"REMOVE_CARD","is_prod":false,"is_daily":false,"chose_seed":false,"campfire_upgraded":4,"win_rate":0,"timestamp":1542371506,"path_taken":["M","M","M","?","M","E","?","R","T","E","M","E","?","M","R","BOSS","M","?","M","M","M","E","R","M","T","R","M","R","E","M","R","BOSS"],"build_version":"2018-11-15","purchased_purges":0,"victory":false,"max_hp_per_floor":[80,80,80,85,85,85,85,85,85,85,85,85,85,85,85,85,85,85,85,85,85,85,85,85,85,85,85,85,85,85,85,85,85],"card_choices":[{"not_picked":["Body Slam","Evolve"],"picked":"Shrug It Off","floor":1},{"not_picked":["Spot Weakness","Sever Soul"],"picked":"Evolve","floor":2},{"not_picked":["Fire Breathing","Perfected Strike"],"picked":"Pommel Strike","floor":3},{"not_picked":["Perfected Strike","Thunderclap","Seeing Red"],"picked":"SKIP","floor":5},{"not_picked":["Clash","Reckless Charge"],"picked":"Disarm","floor":6},{"not_picked":["Cleave","Thunderclap"],"picked":"Shrug It Off","floor":7},{"not_picked":["Pommel Strike","Disarm"],"picked":"Demon Form","floor":10},{"not_picked":["Bloodletting","Clothesline","Power Through"],"picked":"SKIP","floor":11},{"not_picked":["Second Wind","Infernal Blade"],"picked":"Spot Weakness","floor":12},{"not_picked":["Warcry","Carnage+1","Sword Boomerang+1"],"picked":"SKIP","floor":14},{"not_picked":["Offering","Exhume"],"picked":"Reaper+1","floor":16},{"not_picked":["Reckless Charge+1","Iron Wave+1"],"picked":"Body Slam+1","floor":18},{"not_picked":["Uppercut+1","Flex","Disarm"],"picked":"SKIP","floor":20},{"not_picked":["Wild Strike+1","Sword Boomerang+1"],"picked":"Twin Strike+1","floor":21},{"not_picked":["Iron Wave+1","Searing Blow+1"],"picked":"Heavy Blade+1","floor":22},{"not_picked":["Pummel+1","Metallicize","Dark Embrace"],"picked":"SKIP","floor":23},{"not_picked":["Anger+1","Uppercut+1","Clothesline+1"],"picked":"SKIP","floor":25},{"not_picked":["Wild Strike+1","Intimidate","Body Slam+1"],"picked":"SKIP","floor":28},{"not_picked":["Entrench","Clothesline+1","Corruption"],"picked":"SKIP","floor":30},{"not_picked":["Headbutt+1","Armaments+1","Wild Strike+1"],"picked":"SKIP","floor":31}],"player_experience":543611,"relics_obtained":[{"floor":6,"key":"Anchor"},{"floor":7,"key":"Odd Mushroom"},{"floor":9,"key":"Centennial Puzzle"},{"floor":10,"key":"Lantern"},{"floor":12,"key":"Molten Egg 2"},{"floor":19,"key":"Enchiridion"},{"floor":23,"key":"Omamori"},{"floor":26,"key":"Blood Vial"},{"floor":30,"key":"Orichalcum"}],"event_choices":[{"damage_healed":0,"gold_gain":0,"player_choice":"Donut","damage_taken":0,"max_hp_gain":5,"max_hp_loss":0,"event_name":"Big Fish","floor":4,"gold_loss":0},{"damage_healed":0,"gold_gain":0,"player_choice":"Fought Mushrooms","damage_taken":0,"max_hp_gain":0,"max_hp_loss":0,"event_name":"Mushrooms","floor":7,"gold_loss":0},{"cards_removed":["Strike_R"],"damage_healed":0,"gold_gain":0,"player_choice":"Card Removal","damage_taken":7,"max_hp_gain":0,"max_hp_loss":0,"event_name":"Golden Wing","floor":13,"gold_loss":0},{"damage_healed":0,"gold_gain":0,"player_choice":"Obtained Book","damage_taken":16,"max_hp_gain":0,"max_hp_loss":0,"event_name":"Cursed Tome","floor":19,"gold_loss":0}],"is_beta":false,"boss_relics":[{"not_picked":["Calling Bell","Mark of Pain"],"picked":"Velvet Choker"}],"items_purged_floors":[],"is_endless":false,"potions_floor_spawned":[3,5,7,10,16,18,20,21,30],"killed_by":"Automaton","ascension_level":7}