{"gold_per_floor":[113,127,127,143,156,190,206,206,230,230,185,204,204,54,54,153,153,172,188,200,200,214,214,229,229,253,453,146,159,159,5,5,107,107,126,139,64,80,95,95,95,95,95,113,113,113,113,113,113,113],"floor_reached":51,"playtime":2376,"items_purged":["Capacitor"],"score":724,"play_id":"fe67ef11-8a3d-4052-a442-d5c43197c242","local_time":"20190220133358","is_ascension_mode":false,"campfire_choices":[{"floor":8,"key":"REST"},{"floor":10,"key":"REST"},{"data":"Redo","floor":13,"key":"SMITH"},{"data":"Redo","floor":15,"key":"SMITH"},{"data":"Zap","floor":23,"key":"SMITH"},{"floor":25,"key":"REST"},{"floor":30,"key":"REST"},{"data":"Thunder Strike","floor":32,"key":"SMITH"},{"floor":40,"key":"REST"},{"floor":42,"key":"REST"},{"data":"Mayhem","floor":47,"key":"SMITH"},{"data":"Leap","floor":49,"key":"SMITH"}],"neow_cost":"NONE","seed_source_timestamp":1694504394922,"circlet_count":0,"master_deck":["Strike_B+1","Strike_B+1","Strike_B+1","Defend_B+1","Defend_B+1","Defend_B+1","Defend_B+1","Zap+1","Dualcast","Redo+1","Melter+1","Redo+1","Ball Lightning","Redo+1","Conserve Battery","Thunder Strike+1","Thunder Strike+1","Conserve Battery","Leap+1","Barrage+1","Go for the Eyes+1","Leap+1","BootSequence+1","Scrape+1","Aggregate+1","Parasite","Hologram+1","Redo+1","Ball Lightning+1","Mayhem+1"],"relics":["Cracked Core","Ice Cream","Oddly Smooth Stone","Lizard Tail","Bag of Preparation","Pantograph","Pen Nib","Inserter","Whetstone"],"potions_floor_usage":[16,24,29,33,33,50,50],"damage_taken":[{"damage":8,"enemies":"2 Louse","floor":1,"turns":2},{"damage":1,"enemies":"Jaw Worm","floor":2,"turns":3},{"damage":0,"enemies":"Small Slimes","floor":4,"turns":3},{"damage":2,"enemies":"3 Louse","floor":5,"turns":3},{"damage":26,"enemies":"3 Sentries","floor":6,"turns":7},{"damage":5,"enemies":"Looter","floor":7,"turns":2},{"damage":0,"enemies":"Exordium Wildlife","floor":12,"turns":3},{"damage":0,"enemies":"Slime Boss","floor":16,"turns":5},{"damage":16,"enemies":"Shell Parasite","floor":18,"turns":4},{"damage":15,"enemies":"3 Byrds","floor":19,"turns":5},{"damage":4,"enemies":"Centurion and Healer","floor":20,"turns":6},{"damage":0,"enemies":"Sentry and Sphere","floor":22,"turns":3},{"damage":13,"enemies":"Snake Plant","floor":24,"turns":3},{"damage":1,"enemies":"Cultist and Chosen","floor":29,"turns":6},{"damage":60,"enemies":"Champ","floor":33,"turns":11},{"damage":23,"enemies":"3 Shapes","floor":35,"turns":4},{"damage":39,"enemies":"3 Darklings","floor":36,"turns":8},{"damage":32,"enemies":"Writhing Mass","floor":38,"turns":6},{"damage":19,"enemies":"Jaw Worm Horde","floor":39,"turns":5},{"damage":5,"enemies":"Sphere and 2 Shapes","floor":44,"turns":5},{"damage":58,"enemies":"Awakened One","floor":50,"turns":11}],"seed_played":"4784966905065377537","potions_obtained":[{"floor":4,"key":"Ancient Potion"},{"floor":6,"key":"SteroidPotion"},{"floor":16,"key":"FairyPotion"},{"floor":20,"key":"PowerPotion"},{"floor":24,"key":"AttackPotion"},{"floor":29,"key":"Block Potion"},{"floor":39,"key":"Energy Potion"},{"floor":44,"key":"Block Potion"}],"is_trial":false,"path_per_floor":["M","M","?","M","M","E","M","R","T","R","$","M","R","$","R","B",null,"M","M","M","?","M","R","M","R","T","?","$","M","R","$","R","B",null,"M","M","$","M","M","R","?","R","T","M","$","?","R","?","R","B",null],"character_chosen":"DEFECT","items_purchased":["Conserve Battery","Thunder Strike","Pantograph","Leap","Pen Nib"],"campfire_rested":6,"item_purchase_floors":[11,14,28,28,31],"current_hp_per_floor":[67,66,66,66,64,38,33,55,55,75,75,75,75,75,75,75,75,59,44,40,40,40,40,27,49,49,49,49,48,70,70,70,15,75,52,13,13,7,25,47,47,69,69,64,64,64,64,64,64,13],"gold":113,"neow_bonus":"TRANSFORM_CARD","is_prod":false,"is_daily":false,"chose_seed":false,"campfire_upgraded":6,"win_rate":0,"timestamp":1550691238,"path_taken":["M","M","?","M","M","E","M","R","T","R","$","M","R","$","R","BOSS","M","M","M","?","M","R","M","R","T","?","$","?","R","?","R","BOSS","M","M","$","M","M","R","?","R","T","M","$","?","R","?","R","BOSS"],"build_version":"2019-01-23","purchased_purges":1,"victory":true,"max_hp_per_floor":[75,75,75,75,75,75,75,75,75,75,75,75,75,75,75,75,75,75,75,75,75,75,75,75,75,75,75,75,75,75,75,75,75,75,75,75,75,75,75,75,75,75,75,75,75,75,75,71,71,71],"card_choices":[{"not_picked":["Beam Cell","Lockon"],"picked":"Redo","floor":1},{"not_picked":["Coolheaded","Turbo","Compile Driver"],"picked":"SKIP","floor":2},{"not_picked":["Coolheaded","Cold Snap"],"picked":"Melter","floor":4},{"not_picked":["Rebound","Coolheaded"],"picked":"Redo","floor":5},{"not_picked":["Sweeping Beam","Go for the Eyes"],"picked":"Ball Lightning","floor":6},{"not_picked":["Barrage","Beam Cell"],"picked":"Redo","floor":7},{"not_picked":["Loop","BootSequence","Beam Cell"],"picked":"SKIP","floor":12},{"not_picked":["Core Surge","Reboot"],"picked":"Thunder Strike","floor":16},{"not_picked":["Coolheaded","Barrage"],"picked":"Conserve Battery","floor":18},{"not_picked":["Compile Driver","Fusion"],"picked":"Leap+1","floor":19},{"not_picked":["Aggregate","Sweeping Beam"],"picked":"Barrage+1","floor":20},{"not_picked":["Cold Snap","Auto Shields"],"picked":"Go for the Eyes+1","floor":22},{"not_picked":["Compile Driver","Sweeping Beam"],"picked":"Turbo+1","floor":24},{"not_picked":["Coolheaded","Steam"],"picked":"BootSequence+1","floor":29},{"not_picked":["Barrage","Steam Power+1"],"picked":"Scrape+1","floor":35},{"not_picked":["Scrape","Blizzard"],"picked":"Aggregate+1","floor":36},{"not_picked":["Coolheaded+1","Undo"],"picked":"Hologram+1","floor":38},{"not_picked":["Storm","Sweeping Beam+1"],"picked":"Redo+1","floor":39},{"not_picked":["Auto Shields+1","Consume"],"picked":"Ball Lightning+1","floor":44},{"not_picked":["Metamorphosis","Panacea"],"picked":"Mayhem","floor":46}],"player_experience":267474,"relics_obtained":[{"floor":6,"key":"Ice Cream"},{"floor":9,"key":"Oddly Smooth Stone"},{"floor":26,"key":"Bag of Preparation"},{"floor":43,"key":"Whetstone"}],"event_choices":[{"damage_healed":0,"gold_gain":0,"player_choice":"Grow","damage_taken":0,"max_hp_gain":0,"max_hp_loss":0,"event_name":"Living Wall","floor":3,"gold_loss":0,"cards_upgraded":["Redo"]},{"damage_healed":0,"gold_gain":0,"player_choice":"Simplicity","damage_taken":0,"max_hp_gain":0,"max_hp_loss":0,"event_name":"Back to Basics","floor":21,"gold_loss":0,"cards_upgraded":["Strike_B","Strike_B","Strike_B","Defend_B","Defend_B","Defend_B","Defend_B"]},{"damage_healed":0,"gold_gain":250,"player_choice":"Bet on Owner","damage_taken":0,"max_hp_gain":0,"max_hp_loss":0,"event_name":"The Joust","floor":27,"gold_loss":50},{"cards_removed":["Turbo"],"damage_healed":0,"gold_gain":0,"player_choice":"Removed Skill","damage_taken":0,"max_hp_gain":0,"max_hp_loss":0,"event_name":"Falling","floor":41,"gold_loss":0},{"damage_healed":0,"gold_gain":0,"player_choice":"Memory 1","damage_taken":0,"max_hp_gain":0,"max_hp_loss":0,"event_name":"SensoryStone","floor":46,"gold_loss":0},{"damage_healed":0,"gold_gain":0,"player_choice":"Max HP","damage_taken":0,"max_hp_gain":0,"max_hp_loss":4,"event_name":"Winding Halls","floor":48,"gold_loss":0}],"is_beta":false,"boss_relics":[{"not_picked":["Snecko Eye","Coffee Dripper"],"picked":"Lizard Tail"},{"not_picked":["FrozenCore","Cursed Key"],"picked":"Inserter"}],"items_purged_floors":[37],"is_endless":false,"potions_floor_spawned":[4,6,16,20,24,29,39,44],"ascension_level":0}