{"gold_per_floor":[113,288,288,299,10,38,38,68,68,78,110,129,99,112,112,210,210,228,246,263,263,188,188,201,201,201,201,201,201,230,246,246,345,345,357,373,283,297,312,343,343,14,14,14,32,48,67,82,82,82],"floor_reached":51,"playtime":2935,"items_purged":["Strike_G"],"score":1070,"play_id":"d76584c3-1093-4d1b-a9fa-f09119cb6cd6","local_time":"20190118112522","is_ascension_mode":true,"campfire_choices":[{"data":"Cloak And Dagger","floor":7,"key":"SMITH"},{"floor":15,"key":"REST"},{"floor":23,"key":"REST"},{"data":"Accuracy","floor":25,"key":"SMITH"},{"data":"Neutralize","floor":27,"key":"SMITH"},{"floor":32,"key":"REST"},{"data":"Noxious Fumes","floor":41,"key":"SMITH"},{"data":"After Image","floor":44,"key":"SMITH"},{"floor":49,"key":"REST"}],"neow_cost":"NONE","seed_source_timestamp":672059067252400,"circlet_count":0,"master_deck":["Defend_G","Defend_G","Defend_G","Defend_G","Defend_G","Strike_G","Strike_G","Survivor","Neutralize+1","Poisoned Stab","All Out Attack","Cloak And Dagger+1","Crippling Poison","Accuracy+1","Predator","Blade Dance+1","Deflect+1","Noxious Fumes+1","Adrenaline+1","Dodge and Roll+1","Slice+1","Cloak And Dagger+1","Well Laid Plans+1","Footwork","Backstab+1","Prepared+1","Burst+1","Dodge and Roll+1","Prepared+1","Noxious Fumes","After Image+1","Backflip+1","Bandage Up+1","Outmaneuver+1"],"relics":["Ring of the Snake","NeowsBlessing","Kunai","Bronze Scales","Girya","Toxic Egg 2","Molten Egg 2","WristBlade","Regal Pillow","Ice Cream","Busted Crown","Singing Bowl","Ornamental Fan"],"potions_floor_usage":[8,11,11,16,20,21,38,40,46,50,50],"damage_taken":[{"damage":0,"enemies":"Jaw Worm","floor":1,"turns":1},{"damage":0,"enemies":"Cultist","floor":4,"turns":1},{"damage":0,"enemies":"Gremlin Nob","floor":6,"turns":1},{"damage":14,"enemies":"3 Sentries","floor":8,"turns":7},{"damage":6,"enemies":"Small Slimes","floor":10,"turns":3},{"damage":18,"enemies":"Gremlin Nob","floor":11,"turns":4},{"damage":3,"enemies":"2 Fungi Beasts","floor":12,"turns":3},{"damage":0,"enemies":"Blue Slaver","floor":14,"turns":3},{"damage":15,"enemies":"Hexaghost","floor":16,"turns":9},{"damage":5,"enemies":"2 Thieves","floor":18,"turns":4},{"damage":4,"enemies":"Spheric Guardian","floor":19,"turns":4},{"damage":27,"enemies":"Snecko","floor":20,"turns":4},{"damage":14,"enemies":"Colosseum Slavers","floor":21,"turns":5},{"damage":2,"enemies":"Cultist and Chosen","floor":24,"turns":5},{"damage":22,"enemies":"Book of Stabbing","floor":30,"turns":5},{"damage":6,"enemies":"Snake Plant","floor":31,"turns":4},{"damage":73,"enemies":"Champ","floor":33,"turns":13},{"damage":0,"enemies":"Orb Walker","floor":35,"turns":3},{"damage":14,"enemies":"3 Darklings","floor":36,"turns":5},{"damage":17,"enemies":"Writhing Mass","floor":38,"turns":6},{"damage":0,"enemies":"Maw","floor":39,"turns":6},{"damage":0,"enemies":"Nemesis","floor":40,"turns":9},{"damage":0,"enemies":"Spire Growth","floor":45,"turns":5},{"damage":0,"enemies":"Transient","floor":46,"turns":5},{"damage":16,"enemies":"3 Darklings","floor":47,"turns":6},{"damage":0,"enemies":"Maw","floor":48,"turns":6},{"damage":9,"enemies":"Time Eater","floor":50,"turns":12}],"seed_played":"1080166142230094731","potions_obtained":[{"floor":3,"key":"SmokeBomb"},{"floor":3,"key":"Explosive Potion"},{"floor":3,"key":"FearPotion"},{"floor":8,"key":"Strength Potion"},{"floor":10,"key":"Weak Potion"},{"floor":13,"key":"FairyPotion"},{"floor":13,"key":"Regen Potion"},{"floor":16,"key":"SmokeBomb"},{"floor":19,"key":"Ancient Potion"},{"floor":24,"key":"Swift Potion"},{"floor":33,"key":"Fire Potion"},{"floor":35,"key":"SkillPotion"},{"floor":38,"key":"Fire Potion"},{"floor":46,"key":"SteroidPotion"},{"floor":47,"key":"Swift Potion"}],"is_trial":false,"path_per_floor":["M","?","?","M","$","E","R","E","T","M","E","M","?","M","R","B",null,"M","M","M","?","?","R","M","R","T","R","?","?","E","M","R","B",null,"M","M","?","M","M","E","R","$","T","R","M","M","M","M","R","B",null],"character_chosen":"THE_SILENT","items_purchased":["Kunai","Cloak And Dagger","After Image","Backflip+1","Bandage Up+1"],"campfire_rested":4,"item_purchase_floors":[5,5,42,42,42],"current_hp_per_floor":[63,63,63,63,63,63,63,49,49,43,25,22,22,22,43,28,60,55,51,24,25,25,46,44,44,44,44,44,44,22,16,52,7,54,54,40,40,23,23,23,23,23,23,23,29,37,29,37,74,71],"gold":82,"neow_bonus":"THREE_ENEMY_KILL","is_prod":false,"is_daily":false,"chose_seed":false,"campfire_upgraded":5,"win_rate":0,"timestamp":1547807122,"path_taken":["M","?","?","?","$","E","R","E","T","M","E","?","?","M","R","BOSS","M","M","?","?","?","R","M","R","T","R","?","?","E","M","R","BOSS","M","M","?","?","M","E","R","$","T","R","M","M","M","?","R","BOSS"],"build_version":"2019-01-17","purchased_purges":1,"victory":true,"max_hp_per_floor":[70,70,70,70,70,70,70,70,70,70,70,70,70,70,70,70,70,70,70,70,70,70,70,70,70,70,70,70,70,70,70,70,70,70,70,70,70,70,70,70,70,70,70,70,70,72,74,76,76,76],"card_choices":[{"not_picked":["Outmaneuver","Prepared"],"picked":"Poisoned Stab","floor":1},{"not_picked":["Deadly Poison","Blur"],"picked":"All Out Attack","floor":4},{"not_picked":["Prepared","Reflex"],"picked":"Crippling Poison","floor":6},{"not_picked":["PiercingWail","Deadly Poison"],"picked":"Accuracy","floor":8},{"not_picked":["Catalyst+1","Poisoned Stab"],"picked":"Predator","floor":10},{"not_picked":["Deflect+1","Setup+1"],"picked":"Blade Dance+1","floor":11},{"not_picked":["Dash+1","Wraith Form v2"],"picked":"Deflect+1","floor":12},{"not_picked":["All Out Attack+1","Dagger Throw+1"],"picked":"Noxious Fumes","floor":14},{"not_picked":["Grand Finale+1","Venomology+1"],"picked":"Adrenaline+1","floor":16},{"not_picked":["Underhanded Strike+1","Acrobatics+1"],"picked":"Dodge and Roll+1","floor":18},{"not_picked":["Sucker Punch+1","Bane+1"],"picked":"Slice+1","floor":19},{"not_picked":["Choke+1","Dodge and Roll+1"],"picked":"Cloak And Dagger+1","floor":20},{"not_picked":["Escape Plan+1","Prepared+1"],"picked":"Well Laid Plans","floor":24},{"not_picked":["Expertise+1","Dagger Throw+1"],"picked":"Backstab+1","floor":30},{"not_picked":["Choke+1","Predator+1"],"picked":"Prepared+1","floor":31},{"not_picked":["Night Terror+1","Storm of Steel+1"],"picked":"Burst+1","floor":33},{"not_picked":["Bane+1"],"picked":"SKIP","floor":35},{"not_picked":[],"picked":"Dodge and Roll+1","floor":36},{"not_picked":[],"picked":"Prepared+1","floor":38},{"not_picked":["Dagger Spray+1"],"picked":"SKIP","floor":39},{"not_picked":[],"picked":"Noxious Fumes","floor":40},{"not_picked":[],"picked":"Outmaneuver+1","floor":45},{"not_picked":["Riddle With Holes+1"],"picked":"Singing Bowl","floor":46},{"not_picked":["Quick Slash+1"],"picked":"Singing Bowl","floor":47},{"not_picked":["All Out Attack+1"],"picked":"Singing Bowl","floor":48}],"player_experience":383442,"relics_obtained":[{"floor":6,"key":"Bronze Scales"},{"floor":8,"key":"Girya"},{"floor":9,"key":"Toxic Egg 2"},{"floor":11,"key":"Molten Egg 2"},{"floor":26,"key":"Regal Pillow"},{"floor":30,"key":"Ice Cream"},{"floor":40,"key":"Singing Bowl"},{"floor":43,"key":"Ornamental Fan"}],"event_choices":[{"damage_healed":0,"gold_gain":175,"player_choice":"AGREE","damage_taken":0,"max_hp_gain":0,"max_hp_loss":0,"event_name":"Liars Game","floor":2,"gold_loss":0,"cards_obtained":["Doubt"]},{"damage_healed":0,"gold_gain":0,"player_choice":"Got Potions","damage_taken":0,"max_hp_gain":0,"max_hp_loss":0,"event_name":"Lab","floor":3,"gold_loss":0},{"damage_healed":0,"gold_gain":0,"player_choice":"Bought 2 Potions","damage_taken":0,"max_hp_gain":0,"max_hp_loss":0,"event_name":"The Woman in Blue","floor":13,"gold_loss":0},{"damage_healed":0,"gold_gain":0,"player_choice":"Fight","damage_taken":0,"max_hp_gain":0,"max_hp_loss":0,"event_name":"Colosseum","floor":21,"gold_loss":0},{"damage_healed":0,"gold_gain":0,"player_choice":"Fled From Nobs","damage_taken":0,"max_hp_gain":0,"max_hp_loss":0,"event_name":"Colosseum","floor":21,"gold_loss":0},{"cards_removed":["Doubt"],"damage_healed":0,"gold_gain":0,"player_choice":"Gave Gold","damage_taken":0,"max_hp_gain":0,"max_hp_loss":0,"event_name":"Beggar","floor":22,"gold_loss":75},{"damage_healed":0,"gold_gain":0,"player_choice":"Read","damage_taken":0,"max_hp_gain":0,"max_hp_loss":0,"event_name":"The Library","floor":28,"gold_loss":0,"cards_obtained":["Footwork"]},{"cards_removed":["Strike_G"],"damage_healed":0,"gold_gain":0,"player_choice":"Purged","damage_taken":0,"max_hp_gain":0,"max_hp_loss":0,"event_name":"Purifier","floor":29,"gold_loss":0},{"cards_removed":["Strike_G"],"damage_healed":0,"gold_gain":0,"player_choice":"Upgrade and Remove","damage_taken":0,"max_hp_gain":0,"max_hp_loss":0,"event_name":"Designer","floor":37,"gold_loss":90,"cards_upgraded":["Well Laid Plans"]}],"is_beta":false,"boss_relics":[{"not_picked":["Tiny House","Astrolabe"],"picked":"WristBlade"},{"not_picked":["White Beast Statue","Orrery"],"picked":"Busted Crown"}],"items_purged_floors":[42],"is_endless":false,"potions_floor_spawned":[6,8,10,16,19,24,33,35,36,38,46,47],"ascension_level":9}