{"gold_per_floor":[115,126,136,151,169,204,57,88,88,88,163,163,196,207,207,302,302,322,10,20,20],"floor_reached":21,"playtime":916,"items_purged":["Strike_B"],"score":271,"play_id":"d7acf624-fb6a-452a-b93e-14a551b186f6","local_time":"20190111033701","is_ascension_mode":true,"campfire_choices":[{"floor":10,"key":"REST"},{"data":"Capacitor","floor":12,"key":"SMITH"},{"floor":15,"key":"REST"}],"neow_cost":"TEN_PERCENT_HP_LOSS","seed_source_timestamp":168181186325422,"circlet_count":0,"master_deck":["Defend_B","Defend_B","Defend_B","Defend_B","Zap","Dualcast","Genetic Algorithm","Cold Snap","Barrage","Rebound","Cold Snap","White Noise","Capacitor+1","Chill","Streamline","Gash+1","Aggregate+1","Compile Driver+1","Storm+1","Defragment","Barrage+1"],"relics":["Cracked Core","Emotion Chip","Turnip","Pantograph","Juzu Bracelet","Art of War","Astrolabe","Question Card"],"potions_floor_usage":[8,8,21,21],"damage_taken":[{"damage":0,"enemies":"Cultist","floor":1,"turns":4},{"damage":8,"enemies":"Small Slimes","floor":2,"turns":4},{"damage":0,"enemies":"Jaw Worm","floor":3,"turns":4},{"damage":1,"enemies":"Blue Slaver","floor":4,"turns":3},{"damage":1,"enemies":"Exordium Wildlife","floor":5,"turns":4},{"damage":21,"enemies":"3 Sentries","floor":6,"turns":11},{"damage":14,"enemies":"Gremlin Nob","floor":8,"turns":3},{"damage":3,"enemies":"3 Sentries","floor":13,"turns":8},{"damage":9,"enemies":"Large Slime","floor":14,"turns":6},{"damage":24,"enemies":"The Guardian","floor":16,"turns":11},{"damage":14,"enemies":"Spheric Guardian","floor":18,"turns":5},{"damage":24,"enemies":"2 Thieves","floor":20,"turns":4},{"damage":29,"enemies":"Snake Plant","floor":21,"turns":2}],"seed_played":"6671917089175113089","potions_obtained":[{"floor":3,"key":"FocusPotion"},{"floor":6,"key":"Poison Potion"},{"floor":13,"key":"Swift Potion"},{"floor":16,"key":"GamblersBrew"}],"is_trial":false,"path_per_floor":["M","M","M","M","M","E","$","E","T","R","?","R","E","M","R","B",null,"M","$","M","M"],"character_chosen":"DEFECT","items_purchased":["Capacitor","Defragment","Question Card"],"campfire_rested":2,"item_purchase_floors":[7,19,19],"current_hp_per_floor":[68,60,60,59,58,37,37,23,23,43,32,32,29,20,40,41,61,47,47,23,0],"gold":20,"neow_bonus":"ONE_RARE_RELIC","is_prod":false,"is_daily":false,"chose_seed":false,"campfire_upgraded":1,"win_rate":0,"timestamp":1547174221,"path_taken":["M","M","M","M","?","E","$","E","T","R","?","R","E","M","R","BOSS","M","$","M","M"],"build_version":"2019-01-03v4","purchased_purges":1,"victory":false,"max_hp_per_floor":[68,68,68,68,68,68,68,68,68,68,68,68,68,68,68,68,68,68,68,68,68],"card_choices":[{"not_picked":["Cold Snap","Fusion"],"picked":"Genetic Algorithm","floor":1},{"not_picked":["Ball Lightning","Lockon"],"picked":"Cold Snap","floor":2},{"not_picked":["Heatsinks","Leap"],"picked":"Barrage","floor":3},{"not_picked":["Undo","Gash"],"picked":"Rebound","floor":4},{"not_picked":["Stack","Tempest"],"picked":"Cold Snap","floor":5},{"not_picked":["Thunder Strike","Fusion"],"picked":"White Noise","floor":6},{"not_picked":["Conserve Battery","Cold Snap"],"picked":"Chill","floor":8},{"not_picked":["Turbo","Storm"],"picked":"Streamline","floor":13},{"not_picked":["Hello World","Auto Shields","Recycle"],"picked":"SKIP","floor":14},{"not_picked":["Beam Cell","Genetic Algorithm"],"picked":"Storm+1","floor":18},{"not_picked":["Aggregate+1","Storm+1","Darkness"],"picked":"Barrage+1","floor":20}],"player_experience":663995,"relics_obtained":[{"floor":6,"key":"Turnip"},{"floor":8,"key":"Pantograph"},{"floor":9,"key":"Juzu Bracelet"},{"floor":13,"key":"Art of War"}],"event_choices":[{"damage_healed":0,"gold_gain":75,"player_choice":"Gather Gold","damage_taken":11,"max_hp_gain":0,"max_hp_loss":0,"event_name":"World of Goop","floor":11,"gold_loss":0}],"is_beta":false,"boss_relics":[{"not_picked":["Busted Crown","Lizard Tail"],"picked":"Astrolabe"}],"items_purged_floors":[7],"is_endless":false,"potions_floor_spawned":[3,6,13,16],"killed_by":"Snake Plant","ascension_level":7}