{"gold_per_floor":[12,23,33,33,33,72,72,85,133,133,133,153,166,19,19,148,211,234,253,267,267,94,94,130,130],"floor_reached":25,"playtime":1251,"items_purged":["Strike_R"],"score":223,"play_id":"a5fa470e-71a1-4b1b-ad24-e1109060f923","local_time":"20190304192646","is_ascension_mode":false,"campfire_choices":[{"floor":7,"key":"REST"},{"floor":11,"key":"RECALL"},{"data":"Cleave","floor":15,"key":"SMITH"},{"floor":23,"key":"REST"}],"neow_cost":"NO_GOLD","seed_source_timestamp":34240529390108,"circlet_count":0,"master_deck":["Strike_R","Strike_R","Strike_R","Strike_R+1","Defend_R","Defend_R","Defend_R","Defend_R","Bash","Juggernaut","Clothesline","Shrug It Off","Pommel Strike+1","Strike_B+1","Entrench","Cleave+1","Immolate","Double Tap","Metallicize","Heavy Blade+1","Disarm","Enlightenment","Feel No Pain","Warcry+1"],"relics":["Burning Blood","Golden Idol","Whetstone","Tiny House","Oddly Smooth Stone"],"potions_floor_usage":[12,13,19,24,24,24],"damage_taken":[{"damage":6,"enemies":"2 Louse","floor":1,"turns":3},{"damage":0,"enemies":"Small Slimes","floor":2,"turns":4},{"damage":0,"enemies":"Cultist","floor":3,"turns":3},{"damage":34,"enemies":"3 Sentries","floor":6,"turns":11},{"damage":4,"enemies":"Blue Slaver","floor":8,"turns":5},{"damage":5,"enemies":"Lots of Slimes","floor":12,"turns":3},{"damage":13,"enemies":"Exordium Thugs","floor":13,"turns":6},{"damage":69,"enemies":"The Guardian","floor":16,"turns":14},{"damage":19,"enemies":"Spheric Guardian","floor":18,"turns":4},{"damage":34,"enemies":"2 Thieves","floor":19,"turns":5},{"damage":21,"enemies":"3 Cultists","floor":20,"turns":4},{"damage":56,"enemies":"Book of Stabbing","floor":24,"turns":8},{"damage":21,"enemies":"Snake Plant","floor":25,"turns":1}],"seed_played":"-3315548415346327047","potions_obtained":[{"floor":2,"key":"Fire Potion"},{"floor":6,"key":"PowerPotion"},{"floor":12,"key":"Weak Potion"},{"floor":13,"key":"Swift Potion"},{"floor":17,"key":"Ancient Potion"},{"floor":18,"key":"Fruit Juice"},{"floor":19,"key":"BloodPotion"},{"floor":20,"key":"SteroidPotion"}],"is_trial":false,"path_per_floor":["M","M","M","?","?","E","R","M","T","$","R","M","M","$","R","B",null,"M","M","M","?","$","R","E","M"],"character_chosen":"IRONCLAD","items_purchased":["Immolate","Enlightenment","Feel No Pain"],"campfire_rested":2,"item_purchase_floors":[14,22,22],"current_hp_per_floor":[80,80,80,80,80,52,76,78,78,78,78,79,72,72,72,9,85,72,49,34,34,34,61,20,0],"gold":130,"neow_bonus":"THREE_RARE_CARDS","is_prod":false,"is_daily":false,"chose_seed":false,"campfire_upgraded":1,"win_rate":0,"timestamp":1551749206,"path_taken":["M","M","M","?","?","E","R","M","T","$","R","M","M","$","R","BOSS","M","?","M","?","$","R","E","?"],"build_version":"2019-01-23","purchased_purges":1,"victory":false,"max_hp_per_floor":[80,80,80,80,80,80,80,80,80,80,80,80,80,80,80,80,85,85,90,90,90,90,90,90,90],"card_choices":[{"not_picked":["Offering","Reaper"],"picked":"Juggernaut","floor":0},{"not_picked":["Havoc","Flex"],"picked":"Clothesline","floor":1},{"not_picked":["Wild Strike","Armaments"],"picked":"Shrug It Off","floor":2},{"not_picked":["Inflame","Flex"],"picked":"Pommel Strike","floor":3},{"not_picked":["Burning Pact","Heavy Blade"],"picked":"Entrench","floor":6},{"not_picked":["Headbutt","Second Wind"],"picked":"Cleave","floor":8},{"not_picked":["Twin Strike","Searing Blow","Clash"],"picked":"SKIP","floor":12},{"not_picked":["Perfected Strike","Infernal Blade","Burning Pact"],"picked":"SKIP","floor":13},{"not_picked":["Immolate","Brutality"],"picked":"Double Tap","floor":16},{"not_picked":["Clothesline","Fire Breathing"],"picked":"Metallicize","floor":17},{"not_picked":["Reckless Charge+1","Dropkick+1"],"picked":"Heavy Blade+1","floor":18},{"not_picked":["Thunderclap","Anger+1","Clash"],"picked":"SKIP","floor":19},{"not_picked":["Warcry","Carnage+1"],"picked":"Disarm","floor":20},{"not_picked":["Intimidate","Fire Breathing"],"picked":"Warcry+1","floor":24}],"player_experience":528330,"relics_obtained":[{"floor":9,"key":"Whetstone"},{"floor":24,"key":"Oddly Smooth Stone"}],"event_choices":[{"damage_healed":0,"gold_gain":0,"player_choice":"Take Wound","damage_taken":0,"relics_obtained":["Golden Idol"],"max_hp_gain":0,"max_hp_loss":0,"event_name":"Golden Idol","floor":4,"gold_loss":0,"cards_obtained":["Injury"]},{"cards_removed":["Injury"],"damage_healed":0,"gold_gain":0,"player_choice":"Took Card","damage_taken":0,"max_hp_gain":0,"max_hp_loss":0,"event_name":"NoteForYourself","floor":5,"gold_loss":0,"cards_obtained":["Strike_B"]},{"damage_healed":0,"gold_gain":0,"player_choice":"Got Potions","damage_taken":0,"max_hp_gain":0,"max_hp_loss":0,"event_name":"Lab","floor":21,"gold_loss":0}],"is_beta":false,"boss_relics":[{"not_picked":["Runic Dome","Fusion Hammer"],"picked":"Tiny House"}],"items_purged_floors":[14],"is_endless":false,"potions_floor_spawned":[2,6,12,13,18,19,20],"killed_by":"Snake Plant","ascension_level":0}