{"gold_per_floor":[111,130,149,149,249,249,261,280,307,307,327,327,327,385,385,482,482,500,514,526,526],"floor_reached":21,"playtime":660,"items_purged":[],"score":220,"play_id":"e1d15f81-072c-44b2-bdd5-3354f5ba9c8c","local_time":"20181218204926","is_ascension_mode":true,"campfire_choices":[{"data":"Static Discharge","floor":6,"key":"SMITH"},{"data":"Tempest","floor":10,"key":"SMITH"},{"data":"Reinforced Body","floor":12,"key":"SMITH"},{"floor":15,"key":"REST"}],"neow_cost":"NONE","seed_source_timestamp":464925494344261,"circlet_count":0,"master_deck":["Strike_B","Strike_B","Strike_B","Strike_B","Defend_B","Defend_B","Defend_B","Defend_B","Zap+1","Dualcast+1","Static Discharge+1","Tempest+1","Reinforced Body+1","Echo Form","Auto Shields","Defragment+1"],"relics":["Cracked Core","Anchor","Art of War","Tiny Chest","Black Star"],"potions_floor_usage":[2,2,14],"damage_taken":[{"damage":5,"enemies":"Small Slimes","floor":1,"turns":4},{"damage":0,"enemies":"2 Louse","floor":2,"turns":2},{"damage":0,"enemies":"Cultist","floor":3,"turns":3},{"damage":8,"enemies":"Large Slime","floor":7,"turns":3},{"damage":13,"enemies":"Lots of Slimes","floor":8,"turns":3},{"damage":1,"enemies":"Looter","floor":11,"turns":3},{"damage":15,"enemies":"Lagavulin","floor":14,"turns":5},{"damage":37,"enemies":"Slime Boss","floor":16,"turns":10},{"damage":21,"enemies":"Shell Parasite","floor":18,"turns":4},{"damage":8,"enemies":"3 Byrds","floor":19,"turns":3},{"damage":21,"enemies":"3 Cultists","floor":20,"turns":5},{"damage":27,"enemies":"Shelled Parasite and Fungi","floor":21,"turns":4}],"seed_played":"-997293548481812170","potions_obtained":[{"floor":1,"key":"EntropicBrew"},{"floor":3,"key":"SteroidPotion"},{"floor":7,"key":"Poison Potion"},{"floor":18,"key":"Dexterity Potion"}],"is_trial":false,"path_per_floor":["M","M","M","?","?","R","M","M","T","R","M","R","?","E","R","B",null,"M","M","M","M"],"character_chosen":"DEFECT","items_purchased":[],"campfire_rested":1,"item_purchase_floors":[],"current_hp_per_floor":[70,70,70,67,67,67,59,46,46,46,45,45,45,30,52,15,75,54,46,25,0],"gold":526,"neow_bonus":"UPGRADE_CARD","is_prod":false,"is_daily":false,"chose_seed":false,"campfire_upgraded":3,"win_rate":0,"timestamp":1545162566,"path_taken":["M","M","M","?","?","R","?","M","T","R","M","R","?","E","R","BOSS","M","M","M","M"],"build_version":"2018-12-13","purchased_purges":0,"victory":false,"max_hp_per_floor":[75,75,75,75,75,75,75,75,75,75,75,75,75,75,75,75,75,75,75,75,75],"card_choices":[{"not_picked":["Redo","Ball Lightning","Leap"],"picked":"SKIP","floor":1},{"not_picked":["Sweeping Beam","Tempest"],"picked":"Static Discharge","floor":2},{"not_picked":["Coolheaded","Scrape"],"picked":"Tempest","floor":3},{"not_picked":["Fusion","Gash","Rebound"],"picked":"SKIP","floor":7},{"not_picked":["Leap","Redo","Stack"],"picked":"SKIP","floor":8},{"not_picked":["Redo","Rip and Tear"],"picked":"Reinforced Body","floor":11},{"not_picked":["Meteor Strike","Turbo","Undo"],"picked":"SKIP","floor":14},{"not_picked":["Rainbow","Core Surge"],"picked":"Echo Form","floor":16},{"not_picked":["Coolheaded","Leap","Turbo"],"picked":"SKIP","floor":18},{"not_picked":["Cold Snap","Compile Driver"],"picked":"Auto Shields","floor":19},{"not_picked":["Barrage","Compile Driver"],"picked":"Defragment+1","floor":20}],"player_experience":569716,"relics_obtained":[{"floor":9,"key":"Art of War"},{"floor":14,"key":"Tiny Chest"}],"event_choices":[{"damage_healed":0,"gold_gain":0,"player_choice":"Success","damage_taken":3,"relics_obtained":["Anchor"],"max_hp_gain":0,"max_hp_loss":0,"event_name":"Scrap Ooze","floor":4,"gold_loss":0},{"damage_healed":0,"gold_gain":100,"player_choice":"Pray","damage_taken":0,"max_hp_gain":0,"max_hp_loss":0,"event_name":"Golden Shrine","floor":5,"gold_loss":0},{"damage_healed":0,"gold_gain":0,"player_choice":"Forge","damage_taken":0,"max_hp_gain":0,"max_hp_loss":0,"event_name":"Accursed Blacksmith","floor":13,"gold_loss":0,"cards_upgraded":["Dualcast"]}],"is_beta":false,"boss_relics":[{"not_picked":["Runic Pyramid","Snecko Eye"],"picked":"Black Star"}],"items_purged_floors":[],"is_endless":false,"potions_floor_spawned":[1,3,7,18],"killed_by":"Shelled Parasite and Fungi","ascension_level":4}