{"path_per_floor":["M","M","?","M","M","R","E","R","T","?","R","?","E","$","R","B",null,"M","M","$","M","$","E","M","R","T","M","R","M","M","M","R","B",null,"M","M","T","M","M","R","M","R","T","M","$","R","M","M","R","B"],"character_chosen":"THE_SILENT","items_purchased":["Underhanded Strike","Block Potion","Gremlin Horn","Dramatic Entrance","Madness","Ancient Tea Set","Centennial Puzzle","Acrobatics","Calculated Gamble","Swift Strike"],"gold_per_floor":[114,129,204,219,234,234,264,264,339,514,514,514,544,442,442,542,542,557,572,222,237,146,176,191,191,191,206,206,221,266,281,281,381,411,426,441,441,456,471,471,486,486,511,526,27,27,42,57,57,57],"floor_reached":51,"campfire_rested":2,"playtime":2371,"current_hp_per_floor":[70,70,59,51,43,43,31,52,52,52,70,65,51,51,51,66,77,69,69,69,75,75,75,75,75,75,75,75,75,77,77,77,18,82,82,74,74,68,70,70,86,86,88,90,90,90,92,94,94,96],"items_purged":[],"gold":57,"score":985,"play_id":"5ffd6320-5fc6-4e8a-a9ca-982029673f75","local_time":"20180422205201","daily_mods":["Draft","Vintage","Hoarder"],"is_prod":false,"is_daily":true,"chose_seed":false,"is_ascension_mode":false,"campfire_upgraded":9,"timestamp":1524444721,"path_taken":["M","M","?","M","M","R","E","R","T","?","R","?","E","$","R","BOSS","M","M","$","M","$","E","M","R","T","M","R","M","M","M","R","BOSS","M","M","?","M","M","R","M","R","T","M","$","R","M","M","R","BOSS"],"build_version":"2018-04-19","seed_source_timestamp":0,"purchased_purges":0,"victory":true,"master_deck":["Prepared+1","Prepared+1","Prepared","Deadly Poison","Deadly Poison","Deadly Poison","All Out Attack+1","All Out Attack","All Out Attack+1","Sucker Punch+1","Sucker Punch","Sucker Punch","Bouncing Flask","Bouncing Flask","Bouncing Flask+1","Deadly Poison","Deadly Poison","Deadly Poison","Doubt","Doubt","Doubt","Underhanded Strike","Underhanded Strike","Underhanded Strike","Venomology","Venomology","Venomology","Dramatic Entrance+1","Dramatic Entrance+1","Dramatic Entrance+1","Madness","Madness","Madness","Reflex+1","Reflex","Reflex","Blur+1","Blur","Blur","After Image+1","After Image+1","After Image+1","Escape Plan+1","Escape Plan+1","Escape Plan+1","Acrobatics","Acrobatics","Acrobatics","Calculated Gamble","Calculated Gamble","Calculated Gamble","Swift Strike","Swift Strike","Swift Strike"],"max_hp_per_floor":[70,70,70,70,70,70,70,70,70,70,70,77,77,77,77,77,77,77,77,77,77,77,77,77,77,77,77,77,77,77,77,77,77,82,82,82,82,82,82,82,96,96,98,98,98,98,98,98,98,98],"relics":["Ring of the Snake","Shuriken","Bag of Marbles","Vajra","Bag of Preparation","Anchor","Smiling Mask","Strawberry","Prayer Wheel","Calipers","Runic Dome","Whetstone","Regal Pillow","Gremlin Horn","Orichalcum","War Paint","The Courier","Question Card","Lantern","Blood Vial","Tiny Chest","Art of War","Juzu Bracelet","Tiny House","Tingsha","Toolbox","Tough Bandages","Oddly Smooth Stone","Paper Crane","Mango","Singing Bowl","Snake Skull","Ancient Tea Set","Centennial Puzzle","Happy Flower","Bottled Lightning"],"card_choices":[{"not_picked":["Predator","Bane"],"picked":"Prepared","floor":0},{"not_picked":["Acrobatics","Flying Knee"],"picked":"Deadly Poison","floor":0},{"not_picked":["Outmaneuver","Dash"],"picked":"All Out Attack","floor":0},{"not_picked":["Dagger Throw","Blade Dance"],"picked":"Sucker Punch","floor":0},{"not_picked":["Prepared","Flechettes"],"picked":"Bouncing Flask","floor":0},{"not_picked":["Flying Knee","Backflip"],"picked":"Deadly Poison","floor":0},{"not_picked":["Storm of Steel","Grand Finale"],"picked":"Venomology","floor":16},{"not_picked":["Malaise","Riddle With Holes"],"picked":"Reflex","floor":23},{"not_picked":["Acrobatics","Dagger Throw"],"picked":"Blur","floor":26},{"not_picked":["Die Die Die","Corpse Explosion","Envenom"],"picked":"After Image","floor":33},{"not_picked":["Well Laid Plans","Flying Knee","Underhanded Strike"],"picked":"Escape Plan","floor":34}],"player_experience":207049,"potions_floor_usage":[16,16,18,19,19,21,21,27,33,33,33,33,35,35,41,41,41,50,50,50],"damage_taken":[{"damage":0,"enemies":"Cultist","floor":1,"turns":2},{"damage":0,"enemies":"2 Louse","floor":2,"turns":1},{"damage":8,"enemies":"Jaw Worm","floor":4,"turns":2},{"damage":8,"enemies":"Large Slime","floor":5,"turns":3},{"damage":12,"enemies":"Gremlin Nob","floor":7,"turns":3},{"damage":14,"enemies":"3 Sentries","floor":13,"turns":4},{"damage":0,"enemies":"Slime Boss","floor":16,"turns":5},{"damage":8,"enemies":"Shell Parasite","floor":18,"turns":3},{"damage":0,"enemies":"2 Thieves","floor":19,"turns":2},{"damage":0,"enemies":"3 Cultists","floor":21,"turns":2},{"damage":0,"enemies":"Gremlin Leader","floor":23,"turns":3},{"damage":0,"enemies":"Cultist and Chosen","floor":24,"turns":1},{"damage":0,"enemies":"Snake Plant","floor":27,"turns":2},{"damage":0,"enemies":"Sentry and Sphere","floor":29,"turns":1},{"damage":0,"enemies":"Chosen and Byrds","floor":30,"turns":2},{"damage":0,"enemies":"Slaver and Parasite","floor":31,"turns":1},{"damage":59,"enemies":"Automaton","floor":33,"turns":7},{"damage":0,"enemies":"Orb Walker","floor":35,"turns":1},{"damage":8,"enemies":"3 Shapes","floor":36,"turns":1},{"damage":8,"enemies":"Sphere and 2 Shapes","floor":38,"turns":1},{"damage":0,"enemies":"4 Shapes","floor":39,"turns":1},{"damage":0,"enemies":"Maw","floor":41,"turns":6},{"damage":0,"enemies":"3 Darklings","floor":44,"turns":1},{"damage":0,"enemies":"4 Shapes","floor":47,"turns":1},{"damage":0,"enemies":"Sphere and 2 Shapes","floor":48,"turns":3},{"damage":0,"enemies":"Awakened One","floor":50,"turns":13}],"event_choices":[{"event_name":"World of Goop","player_choice":"Gather Gold","floor":3,"damage_taken":0},{"event_name":"Liars Game","player_choice":"agreed","floor":10,"damage_taken":0},{"event_name":"Scrap Ooze","player_choice":"success","floor":12,"damage_taken":12}],"boss_relics":[{"not_picked":["Calling Bell","White Beast Statue"],"picked":"Runic Dome"},{"not_picked":["Black Star","Eternal Feather"],"picked":"Tiny House"}],"potions_floor_spawned":[2,13,16,18,19,21,24,31,33,36,41,47],"seed_played":"2192268310771929411","ascension_level":0,"is_trial":false}