{"gold_per_floor":[113,133,151,226,238,238,255,270,270,284,284,316,316,316,316,316],"floor_reached":16,"playtime":546,"items_purged":[],"score":109,"play_id":"55b874ef-96c4-4657-8c36-0c551cac1247","local_time":"20181126002013","is_ascension_mode":true,"campfire_choices":[{"data":"Zap","floor":6,"key":"SMITH"},{"data":"Reinforced Body","floor":11,"key":"SMITH"},{"data":"Dualcast","floor":13,"key":"SMITH"},{"floor":15,"key":"REST"}],"neow_cost":"NONE","seed_source_timestamp":885085272676061,"circlet_count":0,"master_deck":["Strike_B","Strike_B","Strike_B","Strike_B","Defend_B","Defend_B","Defend_B","Defend_B+1","Zap+1","Dualcast+1","Heatsinks","Heatsinks","Double Energy+1","Reinforced Body+1"],"relics":["Cracked Core","Meat on the Bone","Boot"],"potions_floor_usage":[12,12,12],"damage_taken":[{"damage":1,"enemies":"2 Louse","floor":1,"turns":4},{"damage":1,"enemies":"Jaw Worm","floor":2,"turns":4},{"damage":2,"enemies":"Small Slimes","floor":3,"turns":3},{"damage":12,"enemies":"Looter","floor":5,"turns":4},{"damage":9,"enemies":"Blue Slaver","floor":7,"turns":4},{"damage":15,"enemies":"2 Fungi Beasts","floor":8,"turns":5},{"damage":12,"enemies":"Large Slime","floor":10,"turns":7},{"damage":20,"enemies":"Gremlin Nob","floor":12,"turns":4},{"damage":31,"enemies":"The Guardian","floor":16,"turns":10}],"seed_played":"-7899492792356548932","potions_obtained":[{"floor":1,"key":"Energy Potion"},{"floor":2,"key":"LiquidBronze"},{"floor":7,"key":"SkillPotion"},{"floor":8,"key":"Fire Potion"}],"is_trial":false,"path_per_floor":["M","M","M","?","M","R","M","M","T","M","R","E","R","?","R","B"],"character_chosen":"DEFECT","items_purchased":[],"campfire_rested":1,"item_purchase_floors":[],"current_hp_per_floor":[81,80,78,67,55,55,46,31,31,31,31,23,23,7,31,0],"gold":316,"neow_bonus":"TEN_PERCENT_HP_BONUS","is_prod":false,"is_daily":false,"chose_seed":false,"campfire_upgraded":3,"win_rate":0,"timestamp":1543188013,"path_taken":["M","M","M","?","M","R","M","M","T","M","R","E","R","?","R","BOSS"],"build_version":"2018-11-15","purchased_purges":0,"victory":false,"max_hp_per_floor":[82,82,82,82,82,82,82,82,82,82,82,82,82,82,82,82],"card_choices":[{"not_picked":["Sweeping Beam","Sunder"],"picked":"Heatsinks","floor":1},{"not_picked":["Leap","Rip and Tear"],"picked":"Heatsinks","floor":2},{"not_picked":["Steam Power","Sweeping Beam","Cold Snap"],"picked":"SKIP","floor":3},{"not_picked":["Scrape","Consume"],"picked":"Double Energy","floor":5},{"not_picked":["Go for the Eyes","Steam","Rip and Tear"],"picked":"SKIP","floor":7},{"not_picked":["Leap","Gash","Rebound"],"picked":"SKIP","floor":8},{"not_picked":["Go for the Eyes","Streamline"],"picked":"Reinforced Body","floor":10},{"not_picked":["Steam Power","Doom and Gloom","Rip and Tear"],"picked":"SKIP","floor":12}],"player_experience":557738,"relics_obtained":[{"floor":9,"key":"Meat on the Bone"},{"floor":12,"key":"Boot"}],"event_choices":[{"damage_healed":0,"gold_gain":75,"player_choice":"Gather Gold","damage_taken":11,"max_hp_gain":0,"max_hp_loss":0,"event_name":"World of Goop","floor":4,"gold_loss":0},{"damage_healed":0,"gold_gain":0,"player_choice":"Entered Light","damage_taken":16,"max_hp_gain":0,"max_hp_loss":0,"event_name":"Shining Light","floor":14,"gold_loss":0,"cards_upgraded":["Defend_B","Double Energy"]}],"is_beta":false,"boss_relics":[],"items_purged_floors":[],"is_endless":false,"potions_floor_spawned":[1,2,7,8],"killed_by":"The Guardian","ascension_level":1}