{"gold_per_floor":[113,129,140,90,90,90,90,129,129,149,149,170,185,199,199,199],"floor_reached":16,"playtime":900,"items_purged":[],"score":104,"play_id":"31513c0c-f4f2-44cb-9044-92a9e3316824","local_time":"20190107213339","is_ascension_mode":false,"campfire_choices":[{"data":"Survivor","floor":6,"key":"SMITH"},{"floor":11,"key":"REST"},{"data":"Poisoned Stab","floor":15,"key":"SMITH"}],"neow_cost":"TEN_PERCENT_HP_LOSS","seed_source_timestamp":292903460363950,"circlet_count":0,"master_deck":["Defend_G","Defend_G","Defend_G","Defend_G","Defend_G","Strike_G","Strike_G","Strike_G","Strike_G","Survivor+1","Neutralize","Masterful Stab","Poisoned Stab+1","Deadly Poison","Injury","Bullet Time","Dodge and Roll","Escape Plan","Eviscerate","Endless Agony"],"relics":["Ring of the Snake","The Specimen","Golden Idol","Pear","The Courier"],"potions_floor_usage":[8,16],"damage_taken":[{"damage":3,"enemies":"Jaw Worm","floor":1,"turns":6},{"damage":0,"enemies":"Small Slimes","floor":2,"turns":3},{"damage":0,"enemies":"2 Louse","floor":3,"turns":2},{"damage":16,"enemies":"Lagavulin","floor":8,"turns":5},{"damage":15,"enemies":"Exordium Wildlife","floor":10,"turns":5},{"damage":0,"enemies":"Blue Slaver","floor":12,"turns":4},{"damage":2,"enemies":"Large Slime","floor":13,"turns":8},{"damage":0,"enemies":"3 Louse","floor":14,"turns":4},{"damage":87,"enemies":"Slime Boss","floor":16,"turns":11}],"seed_played":"5294815272171835310","potions_obtained":[{"floor":2,"key":"AttackPotion"},{"floor":8,"key":"Regen Potion"}],"is_trial":false,"path_per_floor":["M","M","M","?","?","R","?","E","T","M","R","M","M","M","R","B"],"character_chosen":"THE_SILENT","items_purchased":[],"campfire_rested":1,"item_purchase_floors":[],"current_hp_per_floor":[60,60,60,60,60,60,65,59,59,44,67,67,65,65,65,0],"gold":199,"neow_bonus":"ONE_RARE_RELIC","is_prod":false,"is_daily":false,"chose_seed":false,"campfire_upgraded":2,"win_rate":0,"timestamp":1546914819,"path_taken":["M","M","M","?","?","R","?","E","T","M","R","M","?","M","R","BOSS"],"build_version":"2019-01-03v4","purchased_purges":0,"victory":false,"max_hp_per_floor":[63,63,63,63,63,63,68,78,78,78,78,78,78,78,78,78],"card_choices":[{"not_picked":["Flying Knee","Accuracy"],"picked":"Masterful Stab","floor":1},{"not_picked":["Blade Dance","Outmaneuver"],"picked":"Poisoned Stab","floor":2},{"not_picked":["Underhanded Strike","Slice"],"picked":"Deadly Poison","floor":3},{"not_picked":["Burst","Dagger Spray"],"picked":"Bullet Time","floor":8},{"not_picked":["Underhanded Strike","Dagger Throw"],"picked":"Dodge and Roll","floor":10},{"not_picked":["Sucker Punch","Endless Agony"],"picked":"Escape Plan","floor":12},{"not_picked":["Choke","Backflip"],"picked":"Eviscerate","floor":13},{"not_picked":["Eviscerate","Sucker Punch"],"picked":"Endless Agony","floor":14}],"player_experience":467335,"relics_obtained":[{"floor":8,"key":"Pear"},{"floor":9,"key":"The Courier"}],"event_choices":[{"cards_removed":["Strike_G"],"damage_healed":0,"gold_gain":0,"player_choice":"Card Removal","damage_taken":0,"max_hp_gain":0,"max_hp_loss":0,"event_name":"The Cleric","floor":4,"gold_loss":50},{"damage_healed":0,"gold_gain":0,"player_choice":"Take Wound","damage_taken":0,"relics_obtained":["Golden Idol"],"max_hp_gain":0,"max_hp_loss":0,"event_name":"Golden Idol","floor":5,"gold_loss":0,"cards_obtained":["Injury"]},{"damage_healed":0,"gold_gain":0,"player_choice":"Donut","damage_taken":0,"max_hp_gain":5,"max_hp_loss":0,"event_name":"Big Fish","floor":7,"gold_loss":0}],"is_beta":true,"boss_relics":[],"items_purged_floors":[],"is_endless":false,"potions_floor_spawned":[2,8],"killed_by":"Slime Boss","ascension_level":0}