{"gold_per_floor":[110,122,135,60,73,73,84,84,84,101,101,127,141,41,41,142,142,154,45,59,78,94,94,106,121,144,162,162,180,180,180,180,279,279,293,393,410,424,439,439,439,2,2,2,2,14,33,53,53,53],"floor_reached":51,"playtime":8734,"items_purged":["Strike_G","Defend_G","Strike_G"],"score":684,"play_id":"c6d13cdf-3693-48cb-8efc-190d252327c2","local_time":"20190223192648","is_ascension_mode":false,"campfire_choices":[{"data":"Survivor","floor":6,"key":"SMITH"},{"floor":8,"key":"REST"},{"floor":15,"key":"REST"},{"floor":23,"key":"REST"},{"floor":30,"key":"REST"},{"floor":32,"key":"REST"},{"data":"Noxious Fumes","floor":44,"key":"SMITH"},{"floor":49,"key":"REST"}],"neow_cost":"PERCENT_DAMAGE","seed_source_timestamp":610767811563618,"circlet_count":0,"master_deck":["Defend_G","Defend_G","Defend_G","Defend_G","Strike_G","Survivor+1","Neutralize","Footwork","Catalyst","Bane+1","Concentrate","Deflect","Poisoned Stab","Expertise","Dagger Spray","Backstab","Dodge and Roll","Blur","Die Die Die","Noxious Fumes+1","Escape Plan+1","Catalyst","Skewer","Poisoned Stab","Burst","Backflip","Backflip+1","Deadly Poison+1","Bouncing Flask+1","Backstab","Deadly Poison","Corpse Explosion","PiercingWail+1","Leg Sweep","Reflex","Parasite","Well Laid Plans+1"],"relics":["Ring of the Serpent","Prayer Wheel","Whetstone","Snake Skull","Orichalcum","Velvet Choker","Potion Belt","Bottled Tornado"],"potions_floor_usage":[7,12,12,27,28,28,35,35,39,47,50,50,50],"damage_taken":[{"damage":0,"enemies":"Small Slimes","floor":1,"turns":4},{"damage":6,"enemies":"Cultist","floor":2,"turns":4},{"damage":5,"enemies":"2 Louse","floor":3,"turns":3},{"damage":8,"enemies":"2 Fungi Beasts","floor":5,"turns":5},{"damage":13,"enemies":"Gremlin Gang","floor":7,"turns":7},{"damage":22,"enemies":"Lots of Slimes","floor":10,"turns":8},{"damage":0,"enemies":"Lagavulin","floor":12,"turns":6},{"damage":0,"enemies":"Exordium Thugs","floor":13,"turns":4},{"damage":16,"enemies":"The Guardian","floor":16,"turns":16},{"damage":5,"enemies":"Chosen","floor":18,"turns":5},{"damage":2,"enemies":"Shell Parasite","floor":20,"turns":5},{"damage":23,"enemies":"Shelled Parasite and Fungi","floor":21,"turns":6},{"damage":18,"enemies":"Cultist and Chosen","floor":22,"turns":7},{"damage":5,"enemies":"Sentry and Sphere","floor":24,"turns":7},{"damage":13,"enemies":"Snecko","floor":25,"turns":5},{"damage":6,"enemies":"Snake Plant","floor":27,"turns":4},{"damage":13,"enemies":"Colosseum Slavers","floor":28,"turns":4},{"damage":3,"enemies":"3 Cultists","floor":29,"turns":6},{"damage":32,"enemies":"Collector","floor":33,"turns":4},{"damage":11,"enemies":"3 Darklings","floor":35,"turns":3},{"damage":1,"enemies":"Orb Walker","floor":37,"turns":4},{"damage":26,"enemies":"Jaw Worm Horde","floor":38,"turns":3},{"damage":24,"enemies":"Sphere and 2 Shapes","floor":39,"turns":5},{"damage":3,"enemies":"Writhing Mass","floor":46,"turns":5},{"damage":0,"enemies":"Transient","floor":47,"turns":5},{"damage":12,"enemies":"4 Shapes","floor":48,"turns":5},{"damage":44,"enemies":"Donu and Deca","floor":50,"turns":6}],"seed_played":"2783527183465637444","potions_obtained":[{"floor":2,"key":"Swift Potion"},{"floor":3,"key":"Block Potion"},{"floor":5,"key":"Dexterity Potion"},{"floor":16,"key":"Poison Potion"},{"floor":20,"key":"SteroidPotion"},{"floor":22,"key":"Explosive Potion"},{"floor":29,"key":"GhostInAJar"},{"floor":33,"key":"FearPotion"},{"floor":38,"key":"Energy Potion"},{"floor":39,"key":"Poison Potion"},{"floor":46,"key":"Fire Potion"}],"is_trial":false,"path_per_floor":["M","M","M","$","M","R","M","R","T","M","?","E","M","$","R","B",null,"M","$","M","M","M","R","M","M","T","M","?","M","R","$","R","B",null,"M","?","M","M","M","?","?","$","T","R","?","M","M","M","R","B",null],"character_chosen":"THE_SILENT","items_purchased":["Catalyst","Skewer","Leg Sweep","Regen Potion","Weak Potion","Potion Belt"],"campfire_rested":6,"item_purchase_floors":[19,19,42,42,42,42],"current_hp_per_floor":[49,43,38,38,30,30,17,38,38,16,16,16,16,16,37,21,70,65,65,63,40,22,43,38,25,25,19,6,3,24,24,45,13,70,59,59,58,32,8,8,61,61,61,61,61,58,58,46,61,29],"gold":53,"neow_bonus":"ONE_RARE_RELIC","is_prod":false,"is_daily":false,"chose_seed":false,"campfire_upgraded":2,"win_rate":0,"timestamp":1550917608,"path_taken":["M","M","M","$","M","R","M","R","T","M","?","E","M","$","R","BOSS","M","$","M","M","M","R","?","M","T","M","?","M","R","$","R","BOSS","M","?","?","?","M","?","?","$","T","R","?","?","M","M","R","BOSS"],"build_version":"2019-01-23","purchased_purges":3,"victory":true,"max_hp_per_floor":[70,70,70,70,70,70,70,70,70,70,70,70,70,70,70,70,70,70,70,70,70,70,70,70,70,70,70,70,70,70,70,70,70,70,70,70,70,70,70,70,61,61,61,61,61,61,61,61,61,61],"card_choices":[{"not_picked":["Dagger Spray","Tactician"],"picked":"Footwork","floor":1},{"not_picked":["Quick Slash","Cloak And Dagger"],"picked":"Catalyst","floor":1},{"not_picked":["Dodge and Roll","Expertise"],"picked":"Bane","floor":2},{"not_picked":["Endless Agony","Bane"],"picked":"Concentrate","floor":2},{"not_picked":["Dagger Throw","Footwork"],"picked":"Deflect","floor":3},{"not_picked":["Choke","Slice","Quick Slash"],"picked":"SKIP","floor":3},{"not_picked":["Riddle With Holes","Deflect"],"picked":"Poisoned Stab","floor":5},{"not_picked":["Underhanded Strike","Footwork","Eviscerate"],"picked":"SKIP","floor":5},{"not_picked":["A Thousand Cuts","Footwork"],"picked":"Expertise","floor":7},{"not_picked":["Flechettes","Blade Dance","Sucker Punch"],"picked":"SKIP","floor":7},{"not_picked":["Quick Slash","Dodge and Roll"],"picked":"Dagger Spray","floor":10},{"not_picked":["Concentrate","Bane"],"picked":"Backstab","floor":10},{"not_picked":["Eviscerate","Infinite Blades"],"picked":"Dodge and Roll","floor":12},{"not_picked":["Quick Slash","Blade Dance"],"picked":"Blur","floor":13},{"not_picked":["Quick Slash","Sucker Punch","Acrobatics"],"picked":"SKIP","floor":13},{"not_picked":["A Thousand Cuts","Grand Finale"],"picked":"Die Die Die","floor":16},{"not_picked":["Deflect+1","Expertise"],"picked":"Noxious Fumes","floor":18},{"not_picked":["Concentrate","Distraction"],"picked":"Escape Plan+1","floor":18},{"not_picked":["Cloak And Dagger","PiercingWail"],"picked":"Poisoned Stab","floor":20},{"not_picked":["Flying Knee","Noxious Fumes"],"picked":"Burst","floor":20},{"not_picked":["Sucker Punch","Expertise"],"picked":"Backflip","floor":21},{"not_picked":["Prepared","Poisoned Stab","Flying Knee"],"picked":"SKIP","floor":21},{"not_picked":["Riddle With Holes","Reflex"],"picked":"Backflip+1","floor":22},{"not_picked":["Dodge and Roll","Deflect"],"picked":"Deadly Poison+1","floor":22},{"not_picked":["Slice","Deflect+1","Outmaneuver"],"picked":"SKIP","floor":24},{"not_picked":["Accuracy","Footwork","Infinite Blades+1"],"picked":"SKIP","floor":24},{"not_picked":["Poisoned Stab+1","Blade Dance"],"picked":"Bouncing Flask+1","floor":25},{"not_picked":["Outmaneuver+1","Blade Dance","Prepared"],"picked":"SKIP","floor":25},{"not_picked":["Dagger Throw","Deflect"],"picked":"Backstab","floor":27},{"not_picked":["Deflect","Eviscerate+1","Dash"],"picked":"SKIP","floor":27},{"not_picked":["Dodge and Roll","Concentrate"],"picked":"Deadly Poison","floor":29},{"not_picked":["Escape Plan","Grand Finale","Choke"],"picked":"SKIP","floor":29},{"not_picked":["Grand Finale","Phantasmal Killer"],"picked":"Corpse Explosion","floor":33},{"not_picked":["Prepared","Underhanded Strike+1"],"picked":"PiercingWail+1","floor":35},{"not_picked":["Terror","Deadly Poison","Underhanded Strike"],"picked":"SKIP","floor":35},{"not_picked":["Sucker Punch","Bane","Backflip"],"picked":"SKIP","floor":37},{"not_picked":["Deflect","Expertise+1","Deadly Poison+1"],"picked":"SKIP","floor":37},{"not_picked":["Distraction","Blade Dance","Backflip+1"],"picked":"SKIP","floor":38},{"not_picked":["Blade Dance","Outmaneuver+1","Prepared+1"],"picked":"SKIP","floor":38},{"not_picked":["Flying Knee+1","Dodge and Roll+1","Sucker Punch"],"picked":"SKIP","floor":39},{"not_picked":["PiercingWail","Dagger Spray","Cloak And Dagger+1"],"picked":"SKIP","floor":39},{"not_picked":["Flying Knee+1","Quick Slash+1"],"picked":"Well Laid Plans+1","floor":46},{"not_picked":["Noxious Fumes+1","Dodge and Roll","Outmaneuver+1"],"picked":"SKIP","floor":46},{"not_picked":["Glass Knife","Caltrops+1","Riddle With Holes"],"picked":"SKIP","floor":47},{"not_picked":["Blade Dance+1","Skewer+1","Dagger Spray"],"picked":"SKIP","floor":47},{"not_picked":["Choke+1","PiercingWail","Slice"],"picked":"SKIP","floor":48},{"not_picked":["Dodge and Roll+1","Slice+1","Sucker Punch+1"],"picked":"SKIP","floor":48}],"player_experience":348217,"relics_obtained":[{"floor":9,"key":"Whetstone"},{"floor":12,"key":"Snake Skull"},{"floor":26,"key":"Orichalcum"},{"floor":43,"key":"Bottled Tornado"}],"event_choices":[{"cards_removed":["Strike_G"],"damage_healed":0,"gold_gain":0,"player_choice":"Offered Basic","damage_taken":0,"max_hp_gain":0,"max_hp_loss":0,"event_name":"Bonfire Elementals","floor":11,"gold_loss":0},{"damage_healed":0,"gold_gain":0,"player_choice":"Fight","damage_taken":0,"max_hp_gain":0,"max_hp_loss":0,"event_name":"Colosseum","floor":28,"gold_loss":0},{"damage_healed":0,"gold_gain":0,"player_choice":"Fled From Nobs","damage_taken":0,"max_hp_gain":0,"max_hp_loss":0,"event_name":"Colosseum","floor":28,"gold_loss":0},{"damage_healed":0,"gold_gain":100,"player_choice":"Pray","damage_taken":0,"max_hp_gain":0,"max_hp_loss":0,"event_name":"Golden Shrine","floor":36,"gold_loss":0},{"damage_healed":0,"gold_gain":0,"player_choice":"Ignored","damage_taken":0,"max_hp_gain":0,"max_hp_loss":0,"event_name":"Tomb of Lord Red Mask","floor":40,"gold_loss":0},{"damage_healed":61,"gold_gain":0,"player_choice":"Heal","damage_taken":0,"max_hp_gain":0,"max_hp_loss":9,"event_name":"The Moai Head","floor":41,"gold_loss":0},{"damage_healed":0,"gold_gain":0,"cards_transformed":["Strike_G"],"player_choice":"Transformed","damage_taken":0,"max_hp_gain":0,"max_hp_loss":0,"event_name":"Transmorgrifier","floor":45,"gold_loss":0,"cards_obtained":["Reflex"]}],"is_beta":false,"boss_relics":[{"not_picked":["Pandora\u0027s Box","Lizard Tail"],"picked":"Ring of the Serpent"},{"not_picked":["WristBlade","Empty Cage"],"picked":"Velvet Choker"}],"items_purged_floors":[4,14,42],"is_endless":false,"potions_floor_spawned":[2,3,5,16,20,22,24,29,33,38,39,46],"ascension_level":0}