{"gold_per_floor":[118,132,132,150,169,203,203,232,232,264,280,170,182,193,193,291,291,307,319,68,85,98,98,127,127,150,150,65,84,84,104,104,200,200,212,224,235,235],"floor_reached":38,"playtime":1497,"items_purged":["Strike_B","Strike_B"],"score":612,"play_id":"104b0bf7-35a5-485b-b02a-f7ea526cc892","local_time":"20190115115518","is_ascension_mode":true,"campfire_choices":[{"data":"Streamline","floor":7,"key":"SMITH"},{"floor":15,"key":"REST"},{"floor":23,"key":"REST"},{"floor":25,"key":"REST"},{"data":"Capacitor","floor":30,"key":"SMITH"},{"floor":32,"key":"REST"}],"neow_cost":"NONE","seed_source_timestamp":543142323697719,"circlet_count":0,"master_deck":["Defend_B","Defend_B","Defend_B+1","Defend_B","Zap+1","Dualcast","Beam Cell","Compile Driver","Streamline+1","Coolheaded","Rip and Tear","Coolheaded","Static Discharge","Loop","Barrage","Cold Snap","Electrodynamics","Redo","Loop","Capacitor+1","Defragment","Hologram+1","Machine Learning","Parasite","Leap+1"],"relics":["FrozenCore","War Paint","Sundial","Ornamental Fan","Mercury Hourglass","Velvet Choker","Bronze Scales","Art of War","Bag of Marbles","Emotion Chip"],"potions_floor_usage":[10,10,14,22,24,33,33],"damage_taken":[{"damage":2,"enemies":"Jaw Worm","floor":1,"turns":3},{"damage":0,"enemies":"Cultist","floor":2,"turns":4},{"damage":0,"enemies":"2 Louse","floor":4,"turns":3},{"damage":1,"enemies":"Exordium Wildlife","floor":5,"turns":3},{"damage":27,"enemies":"Lagavulin","floor":6,"turns":6},{"damage":16,"enemies":"Gremlin Nob","floor":8,"turns":3},{"damage":12,"enemies":"Lagavulin","floor":10,"turns":6},{"damage":4,"enemies":"2 Fungi Beasts","floor":11,"turns":3},{"damage":0,"enemies":"Exordium Thugs","floor":13,"turns":3},{"damage":5,"enemies":"Exordium Wildlife","floor":14,"turns":4},{"damage":5,"enemies":"Hexaghost","floor":16,"turns":9},{"damage":5,"enemies":"Spheric Guardian","floor":18,"turns":3},{"damage":18,"enemies":"2 Thieves","floor":19,"turns":2},{"damage":13,"enemies":"Snake Plant","floor":21,"turns":3},{"damage":15,"enemies":"Shelled Parasite and Fungi","floor":22,"turns":5},{"damage":20,"enemies":"Book of Stabbing","floor":24,"turns":5},{"damage":12,"enemies":"3 Cultists","floor":29,"turns":4},{"damage":7,"enemies":"Chosen and Byrds","floor":31,"turns":4},{"damage":23,"enemies":"Champ","floor":33,"turns":8},{"damage":10,"enemies":"3 Shapes","floor":35,"turns":2},{"damage":29,"enemies":"3 Darklings","floor":36,"turns":3},{"damage":16,"enemies":"Writhing Mass","floor":37,"turns":7},{"damage":5,"enemies":"Spire Growth","floor":38,"turns":4}],"seed_played":"-700942466758768961","potions_obtained":[{"floor":6,"key":"SpeedPotion"},{"floor":8,"key":"AttackPotion"},{"floor":11,"key":"Weak Potion"},{"floor":13,"key":"GamblersBrew"},{"floor":16,"key":"Strength Potion"},{"floor":21,"key":"FocusPotion"},{"floor":22,"key":"EssenceOfSteel"},{"floor":29,"key":"FearPotion"},{"floor":33,"key":"EssenceOfSteel"},{"floor":37,"key":"AttackPotion"}],"is_trial":false,"path_per_floor":["M","M","?","M","M","E","R","E","T","E","M","$","M","M","R","B",null,"M","M","$","M","M","R","E","R","T","?","?","M","R","M","R","B",null,"M","M","M","M"],"character_chosen":"DEFECT","items_purchased":["Loop","Bronze Scales"],"campfire_rested":4,"item_purchase_floors":[12,20],"current_hp_per_floor":[66,66,66,66,65,38,38,22,22,10,6,6,6,1,23,18,61,56,38,38,25,10,32,12,34,34,34,34,22,22,15,37,14,60,50,21,5,0],"gold":235,"neow_bonus":"TRANSFORM_CARD","is_prod":false,"is_daily":false,"chose_seed":false,"campfire_upgraded":2,"win_rate":0,"timestamp":1547549718,"path_taken":["M","M","?","M","M","E","R","E","T","E","?","$","M","M","R","BOSS","M","M","$","M","M","R","E","R","T","?","?","M","R","M","R","BOSS","M","M","M","M"],"build_version":"2019-01-10","purchased_purges":2,"victory":false,"max_hp_per_floor":[75,75,75,75,75,75,75,75,75,75,75,75,75,75,75,75,75,75,75,75,75,75,75,75,75,75,75,75,75,75,75,75,75,75,75,75,75,75],"card_choices":[{"not_picked":["Ball Lightning","Conserve Battery"],"picked":"Compile Driver","floor":1},{"not_picked":["Beam Cell","Force Field"],"picked":"Streamline","floor":2},{"not_picked":["Tempest","Hologram"],"picked":"Coolheaded","floor":4},{"not_picked":["Hologram","Ball Lightning","Rip and Tear"],"picked":"SKIP","floor":5},{"not_picked":["Hologram","Ball Lightning"],"picked":"Rip and Tear","floor":5},{"not_picked":["Turbo","Streamline"],"picked":"Coolheaded","floor":6},{"not_picked":["Go for the Eyes","Reprogram"],"picked":"Static Discharge","floor":8},{"not_picked":["Coolheaded","Lockon","Reboot"],"picked":"SKIP","floor":10},{"not_picked":["Hologram","Recycle","Ball Lightning"],"picked":"SKIP","floor":11},{"not_picked":["Rebound","Streamline"],"picked":"Barrage","floor":13},{"not_picked":["Barrage","Compile Driver"],"picked":"Cold Snap","floor":14},{"not_picked":["Amplify","Seek"],"picked":"Electrodynamics","floor":16},{"not_picked":["Aggregate","Leap"],"picked":"Redo","floor":18},{"not_picked":["Hologram","Rip and Tear","Force Field"],"picked":"SKIP","floor":19},{"not_picked":["Storm+1","Doom and Gloom+1"],"picked":"Loop","floor":21},{"not_picked":["Cold Snap","Turbo"],"picked":"Capacitor","floor":22},{"not_picked":["Sweeping Beam","Beam Cell","Leap"],"picked":"SKIP","floor":24},{"not_picked":["Stack+1","Turbo+1"],"picked":"Hologram+1","floor":29},{"not_picked":["Ball Lightning","Gash","Stack"],"picked":"SKIP","floor":31},{"not_picked":["Core Surge","Fission"],"picked":"Machine Learning","floor":33},{"not_picked":["Beam Cell","Rip and Tear+1","Steam"],"picked":"SKIP","floor":35},{"not_picked":["Leap","Hello World+1","Ball Lightning"],"picked":"SKIP","floor":36},{"not_picked":["Doom and Gloom","Lockon"],"picked":"Leap+1","floor":37}],"player_experience":684711,"relics_obtained":[{"floor":6,"key":"War Paint"},{"floor":8,"key":"Sundial"},{"floor":9,"key":"Ornamental Fan"},{"floor":10,"key":"Mercury Hourglass"},{"floor":24,"key":"Art of War"},{"floor":26,"key":"Bag of Marbles"}],"event_choices":[{"cards_removed":["Strike_B"],"damage_healed":0,"gold_gain":0,"player_choice":"Purged","damage_taken":0,"max_hp_gain":0,"max_hp_loss":0,"event_name":"Purifier","floor":3,"gold_loss":0},{"damage_healed":0,"gold_gain":0,"player_choice":"Read","damage_taken":0,"max_hp_gain":0,"max_hp_loss":0,"event_name":"The Library","floor":27,"gold_loss":0,"cards_obtained":["Defragment"]},{"damage_healed":0,"gold_gain":0,"player_choice":"Obtained Relic","damage_taken":0,"relics_obtained":["Emotion Chip"],"max_hp_gain":0,"max_hp_loss":0,"event_name":"Addict","floor":28,"gold_loss":85}],"is_beta":false,"boss_relics":[{"not_picked":["Calling Bell","Busted Crown"],"picked":"Velvet Choker"},{"not_picked":["Runic Pyramid","Astrolabe"],"picked":"FrozenCore"}],"items_purged_floors":[12,20],"is_endless":false,"potions_floor_spawned":[6,8,11,13,16,21,22,29,33,37],"killed_by":"Spire Growth","ascension_level":9}