{"gold_per_floor":[114,114,114,129,144,144,172,172,199,231,231,10,10,37,37,136,136,153,171,191,210,228,261,261,261],"floor_reached":25,"playtime":994,"items_purged":[],"score":277,"play_id":"3b53a459-8494-4d54-a30e-f26446bf2687","local_time":"20180628144111","is_ascension_mode":true,"campfire_choices":[{"data":"Metallicize","floor":6,"key":"SMITH"},{"data":"Immolate","floor":8,"key":"SMITH"},{"data":"Spot Weakness","floor":11,"key":"SMITH"},{"data":"Flame Barrier","floor":15,"key":"SMITH"},{"data":"Demon Form","floor":24,"key":"SMITH"}],"neow_cost":"NONE","seed_source_timestamp":5413716233166,"circlet_count":0,"master_deck":["Strike_R","Strike_R+1","Strike_R","Defend_R","Defend_R","Defend_R","Defend_R","Bash+1","Iron Wave+1","Flex","Metallicize+1","Immolate+1","Spot Weakness+1","Flame Barrier+1","Pummel","Barricade","Rampage+1","Reckless Charge","Wild Strike+1","Ghostly Armor","Demon Form+1","Reckless Charge+1"],"relics":["Burning Blood","Pen Nib","Whetstone","Oddly Smooth Stone","Orichalcum","Regal Pillow","Pantograph","Runic Cube","Bronze Scales"],"potions_floor_usage":[22,23],"damage_taken":[{"damage":7,"enemies":"Jaw Worm","floor":1,"turns":6},{"damage":0,"enemies":"Cultist","floor":4,"turns":3},{"damage":7,"enemies":"2 Louse","floor":5,"turns":3},{"damage":14,"enemies":"3 Sentries","floor":7,"turns":12},{"damage":16,"enemies":"Gremlin Nob","floor":10,"turns":4},{"damage":15,"enemies":"Lagavulin","floor":14,"turns":5},{"damage":4,"enemies":"The Guardian","floor":16,"turns":10},{"damage":3,"enemies":"3 Byrds","floor":18,"turns":5},{"damage":8,"enemies":"Shell Parasite","floor":19,"turns":5},{"damage":27,"enemies":"Snecko","floor":20,"turns":7},{"damage":5,"enemies":"Sentry and Sphere","floor":21,"turns":3},{"damage":14,"enemies":"Centurion and Healer","floor":22,"turns":7},{"damage":31,"enemies":"Gremlin Leader","floor":23,"turns":5},{"damage":25,"enemies":"Slaver and Parasite","floor":25,"turns":2}],"seed_played":"-1320918554445036847","potions_obtained":[{"floor":5,"key":"Ancient Potion"},{"floor":7,"key":"Dexterity Potion"},{"floor":14,"key":"Block Potion"},{"floor":18,"key":"Poison Potion"},{"floor":20,"key":"FearPotion"}],"is_trial":false,"path_per_floor":["M","?","?","M","M","R","E","R","T","E","R","$","?","E","R","B",null,"M","M","M","M","M","E","R"],"character_chosen":"IRONCLAD","items_purchased":["Orichalcum","Flame Barrier"],"campfire_rested":0,"item_purchase_floors":[12,12],"current_hp_per_floor":[79,79,79,80,79,79,71,71,71,61,61,61,61,52,52,79,80,80,78,57,58,50,25,25,0],"gold":261,"neow_bonus":"REMOVE_CARD","is_prod":false,"is_daily":false,"chose_seed":false,"campfire_upgraded":5,"win_rate":0,"timestamp":1530189671,"path_taken":["M","?","?","M","M","R","E","R","T","E","R","$","?","E","R","BOSS","M","M","M","M","M","E","R","M"],"build_version":"2018-06-21v2","purchased_purges":0,"victory":false,"max_hp_per_floor":[80,80,80,80,80,80,80,80,80,80,80,80,80,80,80,80,80,80,80,80,80,80,80,80,80],"card_choices":[{"not_picked":["Shockwave","Feel No Pain"],"picked":"Iron Wave","floor":1},{"not_picked":["Headbutt","Anger","Dual Wield"],"picked":"SKIP","floor":4},{"not_picked":["Fire Breathing","Cleave"],"picked":"Metallicize","floor":5},{"not_picked":["Infernal Blade","Wild Strike"],"picked":"Immolate","floor":7},{"not_picked":["Heavy Blade","Havoc"],"picked":"Spot Weakness","floor":10},{"not_picked":["Iron Wave","Bloodletting"],"picked":"Pummel","floor":14},{"not_picked":["Impervious","Berserk"],"picked":"Barricade","floor":16},{"not_picked":["Headbutt","Warcry"],"picked":"Rampage+1","floor":18},{"not_picked":["Pommel Strike","Clash"],"picked":"Reckless Charge","floor":19},{"not_picked":["Headbutt","Carnage"],"picked":"Wild Strike+1","floor":20},{"not_picked":["Seeing Red","Clash"],"picked":"Ghostly Armor","floor":21},{"not_picked":["Iron Wave+1","Carnage"],"picked":"Demon Form","floor":22},{"not_picked":["Clash","Iron Wave"],"picked":"Reckless Charge+1","floor":23}],"player_experience":449242,"relics_obtained":[{"floor":7,"key":"Pen Nib"},{"floor":9,"key":"Whetstone"},{"floor":10,"key":"Oddly Smooth Stone"},{"floor":14,"key":"Pantograph"},{"floor":23,"key":"Bronze Scales"}],"event_choices":[{"event_name":"Upgrade Shrine","player_choice":"Upgraded","floor":2,"damage_taken":0},{"event_name":"Transmorgrifier","player_choice":"Transform","floor":3,"damage_taken":0},{"event_name":"Dead Adventurer","player_choice":"Searched \u00272\u0027 times","floor":13,"damage_taken":0}],"boss_relics":[{"not_picked":["Busted Crown","Pandora\u0027s Box"],"picked":"Runic Cube"}],"items_purged_floors":[],"is_endless":false,"potions_floor_spawned":[5,7,14,18,19,20],"killed_by":"Slaver and Parasite","ascension_level":3}