{"gold_per_floor":[112,112,126,201,221,221,235,235,235,269,82,107,36,36,36,138,138,148,148,179,94,104,104],"floor_reached":23,"playtime":2717,"items_purged":["Strike_R"],"score":227,"play_id":"2409eb6c-80d0-4f0f-abbc-b91a18d0e33f","local_time":"20180803000333","is_ascension_mode":true,"campfire_choices":[{"data":"Pommel Strike","floor":6,"key":"SMITH"},{"data":"Body Slam","floor":8,"key":"SMITH"},{"data":"Evolve","floor":15,"key":"SMITH"}],"neow_cost":"","seed_source_timestamp":97705162419150,"circlet_count":0,"master_deck":["Defend_R","Defend_R","Defend_R","Defend_R","Bash","Twin Strike","Pommel Strike+1","Cleave","Body Slam+1","Uppercut","Shockwave","Evolve+1","Whirlwind","Flame Barrier","Reaper","Hemokinesis+1","Carnage+1","Rage+1","Shrug It Off+1","Necronomicurse","True Grit+1","Iron Wave"],"relics":["Burning Blood","Dodecahedron","Pantograph","Centennial Puzzle","Astrolabe","Necronomicon","Red Mask","Bag of Preparation"],"potions_floor_usage":[16,20,22,23],"damage_taken":[{"damage":0,"enemies":"Small Slimes","floor":1,"turns":3},{"damage":1,"enemies":"Cultist","floor":3,"turns":3},{"damage":4,"enemies":"Jaw Worm","floor":5,"turns":4},{"damage":10,"enemies":"Lots of Slimes","floor":7,"turns":2},{"damage":26,"enemies":"3 Sentries","floor":10,"turns":6},{"damage":27,"enemies":"Lagavulin","floor":12,"turns":8},{"damage":75,"enemies":"Hexaghost","floor":16,"turns":10},{"damage":18,"enemies":"Shell Parasite","floor":18,"turns":6},{"damage":9,"floor":20,"turns":5},{"damage":10,"enemies":"Spheric Guardian","floor":22,"turns":4},{"damage":70,"enemies":"Book of Stabbing","floor":23,"turns":6}],"seed_played":"4935297037832184775","potions_obtained":[{"floor":3,"key":"Swift Potion"},{"floor":10,"key":"FearPotion"},{"floor":12,"key":"Swift Potion"},{"floor":16,"key":"Regen Potion"},{"floor":20,"key":"SteroidPotion"},{"floor":22,"key":"Poison Potion"}],"is_trial":false,"path_per_floor":["M","?","M","?","M","R","M","R","T","E","$","E","$","?","R","B",null,"M","?","?","?","M"],"character_chosen":"IRONCLAD","items_purchased":["Shockwave","Evolve","Flame Barrier"],"campfire_rested":0,"item_purchase_floors":[11,11,13],"current_hp_per_floor":[80,80,80,69,71,71,67,67,67,47,47,26,26,52,52,8,80,68,52,67,67,63,0],"gold":104,"neow_bonus":"","is_prod":false,"is_daily":false,"chose_seed":false,"campfire_upgraded":3,"win_rate":0,"timestamp":1533247413,"path_taken":["M","?","?","?","M","R","M","R","T","E","?","E","$","?","R","BOSS","M","?","?","?","M","E"],"build_version":"2018-07-26","purchased_purges":1,"victory":false,"max_hp_per_floor":[80,80,80,80,80,80,80,80,80,80,80,80,80,80,80,80,80,80,80,80,80,80,80],"card_choices":[{"not_picked":["Warcry","Dropkick"],"picked":"Twin Strike","floor":1},{"not_picked":["Anger","Reckless Charge"],"picked":"Pommel Strike","floor":3},{"not_picked":["Headbutt","Clothesline"],"picked":"Cleave","floor":5},{"not_picked":["Headbutt","Carnage"],"picked":"Body Slam","floor":7},{"not_picked":["Searing Blow","Bloodletting"],"picked":"Uppercut","floor":10},{"not_picked":["Impervious","Thunderclap"],"picked":"Whirlwind","floor":12},{"not_picked":["Juggernaut","Berserk"],"picked":"Reaper","floor":16},{"not_picked":["Uppercut+1","Perfected Strike"],"picked":"Shrug It Off+1","floor":18},{"not_picked":["Flex","Perfected Strike+1"],"picked":"True Grit+1","floor":20},{"not_picked":["Combust","Clash+1"],"picked":"Iron Wave","floor":22}],"player_experience":462341,"relics_obtained":[{"floor":9,"key":"Dodecahedron"},{"floor":10,"key":"Pantograph"},{"floor":12,"key":"Centennial Puzzle"},{"floor":19,"key":"Necronomicon"},{"floor":20,"key":"Red Mask"}],"event_choices":[{"event_name":"Bonfire Elementals","player_choice":"BASIC","floor":2,"damage_taken":0},{"event_name":"World of Goop","player_choice":"Gather Gold","floor":4,"damage_taken":0},{"event_name":"Big Fish","player_choice":"Banana","floor":14,"damage_taken":0},{"event_name":"Cursed Tome","player_choice":"Obtained Book","floor":19,"damage_taken":0},{"event_name":"Masked Bandits","player_choice":"Fought over 148 gold","floor":20,"damage_taken":0},{"event_name":"Addict","player_choice":"Obtained Relic","floor":21,"damage_taken":0}],"is_beta":false,"boss_relics":[{"not_picked":["Runic Pyramid","Fusion Hammer"],"picked":"Astrolabe"}],"items_purged_floors":[11],"is_endless":false,"potions_floor_spawned":[3,10,12,16,20,22],"killed_by":"Book of Stabbing","ascension_level":3}