{"path_per_floor":["M","?","?","M","?","E","R","M","T","M","E","M","R","M","R","B",null,"M","?","M","M","M","E","R","M","T","$","E","R","$","?","R","B",null,"M","$","?","M","?","E","M","R","T","M","M","?","M","M","R","B"],"character_chosen":"THE_SILENT","items_purchased":["Noxious Fumes","Bottled Flame","Leg Sweep+1","Footwork"],"gold_per_floor":[114,289,289,304,304,334,334,349,349,364,394,409,409,424,424,524,524,539,539,554,599,614,644,644,659,659,584,614,614,126,176,176,276,276,291,97,97,112,112,142,157,157,157,172,187,192,207,222,222,222],"floor_reached":51,"campfire_rested":2,"playtime":2624,"item_purchase_floors":[30,30,30,36],"current_hp_per_floor":[70,76,82,77,61,44,44,46,52,56,53,53,79,82,82,64,94,92,92,88,88,84,89,89,89,95,95,66,66,66,66,96,98,113,113,113,113,113,113,111,113,113,119,117,119,119,119,129,129,123],"items_purged":["Regret","Pain","Normality"],"gold":222,"score":881,"play_id":"2afa096a-5cf1-4a5a-b91f-77a32f262166","local_time":"20180622135751","daily_mods":["Allstar","Cursed Run","Vintage"],"is_prod":false,"is_daily":true,"chose_seed":false,"is_ascension_mode":false,"campfire_upgraded":3,"win_rate":0,"timestamp":1529668671,"campfire_choices":[{"data":"Neutralize","floor":7,"key":"SMITH"},{"floor":13,"key":"REST"},{"data":"1","floor":15,"key":"LIFT"},{"data":"2","floor":24,"key":"LIFT"},{"data":"3","floor":29,"key":"LIFT"},{"floor":32,"key":"REST"},{"data":"Noxious Fumes","floor":42,"key":"SMITH"},{"data":"Bouncing Flask","floor":49,"key":"SMITH"}],"path_taken":["M","?","?","M","?","E","R","M","T","M","E","M","R","M","R","BOSS","M","?","M","M","?","E","R","M","T","$","E","R","$","?","R","BOSS","M","$","?","M","?","E","M","R","T","M","M","?","M","M","R","BOSS"],"build_version":"2018-06-21","seed_source_timestamp":0,"purchased_purges":3,"circlet_count":0,"victory":true,"master_deck":["Survivor+1","Neutralize+1","Master of Strategy+1","Jack Of All Trades","Enlightenment","Bandage Up+1","Master of Strategy","Doubt","Decay","Well Laid Plans","Crippling Poison+1","Die Die Die+1","Masterful Stab+1","Accuracy","Backstab+1","Flying Knee+1","Bouncing Flask+1","Blur","Flying Knee+1","Underhanded Strike+1","Flying Knee+1","PiercingWail","Footwork","Bane+1","Noxious Fumes+1","Leg Sweep+1","Backflip+1","Regret","Footwork","Dramatic Entrance+1","PiercingWail+1","Clumsy","Caltrops+1"],"max_hp_per_floor":[70,76,82,82,82,82,82,82,88,88,88,88,88,88,88,94,94,94,94,94,94,94,94,94,94,100,100,100,100,100,100,100,113,113,113,113,113,113,113,113,113,113,119,119,119,119,119,129,129,129],"special_seed":17704,"relics":["Cursed Key","Darkstone Periapt","Du-Vu Doll","Molten Egg 2","Dream Catcher","Incense Burner","Ornamental Fan","Letter Opener","Vajra","Dodecahedron","Happy Flower","Girya","Gremlin Horn","Pandora\u0027s Box","Mercury Hourglass","Whetstone","Tiny Chest","War Paint","Centennial Puzzle","Ice Cream","Juzu Bracelet","Toxic Egg 2","Bottled Flame","Strawberry","Black Star","Ancient Tea Set","Paper Crane","Bronze Scales","Blood Vial","Bag of Preparation","Frozen Egg 2","Tough Bandages","Lantern","Gambling Chip","Omamori","Pear"],"card_choices":[{"not_picked":["Dodge and Roll","Acrobatics","Storm of Steel"],"picked":"SKIP","floor":6},{"not_picked":["Sucker Punch+1","Skewer+1"],"picked":"Well Laid Plans","floor":11},{"not_picked":["Deadly Poison","Blade Dance"],"picked":"Crippling Poison","floor":13},{"not_picked":["Storm of Steel","Burst"],"picked":"Die Die Die+1","floor":16},{"not_picked":["Crippling Poison+1","Backflip"],"picked":"Footwork","floor":23},{"not_picked":["Underhanded Strike+1","Flechettes+1"],"picked":"Bane+1","floor":28},{"not_picked":["Dagger Throw+1","Slice+1"],"picked":"Backflip+1","floor":32},{"not_picked":["Doppelganger+1","Wraith Form v2"],"picked":"Adrenaline+1","floor":33},{"not_picked":["Blind+1","Deep Breath+1"],"picked":"Dramatic Entrance+1","floor":39},{"not_picked":["Underhanded Strike+1","Outmaneuver+1"],"picked":"PiercingWail+1","floor":40},{"not_picked":["Riddle With Holes+1","Bane+1"],"picked":"Caltrops+1","floor":46}],"player_experience":389688,"potions_floor_usage":[11,50],"damage_taken":[{"damage":0,"enemies":"Jaw Worm","floor":1,"turns":5},{"damage":5,"enemies":"Small Slimes","floor":4,"turns":2},{"damage":21,"enemies":"3 Sentries","floor":6,"turns":10},{"damage":2,"enemies":"Cultist","floor":8,"turns":3},{"damage":0,"enemies":"3 Louse","floor":10,"turns":2},{"damage":9,"enemies":"Lagavulin","floor":11,"turns":5},{"damage":4,"enemies":"Large Slime","floor":12,"turns":5},{"damage":1,"enemies":"Blue Slaver","floor":14,"turns":4},{"damage":28,"enemies":"Slime Boss","floor":16,"turns":16},{"damage":2,"enemies":"Shell Parasite","floor":18,"turns":2},{"damage":4,"enemies":"Chosen","floor":20,"turns":3},{"damage":4,"enemies":"3 Cultists","floor":21,"turns":3},{"damage":8,"enemies":"Cultist and Chosen","floor":22,"turns":3},{"damage":1,"enemies":"Gremlin Leader","floor":23,"turns":3},{"damage":6,"enemies":"Snake Plant","floor":25,"turns":2},{"damage":34,"enemies":"Book of Stabbing","floor":28,"turns":4},{"damage":15,"enemies":"Automaton","floor":33,"turns":7},{"damage":0,"enemies":"3 Shapes","floor":35,"turns":1},{"damage":0,"enemies":"3 Darklings","floor":38,"turns":2},{"damage":2,"enemies":"2 Orb Walkers","floor":40,"turns":3},{"damage":0,"enemies":"4 Shapes","floor":41,"turns":1},{"damage":2,"enemies":"Maw","floor":44,"turns":5},{"damage":0,"enemies":"Sphere and 2 Shapes","floor":45,"turns":1},{"damage":0,"floor":46,"turns":1},{"damage":0,"enemies":"3 Darklings","floor":47,"turns":1},{"damage":0,"enemies":"4 Shapes","floor":48,"turns":1},{"damage":15,"enemies":"Awakened One","floor":50,"turns":10}],"relics_obtained":[{"floor":1,"key":"Molten Egg 2"},{"floor":4,"key":"Dream Catcher"},{"floor":6,"key":"Incense Burner"},{"floor":8,"key":"Ornamental Fan"},{"floor":9,"key":"Letter Opener"},{"floor":10,"key":"Vajra"},{"floor":11,"key":"Dodecahedron"},{"floor":12,"key":"Happy Flower"},{"floor":14,"key":"Girya"},{"floor":16,"key":"Gremlin Horn"},{"floor":18,"key":"Mercury Hourglass"},{"floor":20,"key":"Whetstone"},{"floor":21,"key":"Tiny Chest"},{"floor":22,"key":"War Paint"},{"floor":23,"key":"Centennial Puzzle"},{"floor":25,"key":"Ice Cream"},{"floor":26,"key":"Juzu Bracelet"},{"floor":28,"key":"Toxic Egg 2"},{"floor":33,"key":"Strawberry"},{"floor":35,"key":"Ancient Tea Set"},{"floor":38,"key":"Paper Crane"},{"floor":40,"key":"Bronze Scales"},{"floor":40,"key":"Blood Vial"},{"floor":41,"key":"Bag of Preparation"},{"floor":43,"key":"Frozen Egg 2"},{"floor":44,"key":"Tough Bandages"},{"floor":45,"key":"Lantern"},{"floor":46,"key":"Gambling Chip"},{"floor":47,"key":"Omamori"},{"floor":48,"key":"Pear"}],"event_choices":[{"event_name":"Liars Game","player_choice":"agreed","floor":2,"damage_taken":0},{"event_name":"Wheel of Change","player_choice":"Curse","floor":3,"damage_taken":0},{"event_name":"Shining Light","player_choice":"Entered Light","floor":5,"damage_taken":0},{"event_name":"Drug Dealer","player_choice":"Ignored","floor":19,"damage_taken":0},{"event_name":"The Joust","player_choice":"Bet on Murderer","floor":31,"damage_taken":0},{"event_name":"Falling","player_choice":"Removed Skill","floor":37,"damage_taken":0},{"event_name":"SensoryStone","player_choice":"Memory 1","floor":39,"damage_taken":0},{"event_name":"Mysterious Sphere","player_choice":"Fight","floor":46,"damage_taken":0}],"boss_relics":[{"not_picked":["Velvet Choker","Ectoplasm"],"picked":"Pandora\u0027s Box"},{"not_picked":["Runic Dome","Snecko Eye"],"picked":"Black Star"}],"items_purged_floors":[27,30,36],"is_endless":false,"potions_floor_spawned":[6,8,12,16,21,22,23,25,33,40,41,44,45,46],"seed_played":"3074579552746350727","ascension_level":0,"potions_obtained":[{"floor":6,"key":"PowerPotion"},{"floor":8,"key":"GamblersBrew"},{"floor":12,"key":"EssenceOfSteel"},{"floor":16,"key":"Poison Potion"},{"floor":21,"key":"SkillPotion"}],"is_trial":false}