{"gold_per_floor":[114,129,144,159,174,204,204,219,219,249,249,279,290,320,320,320],"floor_reached":16,"playtime":681,"items_purged":[],"score":157,"play_id":"893f72b8-06ab-4358-9146-8ed74fcdb63d","local_time":"20180627131112","daily_mods":["Diverse","Elite Swarm","Night Terrors"],"is_ascension_mode":false,"campfire_choices":[{"data":"Electrodynamics","floor":7,"key":"SMITH"},{"data":"Machine Learning","floor":11,"key":"SMITH"},{"data":"Creative AI","floor":15,"key":"SMITH"}],"neow_cost":"","seed_source_timestamp":391514287948256,"circlet_count":0,"master_deck":["Strike_B","Strike_B","Strike_B","Strike_B","Defend_B","Defend_B","Defend_B","Defend_B","Zap","Dualcast","Genetic Algorithm","Crippling Poison","Electrodynamics+1","Machine Learning+1","Feed","Infinite Blades","Creative AI+1"],"special_seed":17709,"relics":["Cracked Core","Anchor","Dodecahedron","Pen Nib","Thread and Needle","Odd Mushroom","Molten Egg 2"],"potions_floor_usage":[6,6,10,12,14],"damage_taken":[{"damage":1,"enemies":"Jaw Worm","floor":1,"turns":4},{"damage":3,"enemies":"2 Louse","floor":2,"turns":2},{"damage":0,"enemies":"Small Slimes","floor":3,"turns":4},{"damage":0,"enemies":"Red Slaver","floor":4,"turns":3},{"damage":6,"enemies":"Exordium Wildlife","floor":5,"turns":4},{"damage":5,"enemies":"Gremlin Nob","floor":6,"turns":4},{"damage":0,"enemies":"2 Fungi Beasts","floor":8,"turns":2},{"damage":14,"enemies":"Lagavulin","floor":10,"turns":7},{"damage":0,"enemies":"3 Sentries","floor":12,"turns":2},{"damage":0,"floor":13,"turns":2},{"damage":14,"enemies":"Gremlin Nob","floor":14,"turns":4},{"damage":34,"enemies":"The Guardian","floor":16,"turns":9}],"seed_played":"2115079789110549664","potions_obtained":[{"floor":3,"key":"Weak Potion"},{"floor":4,"key":"FearPotion"},{"floor":8,"key":"Fire Potion"},{"floor":10,"key":"FocusPotion"},{"floor":13,"key":"Poison Potion"}],"is_trial":false,"path_per_floor":["M","M","M","M","M","E","R","M","T","E","R","E","?","E","R"],"character_chosen":"DEFECT","items_purchased":[],"campfire_rested":0,"item_purchase_floors":[],"current_hp_per_floor":[74,71,71,71,65,60,60,60,60,46,46,46,46,32,32,0],"gold":320,"neow_bonus":"","is_prod":false,"is_daily":true,"chose_seed":false,"campfire_upgraded":3,"win_rate":0,"timestamp":1530097872,"path_taken":["M","M","M","M","M","E","R","M","T","E","R","E","?","E","R","BOSS"],"build_version":"2018-06-21v2","purchased_purges":0,"victory":false,"max_hp_per_floor":[75,75,75,75,75,75,75,75,75,75,75,75,75,75,75,75],"card_choices":[{"not_picked":["Body Slam","Steam","Redo"],"picked":"SKIP","floor":1},{"not_picked":["Consume","Clothesline"],"picked":"Genetic Algorithm","floor":2},{"not_picked":["Headbutt","Burst"],"picked":"Crippling Poison","floor":3},{"not_picked":["All Out Attack","Dodge and Roll","Slice"],"picked":"SKIP","floor":4},{"not_picked":["Quick Slash","Armaments","Slice"],"picked":"SKIP","floor":5},{"not_picked":["Storm of Steel","Rainbow"],"picked":"Electrodynamics","floor":6},{"not_picked":["Acrobatics","Cleave","Lockon"],"picked":"SKIP","floor":8},{"not_picked":["After Image","Unload"],"picked":"Machine Learning","floor":10},{"not_picked":["Unload","Phantasmal Killer"],"picked":"Feed","floor":12},{"not_picked":["Rebound","Bane"],"picked":"Infinite Blades","floor":13},{"not_picked":["Corpse Explosion","Limit Break"],"picked":"Creative AI","floor":14}],"player_experience":436929,"relics_obtained":[{"floor":6,"key":"Anchor"},{"floor":9,"key":"Dodecahedron"},{"floor":10,"key":"Pen Nib"},{"floor":12,"key":"Thread and Needle"},{"floor":13,"key":"Odd Mushroom"},{"floor":14,"key":"Molten Egg 2"}],"event_choices":[{"event_name":"Mushrooms","player_choice":"Fought Mushrooms","floor":13,"damage_taken":0}],"boss_relics":[],"items_purged_floors":[],"is_endless":false,"potions_floor_spawned":[3,4,8,10,13],"killed_by":"The Guardian","ascension_level":0}