{"gold_per_floor":[111,128,93,43,43,43,54,54,101,116,133,143,143,153,153,255,255,272,272,289,305,305],"floor_reached":22,"playtime":1062,"items_purged":[],"score":189,"play_id":"994c8064-7f5e-4a50-80a0-369199765ab1","local_time":"20190217185208","is_ascension_mode":true,"campfire_choices":[{"data":"Genetic Algorithm","floor":6,"key":"SMITH"},{"data":"Leap","floor":8,"key":"SMITH"},{"data":"Zap","floor":15,"key":"SMITH"}],"neow_cost":"PERCENT_DAMAGE","seed_source_timestamp":27276571100524,"circlet_count":0,"master_deck":["Strike_B","Strike_B","Strike_B","Defend_B","Defend_B","Defend_B","Defend_B","Zap+1","Dualcast","Madness","Genetic Algorithm+1","Leap+1","Conserve Battery","Leap","Cold Snap","Barrage","Rebound","Buffer+1","Leap","Turbo"],"relics":["Cracked Core","Centennial Puzzle","Art of War","Inserter"],"potions_floor_usage":[10,16,16,22],"damage_taken":[{"damage":2,"enemies":"2 Louse","floor":1,"turns":3},{"damage":0,"enemies":"Jaw Worm","floor":2,"turns":3},{"damage":5,"enemies":"Small Slimes","floor":7,"turns":4},{"damage":3,"enemies":"Gremlin Gang","floor":10,"turns":5},{"damage":0,"enemies":"3 Louse","floor":11,"turns":4},{"damage":0,"enemies":"Red Slaver","floor":12,"turns":4},{"damage":0,"enemies":"Blue Slaver","floor":14,"turns":5},{"damage":6,"enemies":"The Guardian","floor":16,"turns":11},{"damage":2,"enemies":"Chosen","floor":18,"turns":6},{"damage":8,"enemies":"Shell Parasite","floor":20,"turns":11},{"damage":10,"enemies":"Snake Plant","floor":21,"turns":8},{"damage":72,"enemies":"Cultist and Chosen","floor":22,"turns":12}],"seed_played":"-2043392517389339807","potions_obtained":[{"floor":2,"key":"PowerPotion"},{"floor":7,"key":"FearPotion"},{"floor":10,"key":"PowerPotion"},{"floor":21,"key":"Poison Potion"}],"is_trial":false,"path_per_floor":["M","M","?","?","?","R","M","R","T","M","M","M","?","M","R","B",null,"M","?","M","M","M"],"character_chosen":"DEFECT","items_purchased":[],"campfire_rested":0,"item_purchase_floors":[],"current_hp_per_floor":[52,52,52,52,75,75,70,70,70,67,67,67,67,67,67,61,75,73,73,65,55,0],"gold":305,"neow_bonus":"RANDOM_COLORLESS_2","is_prod":false,"is_daily":false,"chose_seed":false,"campfire_upgraded":3,"win_rate":0,"timestamp":1550451128,"path_taken":["M","M","?","?","?","R","M","R","T","?","M","M","?","?","R","BOSS","M","?","M","M","M"],"build_version":"2019-01-23","purchased_purges":0,"victory":false,"max_hp_per_floor":[75,75,75,75,75,75,75,75,75,75,75,75,75,75,75,75,75,75,75,75,75,75],"card_choices":[{"not_picked":["Beam Cell","Tempest"],"picked":"Genetic Algorithm","floor":1},{"not_picked":["Compile Driver","Rebound"],"picked":"Leap","floor":2},{"not_picked":["Hologram","Scrape"],"picked":"Conserve Battery","floor":7},{"not_picked":["Compile Driver","Streamline"],"picked":"Leap","floor":10},{"not_picked":["Aggregate","Coolheaded"],"picked":"Cold Snap","floor":11},{"not_picked":["Gash","Conserve Battery"],"picked":"Barrage","floor":12},{"not_picked":["Tempest","Rip and Tear"],"picked":"Rebound","floor":14},{"not_picked":["All For One","Multi-Cast"],"picked":"Buffer","floor":16},{"not_picked":["Gash","Steam"],"picked":"Leap","floor":18},{"not_picked":["Gash","Redo"],"picked":"Turbo","floor":20},{"not_picked":["Conserve Battery","Hologram","Redo"],"picked":"SKIP","floor":21}],"player_experience":193709,"relics_obtained":[{"floor":9,"key":"Centennial Puzzle"},{"floor":13,"key":"Art of War"}],"event_choices":[{"damage_healed":0,"gold_gain":0,"player_choice":"Left Gold","damage_taken":0,"max_hp_gain":0,"max_hp_loss":0,"event_name":"World of Goop","floor":3,"gold_loss":35},{"cards_removed":["Strike_B"],"damage_healed":0,"gold_gain":0,"player_choice":"Card Removal","damage_taken":0,"max_hp_gain":0,"max_hp_loss":0,"event_name":"The Cleric","floor":4,"gold_loss":50},{"cards_removed":["Madness"],"damage_healed":23,"gold_gain":0,"player_choice":"Offered Uncommon","damage_taken":0,"max_hp_gain":0,"max_hp_loss":0,"event_name":"Bonfire Elementals","floor":5,"gold_loss":0},{"damage_healed":0,"gold_gain":0,"player_choice":"Relic","damage_taken":0,"max_hp_gain":0,"max_hp_loss":0,"event_name":"Wheel of Change","floor":13,"gold_loss":0},{"damage_healed":0,"gold_gain":0,"player_choice":"Upgraded","damage_taken":0,"max_hp_gain":0,"max_hp_loss":0,"event_name":"Upgrade Shrine","floor":19,"gold_loss":0,"cards_upgraded":["Buffer"]}],"is_beta":false,"boss_relics":[{"not_picked":["Ectoplasm","Cursed Key"],"picked":"Inserter"}],"items_purged_floors":[],"is_endless":false,"potions_floor_spawned":[2,7,10,21],"killed_by":"Cultist and Chosen","ascension_level":1}