{"gold_per_floor":[16,35,45,61,78,110,122,163,223,249,273,285,252],"floor_reached":13,"playtime":840,"items_purged":[],"score":134,"play_id":"2549f1a8-463f-4ec9-b262-c43fcde0bee6","local_time":"20180929195657","is_ascension_mode":true,"campfire_choices":[{"floor":7,"key":"REST"},{"data":"Evolve","floor":12,"key":"SMITH"}],"neow_cost":"NO_GOLD","seed_source_timestamp":505759352504546,"circlet_count":0,"master_deck":["Strike_R","Strike_R","Strike_R","Strike_R","Strike_R","Defend_R","Defend_R","Defend_R","Defend_R","Bash","Cleave","Fiend Fire","True Grit","Body Slam","Evolve+1","Twin Strike"],"relics":["Burning Blood","Bird Faced Urn","MawBank","Pear","Bag of Marbles"],"potions_floor_usage":[6,6,8],"damage_taken":[{"damage":8,"enemies":"2 Louse","floor":1,"turns":3},{"damage":8,"enemies":"Jaw Worm","floor":2,"turns":4},{"damage":7,"enemies":"Small Slimes","floor":3,"turns":4},{"damage":29,"enemies":"Exordium Thugs","floor":4,"turns":6},{"damage":16,"enemies":"Blue Slaver","floor":5,"turns":4},{"damage":35,"enemies":"Lagavulin","floor":6,"turns":7},{"damage":18,"enemies":"3 Sentries","floor":8,"turns":7},{"damage":20,"enemies":"Lots of Slimes","floor":10,"turns":4},{"damage":2,"enemies":"2 Fungi Beasts","floor":11,"turns":3},{"damage":27,"enemies":"Exordium Thugs","floor":13,"turns":3}],"seed_played":"-9065069291064914568","potions_obtained":[{"floor":2,"key":"Ancient Potion"},{"floor":5,"key":"Regen Potion"},{"floor":6,"key":"Explosive Potion"}],"is_trial":false,"path_per_floor":["M","M","M","M","M","E","R","E","T","M","M","R"],"character_chosen":"IRONCLAD","items_purchased":[],"campfire_rested":1,"item_purchase_floors":[],"current_hp_per_floor":[70,68,67,44,34,14,38,36,36,22,26,26,0],"gold":252,"neow_bonus":"ONE_RARE_RELIC","is_prod":false,"is_daily":false,"chose_seed":false,"campfire_upgraded":1,"win_rate":0,"timestamp":1538243817,"path_taken":["M","M","M","M","M","E","R","E","T","M","M","R","M"],"build_version":"2018-09-27","purchased_purges":0,"victory":false,"max_hp_per_floor":[80,80,80,80,80,80,80,90,90,90,90,90,90],"card_choices":[{"not_picked":["Armaments","Sever Soul"],"picked":"Cleave","floor":1},{"not_picked":["Wild Strike","Havoc","Flex"],"picked":"SKIP","floor":2},{"not_picked":["Thunderclap","Fire Breathing","Reckless Charge"],"picked":"SKIP","floor":3},{"not_picked":["Anger","Body Slam"],"picked":"Fiend Fire","floor":4},{"not_picked":["Inflame","Armaments"],"picked":"True Grit","floor":5},{"not_picked":["Cleave","True Grit"],"picked":"Body Slam","floor":6},{"not_picked":["Thunderclap","Double Tap","Reckless Charge"],"picked":"SKIP","floor":8},{"not_picked":["Wild Strike","Combust"],"picked":"Evolve","floor":10},{"not_picked":["Fire Breathing","Burning Pact"],"picked":"Twin Strike","floor":11}],"player_experience":523379,"relics_obtained":[{"floor":6,"key":"MawBank"},{"floor":8,"key":"Pear"},{"floor":9,"key":"Bag of Marbles"}],"event_choices":[],"is_beta":false,"boss_relics":[],"items_purged_floors":[],"is_endless":false,"potions_floor_spawned":[2,5,6],"killed_by":"Exordium Thugs","ascension_level":7}