{"gold_per_floor":[116,136,67,167,181,181,181,181,181,181,216,67,67,81,81,81],"floor_reached":16,"playtime":1169,"items_purged":[],"score":98,"play_id":"7329bc8c-8c56-4aff-ac88-e954b9430ccb","local_time":"20190305161514","is_ascension_mode":false,"campfire_choices":[{"floor":6,"key":"RECALL"},{"data":"Feed","floor":10,"key":"SMITH"},{"data":"Whirlwind","floor":13,"key":"SMITH"},{"floor":15,"key":"REST"}],"neow_cost":"NONE","seed_source_timestamp":1713069827935252,"circlet_count":0,"master_deck":["Strike_R","Strike_R","Strike_R","Strike_R","Strike_R","Defend_R+1","Defend_R","Defend_R+1","Defend_R","Bash","True Grit","Reckless Charge","Feed+1","Seeing Red","Whirlwind+1","Shrug It Off"],"relics":["Burning Blood","Golden Idol","Ancient Tea Set","Vajra"],"potions_floor_usage":[11,16],"damage_taken":[{"damage":1,"enemies":"Cultist","floor":1,"turns":4},{"damage":14,"enemies":"2 Louse","floor":2,"turns":3},{"damage":6,"enemies":"Jaw Worm","floor":5,"turns":4},{"damage":46,"enemies":"Gremlin Nob","floor":11,"turns":6},{"damage":15,"enemies":"Exordium Thugs","floor":14,"turns":4},{"damage":47,"enemies":"Hexaghost","floor":16,"turns":12}],"seed_played":"891535753707749895","potions_obtained":[{"floor":2,"key":"SpeedPotion"},{"floor":5,"key":"Fire Potion"}],"is_trial":false,"path_per_floor":["M","M","$","?","M","R","?","?","T","R","E","$","R","M","R","B"],"character_chosen":"IRONCLAD","items_purchased":["Feed","Vajra"],"campfire_rested":1,"item_purchase_floors":[3,12],"current_hp_per_floor":[88,80,80,80,83,83,83,66,66,66,26,26,26,21,47,0],"gold":81,"neow_bonus":"TEN_PERCENT_HP_BONUS","is_prod":false,"is_daily":false,"chose_seed":false,"campfire_upgraded":2,"win_rate":0,"timestamp":1551770114,"path_taken":["M","M","?","?","?","R","?","?","T","R","E","$","R","M","R","BOSS"],"build_version":"2019-01-23","purchased_purges":0,"victory":false,"max_hp_per_floor":[88,88,88,88,91,91,84,84,84,84,84,84,84,88,88,88],"card_choices":[{"not_picked":["Clothesline","Sword Boomerang"],"picked":"True Grit","floor":1},{"not_picked":["Iron Wave","Searing Blow"],"picked":"Reckless Charge","floor":2},{"not_picked":["Clothesline","Bloodletting"],"picked":"Seeing Red","floor":5},{"not_picked":["Cleave","Combust"],"picked":"Whirlwind","floor":11},{"not_picked":["Armaments","True Grit"],"picked":"Shrug It Off","floor":14}],"player_experience":80948,"relics_obtained":[{"floor":11,"key":"Ancient Tea Set"}],"event_choices":[{"damage_healed":0,"gold_gain":100,"player_choice":"Gold","damage_taken":0,"max_hp_gain":0,"max_hp_loss":0,"event_name":"Wheel of Change","floor":4,"gold_loss":0},{"damage_healed":0,"gold_gain":0,"player_choice":"Lose Max HP","damage_taken":0,"relics_obtained":["Golden Idol"],"max_hp_gain":0,"max_hp_loss":7,"event_name":"Golden Idol","floor":7,"gold_loss":0},{"damage_healed":0,"gold_gain":0,"player_choice":"Entered Light","damage_taken":17,"max_hp_gain":0,"max_hp_loss":0,"event_name":"Shining Light","floor":8,"gold_loss":0,"cards_upgraded":["Defend_R","Defend_R"]}],"is_beta":false,"boss_relics":[],"items_purged_floors":[],"is_endless":false,"potions_floor_spawned":[2,5],"killed_by":"Hexaghost","ascension_level":0}