{"path_per_floor":["M","?","M","?","$","E","?","M","T","M","E","?","R","?","R"],"character_chosen":"DEFECT","items_purchased":[],"gold_per_floor":[113,113,133,133,133,164,164,179,179,199,225,225,225,283,283,283],"floor_reached":16,"campfire_rested":1,"playtime":532,"item_purchase_floors":[],"current_hp_per_floor":[75,75,74,74,74,65,65,64,64,65,45,38,38,16,38,0],"items_purged":[],"gold":283,"score":108,"play_id":"b117e6ce-5317-420f-9a7f-de29a4b33922","local_time":"20180606150602","is_prod":false,"is_daily":false,"chose_seed":false,"is_ascension_mode":false,"campfire_upgraded":1,"win_rate":0.0,"timestamp":1528290362,"campfire_choices":[{"data":"Sunder","floor":13,"key":"SMITH"},{"floor":15,"key":"REST"}],"path_taken":["M","?","M","?","$","E","?","M","T","M","E","?","R","?","R","BOSS"],"build_version":"2018-05-31","seed_source_timestamp":6927898648397,"purchased_purges":0,"victory":false,"master_deck":["Strike_B","Strike_B","Strike_B","Strike_B","Defend_B","Defend_B","Defend_B","Defend_B","Zap+1","Dualcast","FTL","Fission","Regret","Self Repair","Rip and Tear","Sunder+1","Defragment"],"max_hp_per_floor":[75,75,75,75,75,75,75,75,75,75,75,75,75,75,75,75],"relics":["Cracked Core","Blue Candle","Turnip","Art of War","Vajra","Juzu Bracelet","Darkstone Periapt"],"card_choices":[{"not_picked":["Lockon","Hologram"],"picked":"FTL","floor":1},{"not_picked":["Steam","Rebound","Beam Cell"],"picked":"SKIP","floor":3},{"not_picked":["Blizzard","Heatsinks"],"picked":"Fission","floor":6},{"not_picked":["Redo","Capacitor"],"picked":"Self Repair","floor":8},{"not_picked":["Rebound","Turbo"],"picked":"Rip and Tear","floor":10},{"not_picked":["Skim","Heatsinks"],"picked":"Sunder","floor":11},{"not_picked":["Lockon","Barrage"],"picked":"Defragment","floor":14}],"player_experience":329985,"potions_floor_usage":[6,16,16],"damage_taken":[{"damage":0,"enemies":"2 Louse","floor":1,"turns":3},{"damage":1,"enemies":"Cultist","floor":3,"turns":3},{"damage":9,"enemies":"Lagavulin","floor":6,"turns":7},{"damage":1,"enemies":"Jaw Worm","floor":8,"turns":2},{"damage":6,"enemies":"Looter","floor":10,"turns":3},{"damage":27,"enemies":"Gremlin Nob","floor":11,"turns":4},{"damage":29,"enemies":"Gremlin Nob","floor":14,"turns":4},{"damage":42,"enemies":"The Guardian","floor":16,"turns":8}],"relics_obtained":[{"floor":6,"key":"Blue Candle"},{"floor":9,"key":"Art of War"},{"floor":11,"key":"Vajra"},{"floor":14,"key":"Darkstone Periapt"}],"event_choices":[{"event_name":"Liars Game","player_choice":"disagreed","floor":2,"damage_taken":0},{"event_name":"Living Wall","player_choice":"Grow","floor":4,"damage_taken":0},{"event_name":"Big Fish","player_choice":"Box","floor":7,"damage_taken":0},{"event_name":"Scrap Ooze","player_choice":"success","floor":12,"damage_taken":7},{"event_name":"Dead Adventurer","player_choice":"Searched \u00271\u0027 times","floor":14,"damage_taken":0}],"boss_relics":[],"items_purged_floors":[],"potions_floor_spawned":[1,10,14,14],"seed_played":"6308828018950948299","killed_by":"The Guardian","ascension_level":0,"potions_obtained":[{"floor":1,"key":"Block Potion"},{"floor":10,"key":"Ancient Potion"},{"floor":14,"key":"SneckoOil"},{"floor":14,"key":"Energy Potion"}],"is_trial":false}