{"gold_per_floor":[112,127,142,160,235,235,263,263,311,311,341,341,341,352,352,455,455,473,4,4,22,22,22,42,42,42,55,55,70,87,103,103,201,201,221,239,239,289,303,303,334,334,334,334,369,369,419,469,469,469],"floor_reached":51,"playtime":2862,"items_purged":["Strike_R"],"score":888,"play_id":"70e671be-3a0a-4b3a-a761-146e1adf802c","local_time":"20180806152444","is_ascension_mode":true,"campfire_choices":[{"data":"Shockwave","floor":6,"key":"SMITH"},{"data":"Whirlwind","floor":10,"key":"SMITH"},{"data":"Barricade","floor":12,"key":"SMITH"},{"data":"Metallicize","floor":15,"key":"SMITH"},{"data":"Body Slam","floor":23,"key":"SMITH"},{"data":"Shrug It Off","floor":25,"key":"SMITH"},{"floor":28,"key":"REST"},{"floor":32,"key":"REST"},{"floor":40,"key":"REST"},{"floor":42,"key":"REST"},{"data":"Disarm","floor":44,"key":"SMITH"},{"data":"Impervious","floor":46,"key":"SMITH"},{"floor":49,"key":"REST"}],"neow_cost":"NONE","seed_source_timestamp":412058399503527,"circlet_count":0,"master_deck":["Strike_R+1","Strike_R+1","Defend_R+1","Defend_R+1","Defend_R+1","Defend_R+1","Bash+1","Iron Wave+1","Twin Strike+1","Metallicize+1","Shockwave+1","Whirlwind+1","Barricade+1","Shrug It Off+1","Headbutt+1","Body Slam+1","Rampage+1","Pommel Strike+1","Disarm+1","Body Slam+1","Inflame+1","Evolve+1","Entrench+1","Impervious+1","Disarm+1"],"relics":["Burning Blood","Bottled Lightning","Oddly Smooth Stone","Bottled Flame","Orrery","Whetstone","Molten Egg 2","Nloth\u0027s Gift","Incense Burner","Mark of Pain","SsserpentHead","Centennial Puzzle","Juzu Bracelet","Self Forming Clay","Mark of the Bloom"],"potions_floor_usage":[24,24,29,29,33,33,36,50],"damage_taken":[{"damage":1,"enemies":"Cultist","floor":1,"turns":3},{"damage":5,"enemies":"Small Slimes","floor":2,"turns":4},{"damage":0,"enemies":"2 Louse","floor":3,"turns":3},{"damage":0,"enemies":"Blue Slaver","floor":4,"turns":5},{"damage":9,"enemies":"Gremlin Nob","floor":7,"turns":4},{"damage":12,"enemies":"Lagavulin","floor":11,"turns":6},{"damage":5,"enemies":"Looter","floor":14,"turns":4},{"damage":20,"enemies":"Slime Boss","floor":16,"turns":14},{"damage":18,"enemies":"2 Thieves","floor":18,"turns":5},{"damage":0,"enemies":"3 Byrds","floor":21,"turns":3},{"damage":29,"enemies":"Slaver and Parasite","floor":24,"turns":5},{"damage":15,"enemies":"Cultist and Chosen","floor":27,"turns":8},{"damage":14,"enemies":"Centurion and Healer","floor":29,"turns":7},{"damage":14,"enemies":"Snake Plant","floor":30,"turns":5},{"damage":0,"enemies":"Snecko","floor":31,"turns":5},{"damage":64,"enemies":"Automaton","floor":33,"turns":12},{"damage":10,"enemies":"3 Darklings","floor":35,"turns":6},{"damage":14,"enemies":"3 Shapes","floor":36,"turns":5},{"damage":6,"enemies":"Spire Growth","floor":39,"turns":6},{"damage":58,"enemies":"2 Orb Walkers","floor":41,"turns":7},{"damage":4,"enemies":"Nemesis","floor":45,"turns":7},{"damage":15,"enemies":"Awakened One","floor":50,"turns":8}],"seed_played":"-7452576849469752802","potions_obtained":[{"floor":11,"key":"Dexterity Potion"},{"floor":14,"key":"Weak Potion"},{"floor":16,"key":"PowerPotion"},{"floor":24,"key":"Fire Potion"},{"floor":29,"key":"AttackPotion"},{"floor":30,"key":"AttackPotion"},{"floor":33,"key":"FearPotion"},{"floor":35,"key":"LiquidBronze"},{"floor":41,"key":"PowerPotion"}],"is_trial":false,"path_per_floor":["M","M","M","M","T","R","E","?","T","R","E","R","?","M","R","B",null,"M","$","?","M","?","R","M","R","T","M","R","M","M","M","R","B",null,"M","M","?","?","M","R","E","R","T","R","E","R","?","?","R","B"],"character_chosen":"IRONCLAD","items_purchased":["Whetstone","Molten Egg 2"],"campfire_rested":5,"item_purchase_floors":[19,19],"current_hp_per_floor":[80,80,80,80,80,80,77,77,77,77,71,71,55,56,56,42,71,59,59,59,65,65,65,42,42,42,33,57,49,41,47,71,13,63,59,51,51,51,51,75,23,47,47,47,49,49,49,49,49,34],"gold":469,"neow_bonus":"THREE_CARDS","is_prod":false,"is_daily":false,"chose_seed":false,"campfire_upgraded":8,"win_rate":0,"timestamp":1533561884,"path_taken":["M","M","M","M","?","R","E","?","T","R","E","R","?","M","R","BOSS","M","$","?","M","?","R","M","R","T","M","R","M","M","M","R","BOSS","M","?","?","?","M","R","E","R","T","R","E","R","?","?","R","BOSS"],"build_version":"2018-08-02","purchased_purges":1,"victory":true,"max_hp_per_floor":[80,80,80,80,80,80,80,80,80,80,80,80,80,80,80,80,80,80,80,80,80,80,80,80,80,80,80,80,80,80,80,80,80,80,80,80,80,80,80,80,80,80,80,80,80,80,80,80,80,80],"card_choices":[{"not_picked":["Perfected Strike","Wild Strike"],"picked":"Iron Wave","floor":0},{"not_picked":["Anger","Perfected Strike"],"picked":"Twin Strike","floor":1},{"not_picked":["Dropkick","Twin Strike"],"picked":"Metallicize","floor":2},{"not_picked":["Heavy Blade","Twin Strike","Iron Wave"],"picked":"SKIP","floor":3},{"not_picked":["Searing Blow","Flex"],"picked":"Shockwave","floor":4},{"not_picked":["Cleave","Warcry"],"picked":"Whirlwind","floor":7},{"not_picked":["Metallicize","Infernal Blade"],"picked":"Barricade","floor":11},{"not_picked":["Dual Wield","Havoc","Wild Strike"],"picked":"SKIP","floor":14},{"not_picked":["Anger","Dropkick"],"picked":"Shrug It Off","floor":17},{"not_picked":["Anger","Power Through"],"picked":"Headbutt","floor":17},{"not_picked":["Heavy Blade","Inflame"],"picked":"Body Slam","floor":17},{"not_picked":["Dual Wield","Reckless Charge","Hemokinesis"],"picked":"SKIP","floor":18},{"not_picked":["Flame Barrier","Exhume","Dual Wield"],"picked":"SKIP","floor":21},{"not_picked":["Bloodletting","Sentinel"],"picked":"Pommel Strike+1","floor":24},{"not_picked":["Fire Breathing","Blood for Blood+1"],"picked":"Disarm","floor":27},{"not_picked":["Anger+1","Twin Strike+1","Bloodletting"],"picked":"SKIP","floor":29},{"not_picked":["Perfected Strike+1","Dual Wield"],"picked":"Body Slam+1","floor":30},{"not_picked":["Anger+1","Clash+1","Perfected Strike+1"],"picked":"SKIP","floor":31},{"not_picked":["Headbutt+1","Anger+1","Double Tap"],"picked":"SKIP","floor":35},{"not_picked":["Perfected Strike+1","Pommel Strike+1"],"picked":"Inflame+1","floor":36},{"not_picked":["Exhume","Anger+1"],"picked":"Evolve+1","floor":39},{"not_picked":["Battle Trance+1","Barricade"],"picked":"Entrench+1","floor":41},{"not_picked":["Shrug It Off","Havoc+1"],"picked":"Impervious","floor":45}],"player_experience":509389,"relics_obtained":[{"floor":5,"key":"Bottled Lightning"},{"floor":7,"key":"Oddly Smooth Stone"},{"floor":9,"key":"Bronze Scales"},{"floor":11,"key":"Bottled Flame"},{"floor":26,"key":"Incense Burner"},{"floor":41,"key":"Centennial Puzzle"},{"floor":43,"key":"Juzu Bracelet"},{"floor":45,"key":"Self Forming Clay"}],"event_choices":[{"event_name":"Bonfire Elementals","player_choice":"BASIC","floor":8,"damage_taken":0},{"event_name":"Shining Light","player_choice":"Entered Light","floor":13,"damage_taken":0},{"event_name":"N\u0027loth","player_choice":"Traded a Bronze Scales","floor":20,"damage_taken":0},{"event_name":"Transmorgrifier","player_choice":"Transform","floor":22,"damage_taken":0},{"event_name":"FaceTrader","player_choice":"Trade","floor":37,"damage_taken":0},{"event_name":"Tomb of Lord Red Mask","player_choice":"Ignored","floor":38,"damage_taken":0},{"event_name":"MindBloom","player_choice":"Upgrade","floor":47,"damage_taken":0},{"event_name":"Duplicator","player_choice":"One dupe","floor":48,"damage_taken":0}],"is_beta":false,"boss_relics":[{"not_picked":["Tiny House","Busted Crown"],"picked":"Orrery"},{"not_picked":["Coffee Dripper","Pandora\u0027s Box"],"picked":"Mark of Pain"}],"items_purged_floors":[19],"is_endless":false,"potions_floor_spawned":[11,14,16,21,24,29,30,33,35,41],"ascension_level":5}