{"gold_per_floor":[11,11,11,31,31,57,57,76,76,92,122,122,134,153,153,153],"floor_reached":16,"playtime":637,"items_purged":[],"score":140,"play_id":"cda5296e-dcc5-4cb7-b6f9-4268628b2c95","local_time":"20190224133850","is_ascension_mode":true,"campfire_choices":[{"floor":7,"key":"REST"},{"data":"Armaments","floor":15,"key":"SMITH"}],"neow_cost":"NO_GOLD","seed_source_timestamp":19716255701752,"circlet_count":0,"master_deck":["Strike_R","Strike_R","Strike_R","Defend_R","Defend_R","Defend_R","Defend_R","Bash","Power Through","Shrug It Off","Headbutt","Iron Wave","Double Tap","Corruption","Armaments+1","Whirlwind","Searing Blow"],"relics":["Burning Blood","Torii","Blood Vial","The Courier","Dodecahedron"],"potions_floor_usage":[6,11,13,16],"damage_taken":[{"damage":13,"enemies":"Jaw Worm","floor":1,"turns":5},{"damage":0,"enemies":"Small Slimes","floor":4,"turns":3},{"damage":45,"enemies":"Lagavulin","floor":6,"turns":7},{"damage":1,"enemies":"2 Louse","floor":8,"turns":3},{"damage":0,"enemies":"Blue Slaver","floor":10,"turns":4},{"damage":34,"enemies":"Gremlin Nob","floor":11,"turns":5},{"damage":1,"enemies":"Exordium Thugs","floor":13,"turns":4},{"damage":0,"enemies":"Lots of Slimes","floor":14,"turns":2},{"damage":100,"enemies":"Hexaghost","floor":16,"turns":16}],"seed_played":"-404300767302622496","potions_obtained":[{"floor":4,"key":"Strength Potion"},{"floor":10,"key":"LiquidBronze"},{"floor":11,"key":"Explosive Potion"},{"floor":14,"key":"Regen Potion"}],"is_trial":false,"path_per_floor":["M","$","?","M","?","E","R","M","T","M","E","?","M","M","R","B"],"character_chosen":"IRONCLAD","items_purchased":[],"campfire_rested":1,"item_purchase_floors":[],"current_hp_per_floor":[73,73,73,79,76,37,61,68,68,76,50,76,80,80,80,0],"gold":153,"neow_bonus":"TRANSFORM_TWO_CARDS","is_prod":false,"is_daily":false,"chose_seed":false,"campfire_upgraded":1,"win_rate":0,"timestamp":1551037130,"path_taken":["M","$","?","M","?","E","R","M","T","M","E","?","M","M","R","BOSS"],"build_version":"2019-01-23","purchased_purges":0,"victory":false,"max_hp_per_floor":[80,80,80,80,80,80,80,80,80,80,80,80,80,80,80,80],"card_choices":[{"not_picked":["True Grit","Combust"],"picked":"Headbutt","floor":1},{"not_picked":["Heavy Blade","Rage"],"picked":"Iron Wave","floor":4},{"not_picked":["Flex","Wild Strike"],"picked":"Double Tap","floor":6},{"not_picked":["Body Slam","Second Wind"],"picked":"Corruption","floor":8},{"not_picked":["Anger","Wild Strike","Hemokinesis"],"picked":"SKIP","floor":10},{"not_picked":["Inflame","Warcry"],"picked":"Armaments","floor":11},{"not_picked":["Anger","Brutality"],"picked":"Whirlwind","floor":13},{"not_picked":["Hemokinesis","Havoc"],"picked":"Searing Blow","floor":14}],"player_experience":344243,"relics_obtained":[{"floor":6,"key":"Blood Vial"},{"floor":9,"key":"The Courier"},{"floor":11,"key":"Dodecahedron"}],"event_choices":[{"damage_healed":0,"gold_gain":0,"player_choice":"Ignored","damage_taken":0,"max_hp_gain":0,"max_hp_loss":0,"event_name":"Liars Game","floor":3,"gold_loss":0},{"damage_healed":0,"gold_gain":0,"player_choice":"Success","damage_taken":3,"relics_obtained":["Torii"],"max_hp_gain":0,"max_hp_loss":0,"event_name":"Scrap Ooze","floor":5,"gold_loss":0},{"damage_healed":26,"gold_gain":0,"player_choice":"Banana","damage_taken":0,"max_hp_gain":0,"max_hp_loss":0,"event_name":"Big Fish","floor":12,"gold_loss":0}],"is_beta":false,"boss_relics":[],"items_purged_floors":[],"is_endless":false,"potions_floor_spawned":[4,10,11,14],"killed_by":"Hexaghost","ascension_level":5}