{"gold_per_floor":[116,133,153,71,71,71,96,171,196,42,54,65,65,83,83,181,181,168,168,181,194,194,194,194,194,194,194,64,80,1,1,1,1],"floor_reached":33,"playtime":1153,"items_purged":[],"score":392,"play_id":"7c21937c-b6e3-49f8-b141-623f9ada6e9e","local_time":"20190130205646","is_ascension_mode":true,"campfire_choices":[{"data":"Footwork","floor":6.0,"key":"SMITH"},{"floor":13.0,"key":"REST"},{"data":"Footwork","floor":15.0,"key":"SMITH"},{"floor":23.0,"key":"REST"},{"data":"Noxious Fumes","floor":25.0,"key":"SMITH"},{"data":"Envenom","floor":27.0,"key":"SMITH"},{"floor":32.0,"key":"REST"}],"neow_cost":"NONE","seed_source_timestamp":427933841942200,"circlet_count":0,"master_deck":["AscendersBane","Defend_G","Defend_G","Defend_G","Defend_G","Defend_G","Strike_G","Strike_G","Strike_G","Strike_G","Survivor","Neutralize","Quick Slash","Footwork+1","Footwork+1","Escape Plan","Noxious Fumes+1","Poisoned Stab","Poisoned Stab","Blur","Terror","Deadly Poison","Envenom+1","Dodge and Roll","Poisoned Stab","Flash of Steel","Blur"],"special_seed":0,"relics":["Ring of the Snake","Snake Skull","Pen Nib","Bronze Scales","Busted Crown","FaceOfCleric","Paper Crane"],"potions_floor_usage":[33],"damage_taken":[{"damage":0.0,"enemies":"Cultist","floor":1.0,"turns":4.0},{"damage":0.0,"enemies":"Small Slimes","floor":2.0,"turns":5.0},{"damage":8.0,"enemies":"Jaw Worm","floor":3.0,"turns":8.0},{"damage":13.0,"enemies":"3 Sentries","floor":7.0,"turns":10.0},{"damage":0.0,"enemies":"Looter","floor":11.0,"turns":4.0},{"damage":3.0,"enemies":"Red Slaver","floor":12.0,"turns":3.0},{"damage":0.0,"enemies":"Blue Slaver","floor":14.0,"turns":4.0},{"damage":4.0,"enemies":"Hexaghost","floor":16.0,"turns":8.0},{"damage":17.0,"enemies":"2 Thieves","floor":18.0,"turns":4.0},{"damage":1.0,"enemies":"3 Byrds","floor":20.0,"turns":4.0},{"damage":3.0,"enemies":"Cultist and Chosen","floor":21.0,"turns":7.0},{"damage":19.0,"enemies":"Shelled Parasite and Fungi","floor":29.0,"turns":6.0},{"damage":21.0,"enemies":"Colosseum Slavers","floor":31.0,"turns":4.0},{"damage":57,"enemies":"Collector","floor":33,"turns":5}],"seed_played":"27901881151900526","potions_obtained":[{"floor":1.0,"key":"Poison Potion"},{"floor":2.0,"key":"Swift Potion"},{"floor":11.0,"key":"Fire Potion"},{"floor":12.0,"key":"GhostInAJar"},{"floor":21.0,"key":"Explosive Potion"}],"is_trial":false,"path_per_floor":["M","M","M","$","?","R","E","?","T","$","M","M","R","M","R","B",null,"M","?","M","M","?","R","?","R","T","R","$","M","$","?","R","B"],"character_chosen":"THE_SILENT","items_purchased":["Noxious Fumes","Poisoned Stab","Bronze Scales","Poisoned Stab","Flash of Steel","Blur"],"campfire_rested":3,"item_purchase_floors":[4,4,10,28,28,30],"current_hp_per_floor":[63,63,55,55,55,55,42,31,31,31,31,28,49,49,49,45,64,47,47,47,45,32,55,55,55,55,55,55,37,37,17,40,0],"gold":1,"neow_bonus":"TRANSFORM_CARD","is_prod":false,"is_daily":false,"chose_seed":false,"campfire_upgraded":4,"win_rate":0,"timestamp":1548899806,"path_taken":["M","M","?","$","?","R","E","?","T","$","M","M","R","?","R","BOSS","M","?","M","?","?","R","?","R","T","R","$","M","?","?","R","BOSS"],"build_version":"2019-01-23","purchased_purges":0,"victory":false,"max_hp_per_floor":[70,70,70,70,70,70,70,70,70,70,70,70,70,70,70,70,70,70,70,71,72,77,77,77,77,77,77,77,78,78,79,79,79],"card_choices":[{"not_picked":["Prepared","Calculated Gamble"],"picked":"Footwork","floor":1.0},{"not_picked":["Finisher","PiercingWail"],"picked":"Footwork","floor":2.0},{"not_picked":["Sucker Punch","Deadly Poison"],"picked":"Escape Plan","floor":3.0},{"not_picked":["Wraith Form v2","Prepared"],"picked":"Poisoned Stab","floor":7.0},{"not_picked":["Outmaneuver","Reflex"],"picked":"Blur","floor":11.0},{"not_picked":["Backstab","Flying Knee"],"picked":"Terror","floor":12.0},{"not_picked":["PiercingWail","Dagger Throw"],"picked":"Deadly Poison","floor":14.0},{"not_picked":["Unload","Die Die Die"],"picked":"Envenom","floor":16.0},{"not_picked":["Tactician"],"picked":"SKIP","floor":18.0},{"not_picked":["Accuracy"],"picked":"SKIP","floor":20.0},{"not_picked":[],"picked":"Dodge and Roll","floor":21.0},{"not_picked":["Masterful Stab"],"picked":"SKIP","floor":29.0}],"player_experience":556642,"relics_obtained":[{"floor":7.0,"key":"Snake Skull"},{"floor":9.0,"key":"Pen Nib"},{"floor":26.0,"key":"Paper Crane"}],"event_choices":[{"damage_healed":0.0,"max_hp_gain":0.0,"max_hp_loss":0.0,"gold_gain":0.0,"event_name":"Liars Game","player_choice":"Ignored","floor":5.0,"gold_loss":0.0,"damage_taken":0.0},{"damage_healed":0.0,"max_hp_gain":0.0,"max_hp_loss":0.0,"gold_gain":75.0,"event_name":"World of Goop","player_choice":"Gather Gold","floor":8.0,"gold_loss":0.0,"damage_taken":11.0},{"damage_healed":0.0,"max_hp_gain":0.0,"max_hp_loss":0.0,"gold_gain":0.0,"event_name":"FaceTrader","player_choice":"Trade","floor":19.0,"gold_loss":0.0,"damage_taken":0.0,"relics_obtained":["FaceOfCleric"]},{"damage_healed":0.0,"max_hp_gain":5.0,"max_hp_loss":0.0,"gold_gain":0.0,"event_name":"Forgotten Altar","player_choice":"Shed Blood","floor":22.0,"gold_loss":0.0,"damage_taken":18.0},{"damage_healed":0.0,"max_hp_gain":0.0,"max_hp_loss":0.0,"gold_gain":0.0,"event_name":"Vampires","player_choice":"Ignored","floor":24.0,"gold_loss":0.0,"damage_taken":0.0},{"damage_healed":0.0,"max_hp_gain":0.0,"max_hp_loss":0.0,"gold_gain":0.0,"event_name":"Colosseum","player_choice":"Fight","floor":31.0,"gold_loss":0.0,"damage_taken":0.0},{"damage_healed":0.0,"max_hp_gain":0.0,"max_hp_loss":0.0,"gold_gain":0.0,"event_name":"Colosseum","player_choice":"Fled From Nobs","floor":31.0,"gold_loss":0.0,"damage_taken":0.0}],"is_beta":true,"boss_relics":[{"not_picked":["Pandora\u0027s Box","Runic Dome"],"picked":"Busted Crown"}],"items_purged_floors":[],"is_endless":false,"potions_floor_spawned":[1,2,11,12,16,21],"killed_by":"Collector","ascension_level":12}