{"gold_per_floor":[11,11,11,31,48,75,75,75,75,95,95,126,139,159,159,260,260,273,273,286,336,349,349,362,362,411,337,337,337,348,362,362,362],"floor_reached":33,"playtime":1333,"items_purged":[],"score":285,"play_id":"dd025d66-4379-4b16-a607-ae76abdf326b","local_time":"20190304231858","is_ascension_mode":true,"campfire_choices":[{"floor":7,"key":"RECALL"},{"data":"Corruption","floor":8,"key":"SMITH"},{"floor":11,"key":"REST"},{"data":"Infernal Blade","floor":15,"key":"SMITH"},{"data":"Exhume","floor":23,"key":"SMITH"},{"floor":29,"key":"REST"},{"floor":32,"key":"REST"}],"neow_cost":"NO_GOLD","seed_source_timestamp":9711205744770,"circlet_count":0,"master_deck":["Strike_R","Strike_R","Strike_R","Strike_R","Strike_R","Defend_R","Defend_R","Defend_R","Defend_R","Bash","Swift Strike","Body Slam","Clash","Battle Trance","Corruption+1","Iron Wave","Spot Weakness","Flex","Infernal Blade+1","Exhume+1","Cleave+1","Warcry","Seeing Red+1","Clash+1"],"relics":["Burning Blood","WingedGreaves","Happy Flower","Busted Crown","PreservedInsect"],"potions_floor_usage":[12,16,18,18,30,33],"damage_taken":[{"damage":3,"enemies":"Small Slimes","floor":1,"turns":3},{"damage":1,"enemies":"Cultist","floor":4,"turns":3},{"damage":2,"enemies":"Jaw Worm","floor":5,"turns":3},{"damage":44,"enemies":"Lagavulin","floor":6,"turns":10},{"damage":9,"enemies":"Red Slaver","floor":10,"turns":4},{"damage":23,"enemies":"Gremlin Nob","floor":12,"turns":4},{"damage":7,"enemies":"Exordium Thugs","floor":13,"turns":4},{"damage":10,"enemies":"Large Slime","floor":14,"turns":5},{"damage":48,"enemies":"Hexaghost","floor":16,"turns":8},{"damage":24,"enemies":"3 Byrds","floor":18,"turns":3},{"damage":11,"enemies":"Spheric Guardian","floor":20,"turns":3},{"damage":12,"enemies":"Centurion and Healer","floor":22,"turns":5},{"damage":24,"enemies":"Snake Plant","floor":24,"turns":3},{"damage":33,"enemies":"Colosseum Slavers","floor":25,"turns":3},{"damage":21,"enemies":"3 Cultists","floor":30,"turns":5},{"damage":23,"enemies":"Snecko","floor":31,"turns":4},{"damage":96,"enemies":"Automaton","floor":33,"turns":8}],"seed_played":"-7175291776579317379","potions_obtained":[{"floor":5,"key":"FearPotion"},{"floor":6,"key":"Explosive Potion"},{"floor":10,"key":"Regen Potion"},{"floor":14,"key":"Swift Potion"},{"floor":18,"key":"FairyPotion"},{"floor":24,"key":"FearPotion"},{"floor":31,"key":"Ancient Potion"}],"is_trial":false,"path_per_floor":["M","$","?","M","M","E","R","R","T","M","R","E","M","M","R","B",null,"M","$","M","?","M","R","M","?","T","$","?","R","M","M","R","B"],"character_chosen":"IRONCLAD","items_purchased":["BloodPotion"],"campfire_rested":3,"item_purchase_floors":[27],"current_hp_per_floor":[80,80,90,90,90,52,52,52,52,49,76,68,67,63,63,21,90,72,72,67,67,61,61,43,16,16,16,16,43,37,20,47,0],"gold":362,"neow_bonus":"RANDOM_COLORLESS_2","is_prod":false,"is_daily":false,"chose_seed":false,"campfire_upgraded":3,"win_rate":0,"timestamp":1551770338,"path_taken":["M","$","?","?","M","E","R","R","T","M","R","E","?","M","R","BOSS","M","$","M","?","?","R","M","?","T","$","?","R","M","M","R","BOSS"],"build_version":"2019-01-23","purchased_purges":0,"victory":false,"max_hp_per_floor":[80,80,90,90,90,90,90,90,90,90,90,90,90,90,90,90,90,90,90,90,90,90,90,90,90,90,90,90,90,90,90,90,90],"card_choices":[{"not_picked":["Intimidate","Anger"],"picked":"Body Slam","floor":1},{"not_picked":["Heavy Blade","Cleave"],"picked":"Clash","floor":4},{"not_picked":["Blood for Blood","Dropkick"],"picked":"Battle Trance","floor":5},{"not_picked":["Immolate","Ghostly Armor"],"picked":"Corruption","floor":6},{"not_picked":["Heavy Blade","Twin Strike"],"picked":"Iron Wave","floor":10},{"not_picked":["Rampage","Intimidate"],"picked":"Spot Weakness","floor":12},{"not_picked":["Cleave","Clothesline"],"picked":"Flex","floor":13},{"not_picked":["Clothesline","Wild Strike"],"picked":"Infernal Blade","floor":14},{"not_picked":["Fiend Fire","Berserk"],"picked":"Exhume","floor":16},{"not_picked":[],"picked":"Cleave+1","floor":18},{"not_picked":[],"picked":"Warcry","floor":20},{"not_picked":["Perfected Strike+1"],"picked":"SKIP","floor":22},{"not_picked":[],"picked":"Seeing Red+1","floor":24},{"not_picked":["Perfected Strike"],"picked":"SKIP","floor":30},{"not_picked":[],"picked":"Clash+1","floor":31}],"player_experience":132872,"relics_obtained":[{"floor":6,"key":"WingedGreaves"},{"floor":12,"key":"Happy Flower"},{"floor":26,"key":"PreservedInsect"}],"event_choices":[{"cards_removed":["Secret Technique"],"damage_healed":0,"gold_gain":0,"player_choice":"Offered Rare","damage_taken":0,"max_hp_gain":10,"max_hp_loss":0,"event_name":"Bonfire Elementals","floor":3,"gold_loss":0},{"damage_healed":0,"gold_gain":100,"player_choice":"Bet on Murderer","damage_taken":0,"max_hp_gain":0,"max_hp_loss":0,"event_name":"The Joust","floor":21,"gold_loss":50},{"damage_healed":0,"gold_gain":0,"player_choice":"Fight","damage_taken":0,"max_hp_gain":0,"max_hp_loss":0,"event_name":"Colosseum","floor":25,"gold_loss":0},{"damage_healed":0,"gold_gain":0,"player_choice":"Fled From Nobs","damage_taken":0,"max_hp_gain":0,"max_hp_loss":0,"event_name":"Colosseum","floor":25,"gold_loss":0},{"damage_healed":0,"gold_gain":0,"player_choice":"Ignored","damage_taken":0,"max_hp_gain":0,"max_hp_loss":0,"event_name":"Ghosts","floor":28,"gold_loss":0}],"is_beta":false,"boss_relics":[{"not_picked":["Tiny House","Runic Cube"],"picked":"Busted Crown"}],"items_purged_floors":[],"is_endless":false,"potions_floor_spawned":[5,6,10,14,18,24,31],"killed_by":"Automaton","ascension_level":2}