{"gold_per_floor":[110,110,127,75,75,75,86,86,86,86,120,134,169,195,195,291,291,303,228,228,228,228,228,254,254,254,284,284,295,310,326,326,425,425,441,61,71,89,311,341,341,341,364,364,389,389,389,405,405,405],"floor_reached":51,"playtime":1923,"items_purged":[],"score":724,"play_id":"9f31c4a0-9cc3-4e96-9d51-707d676de473","local_time":"20190228141433","is_ascension_mode":false,"campfire_choices":[{"data":"Defragment","floor":6,"key":"SMITH"},{"data":"Dualcast","floor":8,"key":"SMITH"},{"data":"Ball Lightning","floor":10,"key":"SMITH"},{"floor":15,"key":"REST"},{"data":"Sweeping Beam","floor":23,"key":"SMITH"},{"data":"Lockon","floor":25,"key":"SMITH"},{"floor":28,"key":"REST"},{"floor":32,"key":"REST"},{"floor":42,"key":"REST"},{"data":"Conserve Battery","floor":47,"key":"SMITH"},{"floor":49,"key":"REST"}],"neow_cost":"NONE","seed_source_timestamp":5814655735493,"circlet_count":0,"master_deck":["Defend_B","Defend_B","Defend_B","Defend_B","Zap+1","Dualcast+1","Leap","Defragment+1","Barrage","Ball Lightning+1","Conserve Battery+1","Sweeping Beam+1","Lockon+1","Coolheaded","Machine Learning","Echo Form+1","Darkness+1","White Noise+1","Hologram+1","Melter+1","Stack","Leap+1","Electrodynamics","Multi-Cast","Thunder Strike","Scrape","Stack+1","Reinforced Body+1","Defragment+1","Doubt"],"relics":["Cracked Core","Juzu Bracelet","FaceOfCleric","Sundial","Bag of Marbles","Happy Flower","Odd Mushroom","Astrolabe","Mercury Hourglass","Kunai","Dead Branch","Red Mask","Busted Crown","Blood Vial","Ginger","Ancient Tea Set","Strawberry"],"potions_floor_usage":[13,13,24,40,50,50],"damage_taken":[{"damage":1,"enemies":"2 Louse","floor":1,"turns":2},{"damage":1,"enemies":"Cultist","floor":3,"turns":3},{"damage":0,"enemies":"Small Slimes","floor":7,"turns":2},{"damage":27,"enemies":"Gremlin Nob","floor":11,"turns":4},{"damage":0,"enemies":"2 Fungi Beasts","floor":12,"turns":2},{"damage":13,"enemies":"3 Sentries","floor":13,"turns":4},{"damage":4,"enemies":"The Mushroom Lair","floor":14,"turns":3},{"damage":36,"enemies":"Hexaghost","floor":16,"turns":8},{"damage":18,"enemies":"2 Thieves","floor":18,"turns":4},{"damage":23,"enemies":"Slavers","floor":24,"turns":4},{"damage":18,"enemies":"Masked Bandits","floor":27,"turns":5},{"damage":0,"enemies":"Spheric Guardian","floor":29,"turns":1},{"damage":9,"enemies":"Shelled Parasite and Fungi","floor":30,"turns":5},{"damage":27,"enemies":"3 Cultists","floor":31,"turns":4},{"damage":12,"enemies":"Champ","floor":33,"turns":7},{"damage":1,"enemies":"Orb Walker","floor":35,"turns":3},{"damage":2,"enemies":"3 Shapes","floor":37,"turns":4},{"damage":29,"enemies":"Maw","floor":38,"turns":7},{"damage":50,"enemies":"Reptomancer","floor":40,"turns":6},{"damage":14,"enemies":"Sphere and 2 Shapes","floor":48,"turns":4},{"damage":38,"enemies":"Time Eater","floor":50,"turns":8}],"seed_played":"3008333294383984052","potions_obtained":[{"floor":11,"key":"Fire Potion"},{"floor":12,"key":"Poison Potion"},{"floor":13,"key":"Poison Potion"},{"floor":14,"key":"Strength Potion"},{"floor":18,"key":"GamblersBrew"},{"floor":31,"key":"SteroidPotion"},{"floor":33,"key":"Energy Potion"},{"floor":38,"key":"Ancient Potion"}],"is_trial":false,"path_per_floor":["M","?","M","$","?","R","M","R","T","R","E","M","E","?","R","B",null,"M","?","?","?","T","R","E","R","T","?","R","M","M","M","R","B",null,"M","$","M","M","?","E","?","R","T","?","T","?","R","M","R","B",null],"character_chosen":"DEFECT","items_purchased":["Barrage","Blood Vial","Thunder Strike","Scrape"],"campfire_rested":5,"item_purchase_floors":[4,36,36,36],"current_hp_per_floor":[74,74,73,73,73,73,74,74,74,74,48,49,37,34,58,23,81,64,64,82,82,82,82,60,60,60,43,68,69,61,35,61,50,88,88,88,88,62,62,15,15,42,42,92,99,99,99,86,100,63],"gold":405,"neow_bonus":"RANDOM_COMMON_RELIC","is_prod":false,"is_daily":false,"chose_seed":false,"campfire_upgraded":6,"win_rate":0,"timestamp":1551384873,"path_taken":["M","?","M","$","?","R","M","R","T","R","E","M","E","?","R","BOSS","M","?","?","?","?","R","E","R","T","?","R","M","M","M","R","BOSS","M","$","M","M","?","E","?","R","T","?","?","?","R","M","R","BOSS"],"build_version":"2019-01-23","purchased_purges":0,"victory":true,"max_hp_per_floor":[75,75,75,75,75,75,76,76,76,76,77,78,79,80,80,81,81,82,82,82,82,82,82,83,83,83,84,84,85,86,87,87,88,88,89,89,90,91,91,92,92,92,92,92,99,99,99,100,100,101],"card_choices":[{"not_picked":["Compile Driver","Coolheaded"],"picked":"Leap","floor":1},{"not_picked":["Hologram","Go for the Eyes"],"picked":"Defragment","floor":3},{"not_picked":["Rip and Tear","Hologram"],"picked":"Ball Lightning","floor":7},{"not_picked":["Amplify","Gash"],"picked":"Conserve Battery","floor":11},{"not_picked":["BootSequence","Steam"],"picked":"Sweeping Beam","floor":12},{"not_picked":["Gash","Coolheaded"],"picked":"Lockon","floor":13},{"not_picked":["Hologram","Sweeping Beam"],"picked":"Coolheaded","floor":14},{"not_picked":["Hyperbeam","Buffer"],"picked":"Machine Learning","floor":16},{"not_picked":["Glacier","Barrage+1"],"picked":"White Noise+1","floor":18},{"not_picked":["Gash","Barrage"],"picked":"Hologram+1","floor":24},{"not_picked":["Go for the Eyes","Lockon"],"picked":"Melter+1","floor":27},{"not_picked":["Reprogram","Tempest"],"picked":"Stack","floor":29},{"not_picked":["Steam","Fusion"],"picked":"Leap+1","floor":30},{"not_picked":["Storm","Steam Power"],"picked":"Electrodynamics","floor":31},{"not_picked":["Amplify","Fission"],"picked":"Multi-Cast","floor":33},{"not_picked":["Recycle+1"],"picked":"SKIP","floor":35},{"not_picked":["Coolheaded"],"picked":"SKIP","floor":37},{"not_picked":[],"picked":"Stack+1","floor":38},{"not_picked":[],"picked":"Reinforced Body+1","floor":40},{"not_picked":["Heatsinks"],"picked":"SKIP","floor":48}],"player_experience":471212,"relics_obtained":[{"floor":9,"key":"Sundial"},{"floor":11,"key":"Bag of Marbles"},{"floor":13,"key":"Happy Flower"},{"floor":14,"key":"Odd Mushroom"},{"floor":22,"key":"Mercury Hourglass"},{"floor":24,"key":"Kunai"},{"floor":26,"key":"Dead Branch"},{"floor":27,"key":"Red Mask"},{"floor":40,"key":"Ginger"},{"floor":43,"key":"Ancient Tea Set"},{"floor":45,"key":"Strawberry"}],"event_choices":[{"damage_healed":0,"gold_gain":0,"player_choice":"Grow","damage_taken":0,"max_hp_gain":0,"max_hp_loss":0,"event_name":"Living Wall","floor":2,"gold_loss":0,"cards_upgraded":["Zap"]},{"damage_healed":0,"gold_gain":0,"player_choice":"Trade","damage_taken":0,"relics_obtained":["FaceOfCleric"],"max_hp_gain":0,"max_hp_loss":0,"event_name":"FaceTrader","floor":5,"gold_loss":0},{"damage_healed":0,"gold_gain":0,"player_choice":"Fought Mushrooms","damage_taken":0,"max_hp_gain":0,"max_hp_loss":0,"event_name":"Mushrooms","floor":14,"gold_loss":0},{"cards_removed":["Strike_B"],"damage_healed":0,"gold_gain":0,"player_choice":"Gave Gold","damage_taken":0,"max_hp_gain":0,"max_hp_loss":0,"event_name":"Beggar","floor":19,"gold_loss":75},{"damage_healed":27,"gold_gain":0,"player_choice":"Heal","damage_taken":0,"max_hp_gain":0,"max_hp_loss":0,"event_name":"The Library","floor":20,"gold_loss":0},{"damage_healed":0,"gold_gain":0,"player_choice":"Ignored","damage_taken":0,"max_hp_gain":0,"max_hp_loss":0,"event_name":"Vampires","floor":21,"gold_loss":0},{"damage_healed":0,"gold_gain":0,"player_choice":"Fought Bandits","damage_taken":0,"max_hp_gain":0,"max_hp_loss":0,"event_name":"Masked Bandits","floor":27,"gold_loss":0},{"damage_healed":0,"gold_gain":222,"player_choice":"Wore Mask","damage_taken":0,"max_hp_gain":0,"max_hp_loss":0,"event_name":"Tomb of Lord Red Mask","floor":39,"gold_loss":0},{"damage_healed":0,"gold_gain":0,"player_choice":"Copied","damage_taken":0,"max_hp_gain":0,"max_hp_loss":0,"event_name":"Duplicator","floor":41,"gold_loss":0,"cards_obtained":["Defragment"]},{"damage_healed":50,"gold_gain":0,"player_choice":"Heal","damage_taken":0,"max_hp_gain":0,"max_hp_loss":0,"event_name":"MindBloom","floor":44,"gold_loss":0,"cards_obtained":["Doubt"]},{"cards_removed":["Streamline"],"damage_healed":0,"gold_gain":0,"player_choice":"Removed Attack","damage_taken":0,"max_hp_gain":0,"max_hp_loss":0,"event_name":"Falling","floor":46,"gold_loss":0}],"is_beta":false,"boss_relics":[{"not_picked":["Empty Cage","Black Star"],"picked":"Astrolabe"},{"not_picked":["Runic Dome","Snecko Eye"],"picked":"Busted Crown"}],"items_purged_floors":[],"is_endless":false,"potions_floor_spawned":[11,12,13,14,18,31,33,38],"ascension_level":0}