{"gold_per_floor":[114,125,50,50,64,64,85,85,85,125,146,146,146,146,146,269,269,283,198,198,223,239,239,263,263,263,163,7,7,48,68,68,198,198,214,214,232,247,247,247,247,122,175,104,124,124,147,166,166,166],"floor_reached":51,"playtime":3687,"items_purged":["Strike_G","Strike_G","Bite"],"score":667,"play_id":"c5f0e34b-d60c-4708-a982-b62268d52203","local_time":"20190224011008","is_ascension_mode":false,"campfire_choices":[{"data":"Noxious Fumes","floor":6,"key":"SMITH"},{"data":"Footwork","floor":8,"key":"SMITH"},{"floor":12,"key":"REST"},{"floor":15,"key":"REST"},{"data":"Neutralize","floor":23,"key":"SMITH"},{"data":"Blur","floor":25,"key":"SMITH"},{"data":"Wraith Form v2","floor":32,"key":"SMITH"},{"floor":40,"key":"REST"},{"floor":46,"key":"REST"},{"floor":49,"key":"REST"}],"neow_cost":"NONE","seed_source_timestamp":636429922105869,"circlet_count":0,"master_deck":["Defend_G","Defend_G","Defend_G","Defend_G","Defend_G","Survivor+1","Neutralize+1","Footwork+1","Noxious Fumes+1","Deadly Poison","Blur+1","Noxious Fumes+1","PiercingWail","Malaise","Deadly Poison+1","Wraith Form v2+1","Bite","Bite","Bite","Bite","Die Die Die","Corpse Explosion","Well Laid Plans","Madness","Madness"],"relics":["Ring of the Snake","Golden Idol","Omamori","Pear","Busted Crown","Bronze Scales","Question Card","Dream Catcher","Fusion Hammer","Pen Nib"],"potions_floor_usage":[10,16,24,30,33,37,50,50,50],"damage_taken":[{"damage":2,"enemies":"Cultist","floor":1,"turns":5},{"damage":0,"enemies":"Jaw Worm","floor":2,"turns":5},{"damage":0,"enemies":"Small Slimes","floor":5,"turns":4},{"damage":7,"enemies":"2 Fungi Beasts","floor":7,"turns":4},{"damage":5,"enemies":"Gremlin Nob","floor":10,"turns":5},{"damage":42,"enemies":"Gremlin Gang","floor":11,"turns":5},{"damage":10,"enemies":"Slime Boss","floor":16,"turns":11},{"damage":0,"enemies":"Spheric Guardian","floor":18,"turns":6},{"damage":1,"enemies":"Shell Parasite","floor":21,"turns":5},{"damage":6,"enemies":"Snake Plant","floor":22,"turns":5},{"damage":0,"enemies":"Chosen and Byrds","floor":24,"turns":6},{"damage":19,"enemies":"Gremlin Leader","floor":30,"turns":6},{"damage":0,"enemies":"Cultist and Chosen","floor":31,"turns":5},{"damage":6,"enemies":"Champ","floor":33,"turns":12},{"damage":1,"enemies":"Orb Walker","floor":35,"turns":5},{"damage":4,"enemies":"3 Darklings","floor":37,"turns":4},{"damage":10,"enemies":"Transient","floor":38,"turns":5},{"damage":17,"enemies":"Maw","floor":45,"turns":9},{"damage":4,"enemies":"Writhing Mass","floor":47,"turns":7},{"damage":33,"enemies":"Spire Growth","floor":48,"turns":5},{"damage":85,"enemies":"Donu and Deca","floor":50,"turns":8}],"seed_played":"1803343300287123524","potions_obtained":[{"floor":1,"key":"GhostInAJar"},{"floor":11,"key":"GhostInAJar"},{"floor":20,"key":"Regen Potion"},{"floor":20,"key":"SteroidPotion"},{"floor":20,"key":"AttackPotion"},{"floor":22,"key":"Energy Potion"},{"floor":30,"key":"Poison Potion"},{"floor":33,"key":"Explosive Potion"},{"floor":35,"key":"GamblersBrew"},{"floor":37,"key":"Dexterity Potion"},{"floor":47,"key":"Regen Potion"}],"is_trial":false,"path_per_floor":["M","M","$","?","M","R","M","R","T","E","M","R","?","$","R","B",null,"M","?","?","M","M","R","M","R","T","$","$","?","E","M","R","B",null,"M","?","M","M","?","R","?","$","T","$","M","R","M","M","R","B",null],"character_chosen":"THE_SILENT","items_purchased":["Wraith Form v2","EssenceOfSteel"],"campfire_rested":5,"item_purchase_floors":[28,44],"current_hp_per_floor":[68,68,68,51,51,51,44,44,44,49,7,31,15,15,39,29,80,80,80,80,79,73,73,73,73,73,73,73,56,49,56,56,56,56,56,56,53,53,46,56,56,56,56,56,52,56,56,29,45,12],"gold":166,"neow_bonus":"THREE_CARDS","is_prod":false,"is_daily":false,"chose_seed":false,"campfire_upgraded":5,"win_rate":0,"timestamp":1550938208,"path_taken":["M","M","$","?","M","R","M","R","T","E","M","R","?","$","R","BOSS","M","?","?","M","?","R","M","R","T","?","$","?","E","M","R","BOSS","M","?","?","M","?","R","?","$","T","$","M","R","M","M","R","BOSS"],"build_version":"2019-01-23","purchased_purges":3,"victory":true,"max_hp_per_floor":[70,70,70,70,70,70,70,70,70,80,80,80,80,80,80,80,80,80,80,80,80,80,80,80,80,80,80,80,56,56,56,56,56,56,56,56,56,56,56,56,56,56,56,56,56,56,56,56,56,56],"card_choices":[{"not_picked":["Prepared","Dodge and Roll"],"picked":"Footwork","floor":0},{"not_picked":["Leg Sweep","Crippling Poison"],"picked":"Noxious Fumes","floor":1},{"not_picked":["Dodge and Roll","Flying Knee"],"picked":"Deadly Poison","floor":2},{"not_picked":["Backflip","Sucker Punch"],"picked":"Blur","floor":5},{"not_picked":["Deflect","Acrobatics"],"picked":"Noxious Fumes","floor":7},{"not_picked":["Concentrate","Deflect","Accuracy"],"picked":"SKIP","floor":10},{"not_picked":["Setup","Quick Slash"],"picked":"PiercingWail","floor":11},{"not_picked":["Die Die Die","Venomology"],"picked":"Malaise","floor":16},{"not_picked":["Dagger Throw"],"picked":"SKIP","floor":18},{"not_picked":["Underhanded Strike"],"picked":"SKIP","floor":21},{"not_picked":["Deflect"],"picked":"SKIP","floor":22},{"not_picked":[],"picked":"Deadly Poison+1","floor":24},{"not_picked":["Acrobatics"],"picked":"Die Die Die","floor":30},{"not_picked":["Flechettes","Sucker Punch"],"picked":"SKIP","floor":31},{"not_picked":["A Thousand Cuts"],"picked":"Corpse Explosion","floor":33},{"not_picked":["Blade Dance","Slice+1"],"picked":"SKIP","floor":35},{"not_picked":["Tactician+1"],"picked":"Well Laid Plans","floor":37},{"not_picked":["Dash+1","Acrobatics"],"picked":"SKIP","floor":38},{"not_picked":["Blade Dance+1","Eviscerate+1"],"picked":"SKIP","floor":45},{"not_picked":["Acrobatics","Caltrops+1"],"picked":"SKIP","floor":47},{"not_picked":["Infinite Blades","Acrobatics+1"],"picked":"SKIP","floor":48}],"player_experience":364547,"relics_obtained":[{"floor":9,"key":"Omamori"},{"floor":10,"key":"Pear"},{"floor":26,"key":"Question Card"},{"floor":30,"key":"Dream Catcher"},{"floor":43,"key":"Pen Nib"}],"event_choices":[{"damage_healed":0,"gold_gain":0,"player_choice":"Take Damage","damage_taken":17,"relics_obtained":["Golden Idol"],"max_hp_gain":0,"max_hp_loss":0,"event_name":"Golden Idol","floor":4,"gold_loss":0},{"damage_healed":0,"gold_gain":0,"player_choice":"Entered Light","damage_taken":16,"max_hp_gain":0,"max_hp_loss":0,"event_name":"Shining Light","floor":13,"gold_loss":0,"cards_upgraded":["Survivor","Noxious Fumes"]},{"damage_healed":0,"gold_gain":0,"player_choice":"Obtained Relic","damage_taken":0,"relics_obtained":["Bronze Scales"],"max_hp_gain":0,"max_hp_loss":0,"event_name":"Addict","floor":19,"gold_loss":85},{"damage_healed":0,"gold_gain":0,"player_choice":"Got Potions","damage_taken":0,"max_hp_gain":0,"max_hp_loss":0,"event_name":"Lab","floor":20,"gold_loss":0},{"damage_healed":0,"gold_gain":0,"player_choice":"Became a vampire","damage_taken":0,"max_hp_gain":0,"max_hp_loss":24,"event_name":"Vampires","floor":29,"gold_loss":0,"cards_obtained":["Bite","Bite","Bite","Bite","Bite"]},{"damage_healed":0,"gold_gain":0,"player_choice":"Ignored","damage_taken":0,"max_hp_gain":0,"max_hp_loss":0,"event_name":"NoteForYourself","floor":36,"gold_loss":0},{"damage_healed":0,"gold_gain":0,"player_choice":"Embrace Madness","damage_taken":7,"max_hp_gain":0,"max_hp_loss":0,"event_name":"Winding Halls","floor":39,"gold_loss":0,"cards_obtained":["Madness","Madness"]},{"damage_healed":0,"gold_gain":0,"player_choice":"Ignored","damage_taken":0,"max_hp_gain":0,"max_hp_loss":0,"event_name":"Tomb of Lord Red Mask","floor":41,"gold_loss":0}],"is_beta":false,"boss_relics":[{"not_picked":["WristBlade","Orrery"],"picked":"Busted Crown"},{"not_picked":["Ring of the Serpent","Philosopher\u0027s Stone"],"picked":"Fusion Hammer"}],"items_purged_floors":[3,27,42],"is_endless":false,"potions_floor_spawned":[1,11,22,30,33,35,37,47,48],"ascension_level":0}