{"path_per_floor":["M","M","?","?","T","E","?","M","T","?","M","M","E","?","R","B",null,"M","?","?","?","?","R","E","R","T","M","M"],"character_chosen":"IRONCLAD","items_purchased":[],"gold_per_floor":[119,132,132,132,132,166,225,239,263,263,274,286,318,318,318,422,422,441,441,356,281,281,281,309,309,366,379,390],"floor_reached":29,"campfire_rested":1,"playtime":2130,"current_hp_per_floor":[80,80,85,68,68,46,41,47,47,85,85,84,66,55,55,9,92,84,68,68,68,68,68,8,35,35,27,7],"items_purged":[],"gold":390,"score":251,"play_id":"a04d8793-ef56-44b3-815e-115327145666","local_time":"20180316003927","is_prod":false,"is_daily":false,"is_ascension_mode":false,"campfire_upgraded":2,"timestamp":1521157167,"path_taken":["M","M","?","?","?","E","?","M","T","?","M","M","E","?","R","BOSS","M","?","?","?","?","R","E","R","T","M","M","E"],"build_version":"2018-03-09","purchased_purges":0,"victory":false,"master_deck":["Strike_R+1","Strike_R+1","Strike_R+1","Strike_R+1","Defend_R","Defend_R","Defend_R","Defend_R","Bash","Double Tap+1","Heavy Blade","Disarm","Dual Wield","Uppercut","Barricade+1","Iron Wave","Necronomicurse","Writhe","Body Slam","Shrug It Off","Reaper"],"max_hp_per_floor":[80,80,85,85,85,85,85,85,85,85,85,85,85,92,92,92,92,92,92,92,92,92,92,92,92,92,92,92],"relics":["Burning Blood","Whetstone","Juzu Bracelet","Bronze Scales","Anchor","Bag of Preparation","Strawberry","Question Card","Necronomicon","Lantern","Oddly Smooth Stone","Prayer Wheel","Tiny Chest"],"card_choices":[{"not_picked":["Sword Boomerang","Warcry"],"picked":"Heavy Blade"},{"not_picked":["Havoc","Iron Wave"],"picked":"Carnage"},{"not_picked":["Heavy Blade","Warcry"],"picked":"Disarm"},{"not_picked":["Body Slam","True Grit"],"picked":"Dual Wield"},{"not_picked":["True Grit","Cleave"],"picked":"Uppercut"},{"not_picked":["Berserk","Immolate"],"picked":"Barricade"},{"not_picked":["Carnage","Cleave","Anger"],"picked":"Iron Wave"},{"not_picked":["Wild Strike","Pommel Strike","Warcry"],"picked":"Body Slam"},{"not_picked":["Hemokinesis","Corruption","Rupture"],"picked":"Shrug It Off"},{"not_picked":["Bloodletting","Perfected Strike","Thunderclap"],"picked":"Reaper"}],"player_experience":201901,"potions_floor_usage":[6,7,16,24,29],"damage_taken":[{"damage":0,"enemies":"2 Louse","floor":1,"turns":3},{"damage":0,"enemies":"Small Slimes","floor":2,"turns":4},{"damage":28,"enemies":"3 Sentries","floor":6,"turns":8},{"damage":11,"enemies":"3 Sentries","floor":7,"turns":7},{"damage":0,"enemies":"Cultist","floor":8,"turns":2},{"damage":0,"enemies":"3 Louse","floor":11,"turns":3},{"damage":7,"enemies":"Blue Slaver","floor":12,"turns":2},{"damage":24,"enemies":"Lagavulin","floor":13,"turns":5},{"damage":52,"enemies":"Hexaghost","floor":16,"turns":10},{"damage":14,"enemies":"Shell Parasite","floor":18,"turns":7},{"damage":66,"enemies":"Gremlin Leader","floor":24,"turns":6},{"damage":14,"enemies":"2 Thieves","floor":27,"turns":5},{"damage":26,"enemies":"Chosen and Byrds","floor":28,"turns":7},{"damage":21,"enemies":"Book of Stabbing","floor":29,"turns":4}],"event_choices":[{"event_name":"Big Fish","player_choice":"Donut","floor":3,"damage_taken":0},{"event_name":"Shining Light","player_choice":"Entered Light","floor":4,"damage_taken":0},{"event_name":"Dead Adventurer","player_choice":"Searched \u00273\u0027 times","floor":7,"damage_taken":0},{"event_name":"Bonfire Elementals","player_choice":"UNCOMMON","floor":10,"damage_taken":0},{"event_name":"Scrap Ooze","player_choice":"success","floor":14,"damage_taken":18},{"event_name":"Cursed Tome","player_choice":"Obtained Book","floor":19,"damage_taken":0},{"event_name":"Addict","player_choice":"Obtained Relic","floor":20,"damage_taken":0},{"event_name":"Beggar","player_choice":"Gave Gold","floor":21,"damage_taken":0},{"event_name":"The Mausoleum","player_choice":"Yes","floor":22,"damage_taken":0}],"boss_relics":[{"not_picked":["Runic Dome","Snecko Eye"],"picked":"Question Card"}],"potions_floor_spawned":[1,6,7,11,28],"seed_played":"5221457909473936533","killed_by":"Book of Stabbing","ascension_level":0,"is_trial":false}