{"gold_per_floor":[119,134,149,164,176,201,201,230,309,338,6,25,42,58,58,159,159,175,191,290,313,329,358,358,375,428,462,462,489,489,506,506,609,609,622,632,37,37,55,86,86,420,447,475,475,142,155,165,165,165],"floor_reached":51,"playtime":3218,"items_purged":["Strike_B","Recycle+1","Defend_B"],"score":1294,"play_id":"b8a7a0fd-3735-42a5-a628-6514a4866e36","local_time":"20190112155842","is_ascension_mode":true,"campfire_choices":[{"floor":7,"key":"REST"},{"floor":15,"key":"REST"},{"data":"Defragment","floor":24,"key":"SMITH"},{"data":"Blizzard","floor":30,"key":"SMITH"},{"data":"Chill","floor":32,"key":"SMITH"},{"data":"Barrage","floor":41,"key":"SMITH"},{"data":"Defragment","floor":45,"key":"SMITH"},{"data":"Glacier","floor":49,"key":"SMITH"}],"neow_cost":"NONE","seed_source_timestamp":296786166171989,"circlet_count":0,"master_deck":["Defend_B","Defend_B","Defend_B","Zap","Dualcast","Dramatic Entrance","Defragment+1","Cold Snap","Coolheaded","Capacitor","Glacier+1","Echo Form","Redo","Barrage+1","Capacitor","Blizzard+1","Seek","White Noise","Self Repair","Glacier","Chill+1","Machine Learning","Machine Learning+1","Blizzard+1","Defragment+1","Defragment+1"],"relics":["Cracked Core","Dream Catcher","Thread and Needle","Bottled Tornado","Gambling Chip","Anchor","Nuclear Battery","Orichalcum","Oddly Smooth Stone","Happy Flower","Blood Vial","Kunai","Meat on the Bone","Astrolabe","DataDisk","Art of War","ClockworkSouvenir","Strawberry","Old Coin","PreservedInsect","Juzu Bracelet","DollysMirror"],"potions_floor_usage":[10,10,16,16,27,29,50,50,50],"damage_taken":[{"damage":4,"enemies":"Cultist","floor":1,"turns":5},{"damage":7,"enemies":"Jaw Worm","floor":2,"turns":2},{"damage":5,"enemies":"2 Louse","floor":3,"turns":2},{"damage":28,"enemies":"Exordium Thugs","floor":4,"turns":7},{"damage":0,"enemies":"Large Slime","floor":5,"turns":5},{"damage":4,"enemies":"Lagavulin","floor":6,"turns":10},{"damage":30,"enemies":"3 Sentries","floor":8,"turns":12},{"damage":0,"enemies":"Lagavulin","floor":10,"turns":7},{"damage":0,"enemies":"3 Louse","floor":12,"turns":2},{"damage":0,"enemies":"Blue Slaver","floor":13,"turns":4},{"damage":0,"enemies":"Exordium Wildlife","floor":14,"turns":5},{"damage":25,"enemies":"Slime Boss","floor":16,"turns":7},{"damage":6,"enemies":"Spheric Guardian","floor":18,"turns":6},{"damage":0,"enemies":"Shell Parasite","floor":19,"turns":8},{"damage":7,"enemies":"Shelled Parasite and Fungi","floor":22,"turns":8},{"damage":25,"enemies":"Book of Stabbing","floor":23,"turns":10},{"damage":0,"enemies":"Cultist and Chosen","floor":25,"turns":5},{"damage":2,"enemies":"Gremlin Leader","floor":27,"turns":8},{"damage":9,"enemies":"Book of Stabbing","floor":29,"turns":11},{"damage":8,"enemies":"Snecko","floor":31,"turns":7},{"damage":19,"enemies":"Collector","floor":33,"turns":9},{"damage":2,"enemies":"3 Shapes","floor":35,"turns":5},{"damage":16,"enemies":"Orb Walker","floor":36,"turns":7},{"damage":30,"enemies":"4 Shapes","floor":39,"turns":9},{"damage":0,"enemies":"Nemesis","floor":40,"turns":9},{"damage":0,"enemies":"Giant Head","floor":42,"turns":8},{"damage":0,"enemies":"Reptomancer","floor":44,"turns":8},{"damage":0,"enemies":"Maw","floor":47,"turns":6},{"damage":0,"enemies":"Sphere and 2 Shapes","floor":48,"turns":7},{"damage":18,"enemies":"Time Eater","floor":50,"turns":9}],"seed_played":"-5934756420961604267","potions_obtained":[{"floor":2,"key":"SmokeBomb"},{"floor":3,"key":"Strength Potion"},{"floor":6,"key":"Weak Potion"},{"floor":10,"key":"PowerPotion"},{"floor":13,"key":"Poison Potion"},{"floor":14,"key":"Energy Potion"},{"floor":18,"key":"FearPotion"},{"floor":23,"key":"Block Potion"},{"floor":25,"key":"AttackPotion"},{"floor":29,"key":"FocusPotion"},{"floor":31,"key":"Explosive Potion"},{"floor":44,"key":"PowerPotion"},{"floor":47,"key":"PowerPotion"}],"is_trial":false,"path_per_floor":["M","M","M","M","M","E","R","E","T","E","$","M","M","M","R","B",null,"M","M","?","T","M","E","R","M","T","E","?","E","R","M","R","B",null,"M","M","$","?","M","E","R","E","T","E","R","$","M","M","R","B",null],"character_chosen":"DEFECT","items_purchased":["Capacitor","Anchor","Blizzard","DataDisk","Art of War","ClockworkSouvenir","DollysMirror"],"campfire_rested":2,"item_purchase_floors":[11,11,11,37,37,37,46],"current_hp_per_floor":[64,57,52,24,24,20,42,12,12,12,12,12,12,12,34,9,59,53,53,53,53,60,49,49,49,49,61,61,68,68,75,75,70,74,75,73,73,85,69,92,92,92,92,92,92,92,92,92,92,81],"gold":165,"neow_bonus":"RANDOM_COLORLESS","is_prod":false,"is_daily":false,"chose_seed":false,"campfire_upgraded":6,"win_rate":0,"timestamp":1547305122,"path_taken":["M","M","M","M","M","E","R","E","T","E","$","M","?","M","R","BOSS","M","M","?","?","M","E","R","?","T","E","?","E","R","M","R","BOSS","M","M","$","?","M","E","R","E","T","E","R","?","M","M","R","BOSS"],"build_version":"2019-01-10","purchased_purges":3,"victory":true,"max_hp_per_floor":[75,75,75,75,75,75,75,75,75,75,75,75,75,75,75,75,75,75,75,75,75,75,75,75,75,75,75,75,75,75,75,75,75,75,75,75,75,85,85,92,92,92,92,92,92,92,92,92,92,92],"card_choices":[{"not_picked":["Streamline","Compile Driver"],"picked":"Defragment","floor":1},{"not_picked":["Consume","Storm"],"picked":"Cold Snap","floor":2},{"not_picked":["Leap","Steam"],"picked":"Coolheaded","floor":3},{"not_picked":["Hologram","Darkness"],"picked":"Capacitor","floor":4},{"not_picked":["Sweeping Beam","Force Field"],"picked":"Glacier","floor":5},{"not_picked":["Coolheaded","BootSequence"],"picked":"Echo Form","floor":6},{"not_picked":["Chaos","Turbo"],"picked":"Redo","floor":7},{"not_picked":["Coolheaded","Compile Driver","Multi-Cast"],"picked":"SKIP","floor":8},{"not_picked":["Streamline","Hologram"],"picked":"Barrage","floor":10},{"not_picked":["Compile Driver","Steam","Beam Cell"],"picked":"SKIP","floor":12},{"not_picked":["Redo","Reinforced Body","Heatsinks"],"picked":"SKIP","floor":13},{"not_picked":["Ball Lightning","Redo","Auto Shields"],"picked":"SKIP","floor":14},{"not_picked":["Hologram","Go for the Eyes"],"picked":"Seek","floor":15},{"not_picked":["Beam Cell","Compile Driver"],"picked":"White Noise","floor":18},{"not_picked":["Capacitor","Coolheaded+1"],"picked":"Self Repair","floor":19},{"not_picked":["Capacitor","Ball Lightning+1","Go for the Eyes"],"picked":"SKIP","floor":22},{"not_picked":["Coolheaded","Barrage"],"picked":"Glacier","floor":23},{"not_picked":["Cold Snap","Hologram","Stack"],"picked":"SKIP","floor":25},{"not_picked":["Turbo","Rebound","Steam Power+1"],"picked":"SKIP","floor":27},{"not_picked":["Ball Lightning","Storm","Gash"],"picked":"SKIP","floor":29},{"not_picked":["Stack","Meteor Strike"],"picked":"Chill","floor":31},{"not_picked":["Fission","Meteor Strike"],"picked":"Machine Learning","floor":33},{"not_picked":["Skim","Compile Driver","Beam Cell+1"],"picked":"SKIP","floor":35},{"not_picked":["FTL","Hello World"],"picked":"Blizzard+1","floor":36},{"not_picked":["Cold Snap+1","Darkness+1","Aggregate+1"],"picked":"SKIP","floor":39},{"not_picked":["Compile Driver+1","Coolheaded","Go for the Eyes+1"],"picked":"SKIP","floor":40},{"not_picked":["Rip and Tear+1","Rebound","Tempest"],"picked":"SKIP","floor":42},{"not_picked":["Compile Driver","Blizzard"],"picked":"Defragment","floor":44},{"not_picked":["Gash+1","Seek","Streamline+1"],"picked":"SKIP","floor":47},{"not_picked":["Stack+1","Leap+1","Skim"],"picked":"SKIP","floor":48}],"player_experience":677011,"relics_obtained":[{"floor":6,"key":"Dream Catcher"},{"floor":8,"key":"Thread and Needle"},{"floor":9,"key":"Bottled Tornado"},{"floor":10,"key":"Gambling Chip"},{"floor":21,"key":"Orichalcum"},{"floor":23,"key":"Oddly Smooth Stone"},{"floor":26,"key":"Happy Flower"},{"floor":27,"key":"Blood Vial"},{"floor":29,"key":"Meat on the Bone"},{"floor":40,"key":"Strawberry"},{"floor":42,"key":"Old Coin"},{"floor":43,"key":"PreservedInsect"},{"floor":44,"key":"Juzu Bracelet"}],"event_choices":[{"damage_healed":0,"gold_gain":99,"player_choice":"Stole From Cult","damage_taken":0,"max_hp_gain":0,"max_hp_loss":0,"event_name":"Nest","floor":20,"gold_loss":0},{"damage_healed":0,"gold_gain":0,"player_choice":"Opened","damage_taken":0,"relics_obtained":["Kunai"],"max_hp_gain":0,"max_hp_loss":0,"event_name":"The Mausoleum","floor":28,"gold_loss":0},{"cards_removed":["Hyperbeam"],"damage_healed":2,"gold_gain":0,"player_choice":"Offered Rare","damage_taken":0,"max_hp_gain":10,"max_hp_loss":0,"event_name":"Bonfire Elementals","floor":38,"gold_loss":0}],"is_beta":false,"boss_relics":[{"not_picked":["Eternal Feather","Busted Crown"],"picked":"Nuclear Battery"},{"not_picked":["Sozu","Black Star"],"picked":"Astrolabe"}],"items_purged_floors":[11,37,46],"is_endless":false,"potions_floor_spawned":[2,3,6,10,13,14,18,23,25,29,31,44,47,48],"ascension_level":8}