{"path_per_floor":["M","?","?","$","M","R","M","R","T","E","M","M","M","$","R","B",null,"M","?","?","M","M","R","E","R","T","M","R","M","?","M","R","B",null,"M","?","M","M","M","R","?","M","T","M","$","M","M","E","R","B"],"character_chosen":"DEFECT","items_purchased":[],"gold_per_floor":[115,115,115,40,54,54,74,74,74,99,112,125,145,45,45,143,143,143,66,66,21,21,21,21,21,21,21,21,21,21,21,21,21,21,21,21,21,21,21,21,21,21,21,21,21,21,21,21,21,21],"floor_reached":51,"campfire_rested":0,"playtime":2601,"current_hp_per_floor":[68,68,68,68,67,67,66,66,76,66,66,66,66,66,66,62,85,85,85,78,71,61,61,58,58,58,65,65,72,72,79,79,82,85,85,85,82,85,85,85,85,85,85,85,85,85,85,85,85,79],"items_purged":["Clumsy","Defend_B"],"gold":21,"score":855,"play_id":"3228e0a2-5590-465c-ac38-e94f59ebd642","local_time":"20180510145539","is_prod":false,"is_daily":false,"chose_seed":false,"is_ascension_mode":false,"campfire_upgraded":9,"timestamp":1525978539,"path_taken":["M","?","?","$","M","R","M","R","T","E","M","M","?","$","R","BOSS","M","?","?","?","M","R","E","R","T","M","R","M","?","?","R","BOSS","M","?","M","M","?","R","?","M","T","M","?","M","M","E","R","BOSS"],"build_version":"2018-05-09","seed_source_timestamp":142135719286404,"purchased_purges":2,"victory":true,"master_deck":["Strike_B+1","Strike_B","Strike_B+1","Strike_B+1","Defend_B","Defend_B","Zap+1","Dualcast+1","Steam","Beam Cell+1","Steam","Steam","Go for the Eyes+1","Double Energy+1","J.A.X.+1","Steam","Self Repair+1","Redo+1","BootSequence","Recycle+1","Beam Cell+1","Steam+1","Steam+1","Steam+1","Axe Kick+1","Axe Kick+1"],"max_hp_per_floor":[75,75,75,75,75,75,75,75,85,85,85,85,85,85,85,85,85,85,85,85,85,85,85,85,85,85,85,85,85,85,85,85,85,85,85,85,85,85,85,85,85,85,85,85,85,85,85,85,85,85],"relics":["Cracked Core","Unceasing Top","Pear","Symbiotic Virus","Ectoplasm","Red Mask","Frozen Egg 2","Dodecahedron","Philosopher\u0027s Stone","Prayer Wheel","Darkstone Periapt"],"card_choices":[{"not_picked":["Skim","Axe Kick"],"picked":"Steam","floor":1},{"not_picked":["Sweeping Beam","Darkness"],"picked":"Beam Cell","floor":7},{"not_picked":["Capacitor","Heatsinks"],"picked":"Steam","floor":10},{"not_picked":["Coolheaded","Turbo"],"picked":"Steam","floor":11},{"not_picked":["Conserve Battery","Rainbow"],"picked":"Static Discharge","floor":12},{"not_picked":["Reinforced Body","Beam Cell"],"picked":"Go for the Eyes","floor":13},{"not_picked":["Capacitor","Consume"],"picked":"Double Energy","floor":18},{"not_picked":["Sweeping Beam","BootSequence"],"picked":"Steam","floor":20},{"not_picked":["Undo","Leap"],"picked":"Self Repair","floor":24},{"not_picked":["Sweeping Beam","Undo"],"picked":"Redo","floor":27},{"not_picked":["Scrape","Coolheaded"],"picked":"BootSequence","floor":29},{"not_picked":["Ball Lightning","Steam"],"picked":"Beam Cell","floor":31},{"not_picked":["Ball Lightning","Sweeping Beam"],"picked":"Steam","floor":35},{"not_picked":["Glacier","Sunder"],"picked":"Steam","floor":38},{"not_picked":["Coolheaded","Multi-Cast"],"picked":"Steam","floor":39},{"not_picked":["Barrage","Loop"],"picked":"Axe Kick","floor":46},{"not_picked":["Barrage","Aggregate"],"picked":"Axe Kick","floor":47}],"player_experience":256227,"potions_floor_usage":[10,33,50,50,50],"damage_taken":[{"damage":7,"enemies":"Small Slimes","floor":1,"turns":4},{"damage":1,"enemies":"Cultist","floor":5,"turns":3},{"damage":1,"enemies":"Jaw Worm","floor":7,"turns":3},{"damage":10,"enemies":"Gremlin Nob","floor":10,"turns":4},{"damage":0,"enemies":"Large Slime","floor":11,"turns":4},{"damage":0,"enemies":"2 Fungi Beasts","floor":12,"turns":3},{"damage":0,"enemies":"Lots of Slimes","floor":13,"turns":4},{"damage":4,"enemies":"Slime Boss","floor":16,"turns":6},{"damage":0,"enemies":"Chosen","floor":18,"turns":4},{"damage":7,"enemies":"Masked Bandits","floor":20,"turns":3},{"damage":7,"enemies":"2 Thieves","floor":21,"turns":3},{"damage":10,"enemies":"Snecko","floor":22,"turns":4},{"damage":3,"enemies":"Slavers","floor":24,"turns":5},{"damage":3,"enemies":"3 Cultists","floor":27,"turns":3},{"damage":3,"enemies":"Centurion and Healer","floor":29,"turns":2},{"damage":3,"enemies":"Snake Plant","floor":31,"turns":2},{"damage":7,"enemies":"Collector","floor":33,"turns":4},{"damage":3,"enemies":"Flame Bruiser 1 Orb","floor":35,"turns":1},{"damage":3,"enemies":"Orb Walker","floor":37,"turns":1},{"damage":3,"enemies":"4 Shapes","floor":38,"turns":3},{"damage":3,"enemies":"Flame Bruiser 2 Orb","floor":39,"turns":2},{"damage":3,"enemies":"Maw","floor":42,"turns":4},{"damage":3,"enemies":"4 Shapes","floor":44,"turns":2},{"damage":3,"enemies":"Sphere and 2 Shapes","floor":46,"turns":2},{"damage":3,"enemies":"Maw","floor":47,"turns":3},{"damage":3,"enemies":"Giant Head","floor":48,"turns":2},{"damage":16,"enemies":"Donu and Deca","floor":50,"turns":5}],"event_choices":[{"event_name":"The Woman in Blue","player_choice":"Bought 0 Potions","floor":2,"damage_taken":0},{"event_name":"Living Wall","player_choice":"Grow","floor":3,"damage_taken":0},{"event_name":"Drug Dealer","player_choice":"Got JAXXED","floor":19,"damage_taken":0},{"event_name":"Masked Bandits","player_choice":"Fought over 66 gold","floor":20,"damage_taken":0},{"event_name":"Transmorgrifier","player_choice":"Transform","floor":30,"damage_taken":0},{"event_name":"Tomb of Lord Red Mask","player_choice":"Wore Mask","floor":41,"damage_taken":0}],"boss_relics":[{"not_picked":["Black Star","Tiny House"],"picked":"Ectoplasm"},{"not_picked":["Runic Pyramid","Snecko Eye"],"picked":"Philosopher\u0027s Stone"}],"potions_floor_spawned":[7,18,21,24,31,33,35,38,42,46],"seed_played":"4845050817339718973","ascension_level":0,"is_trial":false}