{"gold_per_floor":[110,128,4,4,16,44,56,68,103,194,224,302,314,291,303,417,429,452,480,492,520,542,554,600,629,641,48,61,61,75,95,95,95],"floor_reached":33,"playtime":1600,"items_purged":["Injury","Strike_G"],"score":415,"play_id":"b8f2aee7-0f3a-4c2f-8b85-dda3be24f751","local_time":"20190110193834","is_ascension_mode":true,"campfire_choices":[{"data":"Bouncing Flask","floor":7,"key":"SMITH"},{"floor":13,"key":"REST"},{"data":"Dash","floor":15,"key":"SMITH"},{"floor":23,"key":"REST"},{"data":"Footwork","floor":29,"key":"SMITH"},{"floor":32,"key":"REST"}],"neow_cost":"CURSE","seed_source_timestamp":0,"circlet_count":0,"master_deck":["Defend_G","Defend_G+1","Defend_G","Defend_G","Defend_G","Strike_G","Strike_G+1","Survivor","Neutralize+1","Die Die Die","Bouncing Flask+1","Deadly Poison","PiercingWail","Deadly Poison","Dash+1","Malaise","Deflect+1","Blur+1","Adrenaline","Corpse Explosion","Footwork+1","PiercingWail","Bane+1","Dash+1","Backflip"],"special_seed":0,"relics":["Ring of the Snake","MawBank","Anchor","Mercury Hourglass","Empty Cage","FaceOfCleric","Molten Egg 2","Matryoshka","Centennial Puzzle"],"potions_floor_usage":[6,21,25,28,30,33,33],"damage_taken":[{"damage":1,"enemies":"Cultist","floor":1,"turns":3},{"damage":0,"enemies":"Small Slimes","floor":2,"turns":3},{"damage":2,"enemies":"Jaw Worm","floor":5,"turns":3},{"damage":24,"enemies":"Lagavulin","floor":6,"turns":7},{"damage":0,"enemies":"Large Slime","floor":11,"turns":4},{"damage":0,"enemies":"The Guardian","floor":16,"turns":7},{"damage":0,"enemies":"Chosen","floor":18,"turns":4},{"damage":6,"enemies":"Spheric Guardian","floor":19,"turns":3},{"damage":18,"enemies":"Cultist and Chosen","floor":21,"turns":7},{"damage":12,"enemies":"Centurion and Healer","floor":22,"turns":12},{"damage":34,"enemies":"Slavers","floor":24,"turns":7},{"damage":0,"enemies":"Snake Plant","floor":25,"turns":5},{"damage":5,"enemies":"Snecko","floor":28,"turns":5},{"damage":0,"enemies":"3 Cultists","floor":30,"turns":7},{"damage":4,"enemies":"Shelled Parasite and Fungi","floor":31,"turns":8},{"damage":73,"enemies":"Automaton","floor":33,"turns":16}],"seed_played":"-734939742274550573","potions_obtained":[{"floor":2,"key":"SneckoOil"},{"floor":5,"key":"EssenceOfSteel"},{"floor":11,"key":"SkillPotion"},{"floor":18,"key":"GamblersBrew"},{"floor":28,"key":"Strength Potion"},{"floor":30,"key":"SpeedPotion"},{"floor":31,"key":"FairyPotion"}],"is_trial":false,"path_per_floor":["M","M","$","?","M","E","R","?","T","T","M","?","R","?","R","B",null,"M","M","?","M","M","R","E","M","T","$","M","R","M","M","R","B"],"character_chosen":"THE_SILENT","items_purchased":["Deadly Poison","Corpse Explosion","Footwork","PiercingWail","SkillPotion","EssenceOfSteel","Centennial Puzzle"],"campfire_rested":3,"item_purchase_floors":[3,27,27,27,27,27,27],"current_hp_per_floor":[62,62,62,62,60,36,36,22,22,22,22,22,43,60,60,60,68,68,62,62,45,34,55,22,23,23,23,19,19,20,17,40,0],"gold":95,"neow_bonus":"THREE_RARE_CARDS","is_prod":false,"is_daily":false,"chose_seed":false,"campfire_upgraded":3,"win_rate":0,"timestamp":1547145514,"path_taken":["M","M","$","?","M","E","R","?","T","?","M","?","R","?","R","BOSS","M","M","?","M","M","R","E","?","T","$","M","R","M","M","R","BOSS"],"build_version":"2019-01-03v4","purchased_purges":2,"victory":false,"max_hp_per_floor":[70,70,70,70,70,70,70,70,70,70,70,70,70,70,70,70,70,70,70,70,71,72,72,73,74,74,74,75,75,76,77,77,77],"card_choices":[{"not_picked":["Burst","Night Terror"],"picked":"Die Die Die","floor":0},{"not_picked":["Riddle With Holes","Quick Slash"],"picked":"Bouncing Flask","floor":1},{"not_picked":["Blade Dance","Slice","All Out Attack"],"picked":"SKIP","floor":2},{"not_picked":["Prepared","Deflect"],"picked":"PiercingWail","floor":5},{"not_picked":["Predator","Dagger Throw"],"picked":"Deadly Poison","floor":6},{"not_picked":["Dodge and Roll","Dagger Spray"],"picked":"Dash","floor":11},{"not_picked":["Bullet Time","Wraith Form v2"],"picked":"Malaise","floor":16},{"not_picked":["Blade Dance","Endless Agony"],"picked":"Deflect+1","floor":18},{"not_picked":["Predator","Terror+1"],"picked":"Blur+1","floor":19},{"not_picked":["Quick Slash","Flying Knee","Expertise"],"picked":"SKIP","floor":21},{"not_picked":["Dagger Throw+1","Quick Slash","Acrobatics"],"picked":"SKIP","floor":22},{"not_picked":["Bouncing Flask","Blur"],"picked":"Adrenaline","floor":24},{"not_picked":["Dagger Spray+1","Crippling Poison+1","Bouncing Flask"],"picked":"SKIP","floor":25},{"not_picked":["Flying Knee+1","Poisoned Stab+1"],"picked":"Bane+1","floor":28},{"not_picked":["Dagger Throw+1","Prepared"],"picked":"Dash+1","floor":30},{"not_picked":["Deflect","Dagger Throw+1"],"picked":"Backflip","floor":31}],"player_experience":360200,"relics_obtained":[{"floor":6,"key":"MawBank"},{"floor":9,"key":"Anchor"},{"floor":10,"key":"Mercury Hourglass"},{"floor":24,"key":"Molten Egg 2"},{"floor":26,"key":"Matryoshka"}],"event_choices":[{"damage_healed":0,"gold_gain":0,"player_choice":"Grow","damage_taken":0,"max_hp_gain":0,"max_hp_loss":0,"event_name":"Living Wall","floor":4,"gold_loss":0,"cards_upgraded":["Neutralize"]},{"damage_healed":0,"gold_gain":0,"player_choice":"Entered Light","damage_taken":14,"max_hp_gain":0,"max_hp_loss":0,"event_name":"Shining Light","floor":8,"gold_loss":0,"cards_upgraded":["Defend_G","Strike_G"]},{"damage_healed":0,"gold_gain":66,"player_choice":"Gained Gold","damage_taken":0,"max_hp_gain":0,"max_hp_loss":0,"event_name":"Golden Wing","floor":12,"gold_loss":0},{"damage_healed":17,"gold_gain":0,"player_choice":"Healed","damage_taken":0,"max_hp_gain":0,"max_hp_loss":0,"event_name":"The Cleric","floor":14,"gold_loss":35},{"damage_healed":0,"gold_gain":0,"player_choice":"Trade","damage_taken":0,"relics_obtained":["FaceOfCleric"],"max_hp_gain":0,"max_hp_loss":0,"event_name":"FaceTrader","floor":20,"gold_loss":0}],"is_beta":false,"boss_relics":[{"not_picked":["Calling Bell","Eternal Feather"],"picked":"Empty Cage"}],"items_purged_floors":[3,27],"is_endless":false,"potions_floor_spawned":[2,5,11,18,28,30,31],"killed_by":"Automaton","ascension_level":6}