{"gold_per_floor":[109,125,137,154,172,172,203,203,253,284,296,296,306,340,340,442,442,455,465,480,480,56,56,56,87,112,112,112,0,99,155,155,254,254,269,269,269,288,26,54,71,96,164,164,174,174],"floor_reached":46,"playtime":2450,"items_purged":[],"score":537,"play_id":"30185086-a792-40d1-8c50-391f7c915c41","local_time":"20190224152007","is_ascension_mode":true,"campfire_choices":[{"data":"Outmaneuver","floor":6,"key":"SMITH"},{"floor":8,"key":"REST"},{"data":"Skewer","floor":12,"key":"SMITH"},{"floor":15,"key":"REST"},{"floor":23,"key":"REST"},{"floor":27,"key":"REST"},{"data":"Footwork","floor":32,"key":"SMITH"},{"floor":44,"key":"REST"}],"neow_cost":"NONE","seed_source_timestamp":23978437078889,"circlet_count":0,"master_deck":["Defend_G","Defend_G","Defend_G","Defend_G","Defend_G","Strike_G","Strike_G","Strike_G","Strike_G","Strike_G","Survivor","Neutralize","Poisoned Stab","Dagger Spray","Poisoned Stab","Bane","Outmaneuver+1","Cloak And Dagger","Backflip","Skewer+1","PiercingWail","Malaise","Underhanded Strike+1","Footwork+1","Backstab","Die Die Die","Footwork+1","Panache","Blade Dance+1"],"relics":["Ring of the Snake","Orichalcum","Vajra","Meat on the Bone","Anchor","Runic Pyramid","MutagenicStrength","FossilizedHelix","Singing Bowl","Dream Catcher","Tiny Chest","WristBlade","Toxic Egg 2","Ginger","Boot","Paper Crane"],"potions_floor_usage":[4,7,10,14,16,25,33,40,40],"damage_taken":[{"damage":0,"enemies":"2 Louse","floor":1,"turns":3},{"damage":2,"enemies":"Small Slimes","floor":2,"turns":4},{"damage":3,"enemies":"Jaw Worm","floor":3,"turns":4},{"damage":0,"enemies":"3 Louse","floor":4,"turns":2},{"damage":0,"enemies":"2 Fungi Beasts","floor":5,"turns":2},{"damage":13,"enemies":"Lagavulin","floor":7,"turns":6},{"damage":15,"enemies":"Gremlin Nob","floor":10,"turns":4},{"damage":0,"enemies":"Large Slime","floor":11,"turns":3},{"damage":3,"enemies":"Blue Slaver","floor":13,"turns":2},{"damage":3,"enemies":"Lagavulin","floor":14,"turns":5},{"damage":18,"enemies":"Slime Boss","floor":16,"turns":8},{"damage":12,"enemies":"Shell Parasite","floor":18,"turns":5},{"damage":0,"enemies":"Chosen","floor":19,"turns":3},{"damage":0,"enemies":"Snecko","floor":20,"turns":4},{"damage":7,"enemies":"Colosseum Slavers","floor":24,"turns":6},{"damage":9,"enemies":"Slavers","floor":25,"turns":7},{"damage":58,"enemies":"Automaton","floor":33,"turns":17},{"damage":0,"enemies":"Orb Walker","floor":35,"turns":3},{"damage":8,"enemies":"3 Shapes","floor":38,"turns":6},{"damage":19,"enemies":"Nemesis","floor":40,"turns":9},{"damage":55,"enemies":"Transient","floor":41,"turns":5},{"damage":19,"enemies":"Sphere and 2 Shapes","floor":45,"turns":8},{"damage":59,"enemies":"Spire Growth","floor":46,"turns":5}],"seed_played":"2250495908819847507","potions_obtained":[{"floor":0,"key":"Block Potion"},{"floor":0,"key":"Ancient Potion"},{"floor":0,"key":"LiquidBronze"},{"floor":1,"key":"SteroidPotion"},{"floor":5,"key":"Explosive Potion"},{"floor":11,"key":"SkillPotion"},{"floor":14,"key":"SpeedPotion"},{"floor":20,"key":"Block Potion"},{"floor":25,"key":"Regen Potion"},{"floor":35,"key":"AttackPotion"}],"is_trial":false,"path_per_floor":["M","M","M","M","M","R","E","R","T","E","M","R","M","E","R","B",null,"M","M","M","?","$","R","?","E","T","R","$","?","?","T","R","B",null,"M","?","?","M","$","E","M","T","T","R","M","M"],"character_chosen":"THE_SILENT","items_purchased":["Footwork","FossilizedHelix","Backstab","Toxic Egg 2"],"campfire_rested":5,"item_purchase_floors":[22,22,22,39],"current_hp_per_floor":[70,68,65,65,65,65,52,70,70,55,55,55,52,49,70,52,70,58,58,58,58,58,70,63,56,56,74,74,74,74,74,74,28,74,74,74,74,66,66,58,17,17,17,42,37,0],"gold":174,"neow_bonus":"THREE_SMALL_POTIONS","is_prod":false,"is_daily":false,"chose_seed":false,"campfire_upgraded":3,"win_rate":0,"timestamp":1551043207,"path_taken":["M","M","M","M","M","R","E","R","T","E","M","R","M","E","R","BOSS","M","M","M","?","$","R","?","E","T","R","?","?","?","?","R","BOSS","M","?","?","M","$","E","M","?","T","R","M","?"],"build_version":"2019-01-23","purchased_purges":0,"victory":false,"max_hp_per_floor":[70,70,70,70,70,70,70,70,70,70,70,70,70,70,70,70,70,70,70,70,70,70,70,70,72,72,74,74,74,74,74,74,74,74,74,74,74,74,74,76,78,78,78,80,82,82],"card_choices":[{"not_picked":["Reflex","Crippling Poison"],"picked":"Poisoned Stab","floor":1},{"not_picked":["Deadly Poison","Outmaneuver"],"picked":"Dagger Spray","floor":2},{"not_picked":["Dagger Spray","Reflex"],"picked":"Poisoned Stab","floor":3},{"not_picked":["Night Terror","Dagger Throw"],"picked":"Bane","floor":4},{"not_picked":["Tactician","Prepared"],"picked":"Outmaneuver","floor":5},{"not_picked":["Deflect","Deadly Poison"],"picked":"Cloak And Dagger","floor":7},{"not_picked":["Tactician","Eviscerate"],"picked":"Backflip","floor":10},{"not_picked":["Acrobatics","Quick Slash"],"picked":"Skewer","floor":11},{"not_picked":["Deadly Poison","Dagger Throw"],"picked":"PiercingWail","floor":13},{"not_picked":["Finisher","Outmaneuver","Riddle With Holes"],"picked":"SKIP","floor":14},{"not_picked":["Night Terror","Grand Finale"],"picked":"Malaise","floor":16},{"not_picked":["Escape Plan","Acrobatics","Riddle With Holes+1"],"picked":"SKIP","floor":18},{"not_picked":["Expertise","Reflex"],"picked":"Underhanded Strike+1","floor":19},{"not_picked":["Bane","Dagger Spray+1","Acrobatics"],"picked":"SKIP","floor":20},{"not_picked":["Backflip+1","Dash","Deadly Poison"],"picked":"Singing Bowl","floor":25},{"not_picked":["Deflect","Choke","Setup"],"picked":"Singing Bowl","floor":27},{"not_picked":["Venomology","A Thousand Cuts"],"picked":"Die Die Die","floor":33},{"not_picked":["Flechettes","Riddle With Holes"],"picked":"Footwork+1","floor":35},{"not_picked":["Jack Of All Trades","Deep Breath"],"picked":"Panache","floor":36},{"not_picked":["Backflip+1","Deadly Poison+1"],"picked":"Blade Dance+1","floor":38},{"not_picked":["Well Laid Plans","Expertise+1","Underhanded Strike"],"picked":"Singing Bowl","floor":40},{"not_picked":["PiercingWail+1","Deadly Poison+1","Slice"],"picked":"Singing Bowl","floor":41},{"not_picked":["Prepared+1","Backflip+1","Underhanded Strike+1"],"picked":"Singing Bowl","floor":44},{"not_picked":["PiercingWail+1","Noxious Fumes","Caltrops+1"],"picked":"Singing Bowl","floor":45}],"player_experience":348427,"relics_obtained":[{"floor":7,"key":"Orichalcum"},{"floor":9,"key":"Vajra"},{"floor":10,"key":"Meat on the Bone"},{"floor":14,"key":"Anchor"},{"floor":25,"key":"Singing Bowl"},{"floor":26,"key":"Dream Catcher"},{"floor":31,"key":"Tiny Chest"},{"floor":40,"key":"Ginger"},{"floor":42,"key":"Boot"},{"floor":43,"key":"Paper Crane"}],"event_choices":[{"damage_healed":0,"gold_gain":0,"player_choice":"Inject Mutagens","damage_taken":0,"relics_obtained":["MutagenicStrength"],"max_hp_gain":0,"max_hp_loss":0,"event_name":"Drug Dealer","floor":21,"gold_loss":0},{"damage_healed":0,"gold_gain":0,"player_choice":"Fight","damage_taken":0,"max_hp_gain":0,"max_hp_loss":0,"event_name":"Colosseum","floor":24,"gold_loss":0},{"damage_healed":0,"gold_gain":0,"player_choice":"Fled From Nobs","damage_taken":0,"max_hp_gain":0,"max_hp_loss":0,"event_name":"Colosseum","floor":24,"gold_loss":0},{"damage_healed":0,"gold_gain":0,"player_choice":"Paid Fearfully","damage_taken":0,"max_hp_gain":0,"max_hp_loss":0,"event_name":"Masked Bandits","floor":29,"gold_loss":112},{"damage_healed":0,"gold_gain":99,"player_choice":"Stole From Cult","damage_taken":0,"max_hp_gain":0,"max_hp_loss":0,"event_name":"Nest","floor":30,"gold_loss":0},{"damage_healed":0,"gold_gain":0,"player_choice":"Memory 1","damage_taken":0,"max_hp_gain":0,"max_hp_loss":0,"event_name":"SensoryStone","floor":36,"gold_loss":0},{"damage_healed":0,"gold_gain":0,"player_choice":"Ignored","damage_taken":0,"max_hp_gain":0,"max_hp_loss":0,"event_name":"Tomb of Lord Red Mask","floor":37,"gold_loss":0}],"is_beta":false,"boss_relics":[{"not_picked":["Runic Dome","Pandora\u0027s Box"],"picked":"Runic Pyramid"},{"not_picked":["Sozu","Fusion Hammer"],"picked":"WristBlade"}],"items_purged_floors":[],"is_endless":false,"potions_floor_spawned":[1,3,5,11,14,20,25,35],"killed_by":"Spire Growth","ascension_level":2}