{"path_per_floor":["M","M","M","?","M","E","R","E","T","R","M","M","E","$","R","B",null,"M","$","?","M","M","E","R","E","T","M","?","E","R","?","R","B",null,"M","M","M","M","M","E","R","E","T","R","$","M","E","M","R","B"],"character_chosen":"DEFECT","items_purchased":["Frozen Egg 2","Loop+1","Capacitor+1","Bottled Flame","Dramatic Entrance"],"gold_per_floor":[117,133,150,150,166,196,196,222,245,245,265,284,319,60,60,158,158,172,99,129,143,155,188,188,221,244,254,254,284,284,284,284,387,387,401,420,436,446,465,490,490,518,518,518,55,67,398,418,418,418],"floor_reached":51,"campfire_rested":4,"playtime":3065,"item_purchase_floors":[14,19,45,45,45],"current_hp_per_floor":[75,74,74,74,74,54,54,41,41,41,28,20,17,17,39,29,75,75,75,60,60,60,55,55,52,52,56,40,33,33,33,61,63,97,91,86,90,92,83,51,96,70,70,70,70,72,48,52,99,55],"items_purged":["Strike_B"],"gold":418,"score":907,"play_id":"6d0eba72-c4ab-4c9e-af94-96dbbb10c715","local_time":"20180621172319","is_prod":false,"is_daily":false,"chose_seed":false,"is_ascension_mode":true,"campfire_upgraded":5,"win_rate":0,"timestamp":1529594599,"campfire_choices":[{"data":"White Noise","floor":7,"key":"SMITH"},{"data":"Heatsinks","floor":10,"key":"SMITH"},{"floor":15,"key":"REST"},{"data":"Tempest","floor":24,"key":"SMITH"},{"data":"Reinforced Body","floor":30,"key":"SMITH"},{"floor":32,"key":"REST"},{"floor":41,"key":"REST"},{"data":"Chill","floor":44,"key":"SMITH"},{"floor":49,"key":"REST"}],"path_taken":["M","M","M","?","M","E","R","E","T","R","M","M","E","$","R","BOSS","M","$","?","M","M","E","R","E","T","M","?","E","R","?","R","BOSS","M","M","M","M","M","E","R","E","T","R","$","M","E","M","R","BOSS"],"build_version":"2018-06-14v2","seed_source_timestamp":11078453782879,"purchased_purges":1,"victory":true,"master_deck":["Strike_B","Strike_B","Defend_B","Defend_B","Defend_B","Defend_B","Zap+1","Dualcast","Reinforced Body+1","Tempest+1","White Noise+1","Chill+1","Consume+1","Heatsinks+1","Conserve Battery+1","Glacier+1","Amplify+1","Echo Form+1","Storm+1","Loop+1","White Noise+1","Defragment+1","Flash of Steel","Reprogram+1","Auto Shields+1","Tempest+1","Defragment+1","Static Discharge+1","Capacitor+1","Dramatic Entrance","Loop+1"],"max_hp_per_floor":[75,75,75,75,75,75,75,75,75,75,75,75,75,75,75,75,75,75,75,75,75,75,77,77,93,93,95,95,95,95,95,95,97,97,97,97,99,99,99,101,101,103,103,103,103,103,105,107,107,107],"relics":["Cracked Core","Toxic Egg 2","DataDisk","Lantern","Orichalcum","Frozen Egg 2","Black Star","Red Mask","Singing Bowl","Blood Vial","Mango","Ice Cream","Boot","Oddly Smooth Stone","Vajra","Ancient Tea Set","Regal Pillow","Bronze Scales","Anchor","Toolbox","Bottled Flame","Unceasing Top","Old Coin"],"card_choices":[{"not_picked":["Rip and Tear","Rebound"],"picked":"Reinforced Body","floor":1},{"not_picked":["Go for the Eyes","Turbo"],"picked":"Tempest","floor":2},{"not_picked":["Rebound","Aggregate"],"picked":"White Noise","floor":3},{"not_picked":["Undo","Ball Lightning","Beam Cell"],"picked":"SKIP","floor":5},{"not_picked":["Coolheaded","Conserve Battery"],"picked":"Consume","floor":6},{"not_picked":["Genetic Algorithm+1","Melter"],"picked":"Heatsinks","floor":8},{"not_picked":["Hologram+1","Steam+1"],"picked":"Conserve Battery+1","floor":11},{"not_picked":["Compile Driver","Hologram+1"],"picked":"Glacier+1","floor":12},{"not_picked":["Turbo+1","Rainbow+1"],"picked":"Amplify+1","floor":13},{"not_picked":["Seek+1","Amplify+1"],"picked":"Echo Form+1","floor":16},{"not_picked":["Steam+1","Stack+1"],"picked":"Storm+1","floor":18},{"not_picked":["Coolheaded+1","Turbo+1"],"picked":"White Noise+1","floor":21},{"not_picked":["Go for the Eyes","Beam Cell"],"picked":"Defragment+1","floor":22},{"not_picked":["Steam Power+1","Barrage","Ball Lightning"],"picked":"Singing Bowl","floor":23},{"not_picked":["Ball Lightning","Coolheaded+1","Fusion+1"],"picked":"Singing Bowl","floor":25},{"not_picked":["Doom and Gloom+1","Sweeping Beam","Beam Cell"],"picked":"Singing Bowl","floor":27},{"not_picked":["Core Surge","Barrage"],"picked":"Reprogram+1","floor":29},{"not_picked":["Amplify+1","Core Surge","Rainbow+1"],"picked":"Singing Bowl","floor":33},{"not_picked":["Beam Cell","Chaos+1"],"picked":"Auto Shields+1","floor":35},{"not_picked":["Barrage+1","Steam+1"],"picked":"Tempest+1","floor":36},{"not_picked":["Lockon","Rebound+1","Hello World+1"],"picked":"Singing Bowl","floor":37},{"not_picked":["Conserve Battery+1","Fusion+1"],"picked":"Defragment+1","floor":38},{"not_picked":["Aggregate+1","Streamline"],"picked":"Static Discharge+1","floor":39},{"not_picked":["Hologram+1","Stack+1","Conserve Battery+1"],"picked":"Singing Bowl","floor":40},{"not_picked":["Hologram+1","Scrape+1","Tempest+1"],"picked":"Singing Bowl","floor":42},{"not_picked":["Double Energy+1","Gash"],"picked":"Loop+1","floor":46},{"not_picked":["Genetic Algorithm+1","Sweeping Beam","Hello World+1"],"picked":"Singing Bowl","floor":47},{"not_picked":["Leap+1","Rip and Tear+1","Fusion+1"],"picked":"Singing Bowl","floor":48}],"player_experience":372220,"potions_floor_usage":[6,12,13,20,40,40],"damage_taken":[{"damage":0,"enemies":"2 Louse","floor":1,"turns":2},{"damage":1,"enemies":"Cultist","floor":2,"turns":3},{"damage":0,"enemies":"Jaw Worm","floor":3,"turns":3},{"damage":0,"enemies":"2 Fungi Beasts","floor":5,"turns":3},{"damage":20,"enemies":"Gremlin Nob","floor":6,"turns":4},{"damage":13,"enemies":"Lagavulin","floor":8,"turns":7},{"damage":13,"enemies":"3 Louse","floor":11,"turns":4},{"damage":8,"enemies":"Gremlin Gang","floor":12,"turns":3},{"damage":3,"enemies":"Gremlin Nob","floor":13,"turns":6},{"damage":10,"enemies":"Hexaghost","floor":16,"turns":13},{"damage":3,"enemies":"Chosen","floor":18,"turns":5},{"damage":15,"floor":20,"turns":4},{"damage":0,"enemies":"3 Byrds","floor":21,"turns":4},{"damage":0,"enemies":"Snecko","floor":22,"turns":6},{"damage":7,"enemies":"Book of Stabbing","floor":23,"turns":3},{"damage":21,"enemies":"Slavers","floor":25,"turns":4},{"damage":0,"enemies":"Cultist and Chosen","floor":27,"turns":3},{"damage":9,"enemies":"Gremlin Leader","floor":29,"turns":5},{"damage":2,"enemies":"Champ","floor":33,"turns":7},{"damage":6,"enemies":"Orb Walker","floor":35,"turns":4},{"damage":7,"enemies":"3 Darklings","floor":36,"turns":6},{"damage":0,"enemies":"Maw","floor":37,"turns":6},{"damage":0,"enemies":"Sphere and 2 Shapes","floor":38,"turns":4},{"damage":11,"enemies":"3 Darklings","floor":39,"turns":5},{"damage":36,"enemies":"2 Orb Walkers","floor":40,"turns":5},{"damage":30,"enemies":"Nemesis","floor":42,"turns":5},{"damage":0,"enemies":"4 Shapes","floor":46,"turns":2},{"damage":28,"enemies":"2 Orb Walkers","floor":47,"turns":3},{"damage":0,"enemies":"Sphere and 2 Shapes","floor":48,"turns":4},{"damage":46,"enemies":"Time Eater","floor":50,"turns":9}],"relics_obtained":[{"floor":6,"key":"Toxic Egg 2"},{"floor":8,"key":"DataDisk"},{"floor":9,"key":"Lantern"},{"floor":13,"key":"Orichalcum"},{"floor":20,"key":"Red Mask"},{"floor":23,"key":"Singing Bowl"},{"floor":23,"key":"Blood Vial"},{"floor":25,"key":"Mango"},{"floor":25,"key":"Ice Cream"},{"floor":26,"key":"Boot"},{"floor":29,"key":"Oddly Smooth Stone"},{"floor":29,"key":"Vajra"},{"floor":40,"key":"Ancient Tea Set"},{"floor":40,"key":"Regal Pillow"},{"floor":42,"key":"Bronze Scales"},{"floor":42,"key":"Anchor"},{"floor":43,"key":"Toolbox"},{"floor":47,"key":"Unceasing Top"},{"floor":47,"key":"Old Coin"}],"event_choices":[{"event_name":"Transmorgrifier","player_choice":"Transform","floor":4,"damage_taken":0},{"event_name":"Masked Bandits","player_choice":"Fought over 99 gold","floor":20,"damage_taken":0},{"event_name":"Knowing Skull","player_choice":"CARD ","floor":28,"damage_taken":0},{"event_name":"The Woman in Blue","player_choice":"Bought 0 Potions","floor":31,"damage_taken":0}],"boss_relics":[{"not_picked":["White Beast Statue","Lizard Tail"],"picked":"Black Star"},{"not_picked":["Fusion Hammer","Busted Crown","Coffee Dripper"]}],"items_purged_floors":[45],"is_endless":false,"potions_floor_spawned":[1,6,11,13,20,23,25,27,35,37,39,46],"seed_played":"5100158999710881597","ascension_level":1,"potions_obtained":[{"floor":1,"key":"Poison Potion"},{"floor":6,"key":"SpeedPotion"},{"floor":11,"key":"AttackPotion"},{"floor":13,"key":"Energy Potion"},{"floor":20,"key":"FairyPotion"},{"floor":23,"key":"LiquidBronze"},{"floor":25,"key":"SteroidPotion"},{"floor":27,"key":"Dexterity Potion"},{"floor":35,"key":"Weak Potion"},{"floor":46,"key":"Ancient Potion"}],"is_trial":false}