{"gold_per_floor":[110,126,137,156,174,201,166,166,166,39,68,88,88,12,12,133,133,147,161,76,92,192,236,249,283,283,1,19,19,59,0,0,125,125,144,144,169,98,117,117,155,155,155,189,212,212,212,212,212,212],"floor_reached":51,"playtime":1782,"items_purged":["Strike_B"],"score":898,"play_id":"9931d0e2-755d-4c9e-b0e3-9d27664cd79a","local_time":"20190224084804","is_ascension_mode":true,"campfire_choices":[{"floor":8,"key":"REST"},{"floor":15,"key":"REST"},{"floor":29,"key":"REST"},{"floor":32,"key":"REST"},{"floor":40,"key":"REST"},{"floor":42,"key":"REST"},{"floor":47,"key":"REST"},{"floor":49,"key":"REST"}],"neow_cost":"NONE","seed_source_timestamp":1111779673791,"circlet_count":0,"master_deck":["Defend_B","Defend_B","Defend_B","Defend_B","Zap","Dualcast","Defragment","Barrage","Sweeping Beam","Go for the Eyes","Auto Shields","Tempest","Defragment","Redo","Loop","White Noise","Buffer","Storm+1","Double Energy+1","Storm+1","Stack","Barrage+1","Beam Cell+1","Force Field+1","Lockon","Leap","Echo Form","Self Repair","Melter","White Noise","Melter","White Noise+1","Ball Lightning","Madness","Madness"],"relics":["Cracked Core","Emotion Chip","Blood Vial","Art of War","Golden Idol","Astrolabe","Blue Candle","Matryoshka","Singing Bowl","Mummified Hand","Incense Burner","Lantern","Orichalcum","Orrery","Bag of Marbles","Calipers","Bottled Flame","Bronze Scales","Peace Pipe"],"potions_floor_usage":[6,16,21,23,25,25,41,45],"damage_taken":[{"damage":2,"enemies":"Jaw Worm","floor":1,"turns":3},{"damage":8,"enemies":"Small Slimes","floor":2,"turns":3},{"damage":1,"enemies":"2 Louse","floor":3,"turns":2},{"damage":35,"enemies":"Gremlin Gang","floor":4,"turns":4},{"damage":9,"enemies":"Blue Slaver","floor":5,"turns":3},{"damage":10,"enemies":"Lagavulin","floor":6,"turns":7},{"damage":26,"enemies":"3 Sentries","floor":11,"turns":5},{"damage":15,"enemies":"2 Fungi Beasts","floor":12,"turns":3},{"damage":27,"enemies":"Hexaghost","floor":16,"turns":8},{"damage":0,"enemies":"Spheric Guardian","floor":18,"turns":3},{"damage":6,"enemies":"Chosen","floor":19,"turns":3},{"damage":19,"enemies":"Centurion and Healer","floor":21,"turns":2},{"damage":25,"enemies":"Gremlin Leader","floor":23,"turns":4},{"damage":6,"enemies":"Snake Plant","floor":24,"turns":3},{"damage":8,"enemies":"Book of Stabbing","floor":25,"turns":4},{"damage":6,"enemies":"Chosen and Byrds","floor":28,"turns":3},{"damage":43,"enemies":"Slavers","floor":30,"turns":5},{"damage":5,"enemies":"Automaton","floor":33,"turns":8},{"damage":5,"enemies":"3 Darklings","floor":35,"turns":3},{"damage":13,"enemies":"3 Shapes","floor":37,"turns":2},{"damage":10,"enemies":"Transient","floor":39,"turns":5},{"damage":29,"enemies":"Giant Head","floor":41,"turns":8},{"damage":19,"enemies":"Nemesis","floor":44,"turns":5},{"damage":22,"enemies":"Jaw Worm Horde","floor":45,"turns":4},{"damage":79,"enemies":"Time Eater","floor":50,"turns":8}],"seed_played":"3818419441042187140","potions_obtained":[{"floor":4,"key":"Swift Potion"},{"floor":12,"key":"SkillPotion"},{"floor":16,"key":"Energy Potion"},{"floor":18,"key":"Regen Potion"},{"floor":23,"key":"EssenceOfSteel"},{"floor":24,"key":"PowerPotion"},{"floor":35,"key":"Swift Potion"},{"floor":39,"key":"SkillPotion"},{"floor":44,"key":"Block Potion"}],"is_trial":false,"path_per_floor":["M","M","M","M","M","E","?","R","T","$","E","M","?","$","R","B",null,"M","M","?","M","?","E","M","E","T","$","M","R","E","?","R","B",null,"M","?","M","$","M","R","E","R","T","E","M","?","R","?","R","B",null],"character_chosen":"DEFECT","items_purchased":["Defragment","Redo","White Noise","Lantern","Leap","Melter"],"campfire_rested":8,"item_purchase_floors":[10,10,14,27,27,38],"current_hp_per_floor":[80,72,71,36,27,17,37,61,61,61,37,24,24,24,46,21,76,76,70,70,53,53,42,38,34,34,34,32,56,17,17,41,38,88,88,88,77,77,78,92,70,92,92,82,62,64,92,80,96,24],"gold":212,"neow_bonus":"TEN_PERCENT_HP_BONUS","is_prod":false,"is_daily":false,"chose_seed":false,"campfire_upgraded":0,"win_rate":0,"timestamp":1551019684,"path_taken":["M","M","M","M","M","E","?","R","T","$","E","M","?","?","R","BOSS","M","M","?","M","?","E","?","E","T","$","M","R","E","?","R","BOSS","M","?","M","$","?","R","E","R","T","E","M","?","R","?","R","BOSS"],"build_version":"2019-01-23","purchased_purges":1,"victory":true,"max_hp_per_floor":[82,82,82,82,82,82,82,82,82,82,82,82,76,76,76,76,76,76,76,76,76,76,76,76,78,78,78,80,80,82,82,82,82,88,88,88,90,90,92,92,92,92,92,94,94,96,96,96,96,96],"card_choices":[{"not_picked":["Go for the Eyes","Beam Cell"],"picked":"Defragment","floor":1},{"not_picked":["Steam","Doom and Gloom"],"picked":"Barrage","floor":2},{"not_picked":["Glacier","Reprogram"],"picked":"Sweeping Beam","floor":3},{"not_picked":["Steam","Hello World"],"picked":"Go for the Eyes","floor":4},{"not_picked":["Turbo","Hologram"],"picked":"Auto Shields","floor":5},{"not_picked":["Leap","Streamline"],"picked":"Tempest","floor":6},{"not_picked":["Leap","Capacitor"],"picked":"Loop","floor":11},{"not_picked":["Compile Driver","Steam","Coolheaded"],"picked":"SKIP","floor":12},{"not_picked":["Seek","Core Surge"],"picked":"Buffer","floor":16},{"not_picked":["Steam","Compile Driver"],"picked":"Stack","floor":18},{"not_picked":["Conserve Battery","Compile Driver"],"picked":"Barrage+1","floor":19},{"not_picked":["Conserve Battery+1","Gash"],"picked":"Beam Cell+1","floor":21},{"not_picked":["Gash+1","Consume"],"picked":"Force Field+1","floor":23},{"not_picked":["Rebound","All For One"],"picked":"Lockon","floor":24},{"not_picked":["Rebound+1","Go for the Eyes","BootSequence"],"picked":"Singing Bowl","floor":25},{"not_picked":["Go for the Eyes","Beam Cell","Stack+1"],"picked":"Singing Bowl","floor":28},{"not_picked":["Recycle","Reboot","Fusion"],"picked":"Singing Bowl","floor":30},{"not_picked":["Reboot","Rainbow"],"picked":"Echo Form","floor":33},{"not_picked":["Go for the Eyes+1","Steam","Conserve Battery"],"picked":"Singing Bowl","floor":34},{"not_picked":["Sweeping Beam","Redo"],"picked":"Self Repair","floor":34},{"not_picked":["Consume","Sweeping Beam"],"picked":"Melter","floor":34},{"not_picked":["Chaos","Beam Cell","Genetic Algorithm+1"],"picked":"Singing Bowl","floor":34},{"not_picked":["Streamline","Cold Snap","Glacier"],"picked":"Singing Bowl","floor":34},{"not_picked":["Chill","Hologram"],"picked":"White Noise","floor":35},{"not_picked":["Conserve Battery+1","Hologram+1","Coolheaded"],"picked":"Singing Bowl","floor":37},{"not_picked":["Doom and Gloom+1","Beam Cell+1","Glacier+1"],"picked":"Singing Bowl","floor":39},{"not_picked":["Aggregate+1","Loop+1"],"picked":"White Noise+1","floor":41},{"not_picked":["Undo","Chill+1","Auto Shields+1"],"picked":"Singing Bowl","floor":44},{"not_picked":["Blizzard","Stack+1"],"picked":"Ball Lightning","floor":45},{"not_picked":["Sadistic Nature","Swift Strike","Thinking Ahead"],"picked":"Singing Bowl","floor":46}],"player_experience":326111,"relics_obtained":[{"floor":6,"key":"Emotion Chip"},{"floor":9,"key":"Blood Vial"},{"floor":11,"key":"Art of War"},{"floor":23,"key":"Matryoshka"},{"floor":25,"key":"Singing Bowl"},{"floor":26,"key":"Mummified Hand"},{"floor":26,"key":"Incense Burner"},{"floor":30,"key":"Orichalcum"},{"floor":41,"key":"Calipers"},{"floor":43,"key":"Bottled Flame"},{"floor":43,"key":"Bronze Scales"},{"floor":44,"key":"Peace Pipe"}],"event_choices":[{"damage_healed":20,"gold_gain":0,"player_choice":"Healed","damage_taken":0,"max_hp_gain":0,"max_hp_loss":0,"event_name":"The Cleric","floor":7,"gold_loss":35},{"damage_healed":0,"gold_gain":0,"player_choice":"Lose Max HP","damage_taken":0,"relics_obtained":["Golden Idol"],"max_hp_gain":0,"max_hp_loss":6,"event_name":"Golden Idol","floor":13,"gold_loss":0},{"damage_healed":0,"gold_gain":0,"player_choice":"Obtained Relic","damage_taken":0,"relics_obtained":["Blue Candle"],"max_hp_gain":0,"max_hp_loss":0,"event_name":"Addict","floor":20,"gold_loss":85},{"damage_healed":0,"gold_gain":100,"player_choice":"Pray","damage_taken":0,"max_hp_gain":0,"max_hp_loss":0,"event_name":"Golden Shrine","floor":22,"gold_loss":0},{"damage_healed":0,"gold_gain":0,"player_choice":"Paid Fearfully","damage_taken":0,"max_hp_gain":0,"max_hp_loss":0,"event_name":"Masked Bandits","floor":31,"gold_loss":59},{"damage_healed":0,"gold_gain":0,"player_choice":"Gave Potion","damage_taken":0,"relics_obtained":["Bag of Marbles"],"max_hp_gain":0,"max_hp_loss":0,"event_name":"WeMeetAgain","floor":36,"gold_loss":0},{"damage_healed":0,"gold_gain":0,"player_choice":"Memory 1","damage_taken":0,"max_hp_gain":0,"max_hp_loss":0,"event_name":"SensoryStone","floor":46,"gold_loss":0},{"damage_healed":0,"gold_gain":0,"player_choice":"Embrace Madness","damage_taken":12,"max_hp_gain":0,"max_hp_loss":0,"event_name":"Winding Halls","floor":48,"gold_loss":0,"cards_obtained":["Madness","Madness"]}],"is_beta":false,"boss_relics":[{"not_picked":["Velvet Choker","Nuclear Battery"],"picked":"Astrolabe"},{"not_picked":["Pandora\u0027s Box","Lizard Tail"],"picked":"Orrery"}],"items_purged_floors":[27],"is_endless":false,"potions_floor_spawned":[4,12,16,18,23,24,35,39,44],"ascension_level":2}