{"gold_per_floor":[116,116,135,146,166,166,166,176,176,176,203,223,223,256,256,355,355,373,383,383,396,406,406,406,433,433,433,448,448,547,547,547,547],"floor_reached":33,"playtime":1549,"items_purged":[],"score":305,"play_id":"227c765b-8c79-4e9f-926e-0fe97235f1ea","local_time":"20190225001613","is_ascension_mode":true,"campfire_choices":[{"floor":6,"key":"REST"},{"floor":10,"key":"REST"},{"floor":13,"key":"REST"},{"floor":15,"key":"REST"},{"floor":23,"key":"REST"},{"floor":27,"key":"REST"},{"floor":32,"key":"REST"}],"neow_cost":"NONE","seed_source_timestamp":57046644079549,"circlet_count":0,"master_deck":["Defend_G","Defend_G","Defend_G","Defend_G","Defend_G","Strike_G","Strike_G","Strike_G","Strike_G","Strike_G","Survivor","Neutralize","Dodge and Roll","Bouncing Flask","Flying Knee","Calculated Gamble","Slice","Terror+1","Poisoned Stab","PiercingWail","Corpse Explosion","Bane+1","Deflect","Blur"],"relics":["Ring of the Snake","Boot","Smiling Mask","Mercury Hourglass","Black Star","Meat on the Bone","Bottled Lightning","Anchor"],"potions_floor_usage":[5,14,14,18,28,33],"damage_taken":[{"damage":0,"enemies":"Cultist","floor":1,"turns":4},{"damage":0,"enemies":"2 Louse","floor":3,"turns":3},{"damage":2,"enemies":"Small Slimes","floor":4,"turns":4},{"damage":60,"enemies":"Gremlin Gang","floor":5,"turns":7},{"damage":7,"enemies":"3 Louse","floor":8,"turns":3},{"damage":25,"enemies":"3 Sentries","floor":11,"turns":11},{"damage":4,"enemies":"Blue Slaver","floor":12,"turns":4},{"damage":21,"enemies":"Lagavulin","floor":14,"turns":4},{"damage":12,"enemies":"Hexaghost","floor":16,"turns":8},{"damage":23,"enemies":"2 Thieves","floor":18,"turns":3},{"damage":18,"enemies":"Chosen","floor":19,"turns":5},{"damage":20,"enemies":"Snake Plant","floor":21,"turns":3},{"damage":17,"enemies":"3 Cultists","floor":22,"turns":4},{"damage":48,"enemies":"Slavers","floor":25,"turns":3},{"damage":24,"enemies":"Cultist and Chosen","floor":28,"turns":6},{"damage":43,"enemies":"Automaton","floor":33,"turns":6}],"seed_played":"1093909911656705126","potions_obtained":[{"floor":4,"key":"Regen Potion"},{"floor":8,"key":"Strength Potion"},{"floor":12,"key":"Weak Potion"},{"floor":16,"key":"Dexterity Potion"},{"floor":19,"key":"Fire Potion"},{"floor":25,"key":"Fire Potion"}],"is_trial":false,"path_per_floor":["M","?","M","M","M","R","?","M","T","R","E","M","R","E","R","B",null,"M","M","?","M","M","R","?","E","T","R","M","?","?","?","R","B"],"character_chosen":"THE_SILENT","items_purchased":[],"campfire_rested":7,"item_purchase_floors":[],"current_hp_per_floor":[77,77,77,75,30,53,58,51,51,75,50,46,70,49,73,61,82,59,41,68,48,31,55,55,7,7,31,19,19,19,19,43,0],"gold":547,"neow_bonus":"TEN_PERCENT_HP_BONUS","is_prod":false,"is_daily":false,"chose_seed":false,"campfire_upgraded":0,"win_rate":0,"timestamp":1551075373,"path_taken":["M","?","M","M","?","R","?","M","T","R","E","M","R","E","R","BOSS","M","M","?","M","M","R","?","E","T","R","?","?","?","?","R","BOSS"],"build_version":"2019-01-23","purchased_purges":0,"victory":false,"max_hp_per_floor":[77,77,77,77,77,77,82,82,82,82,82,82,82,82,82,82,82,82,82,82,82,82,82,82,82,82,82,82,82,82,82,82,82],"card_choices":[{"not_picked":["Eviscerate","Slice"],"picked":"Dodge and Roll","floor":1},{"not_picked":["Infinite Blades","Deflect"],"picked":"Bouncing Flask","floor":3},{"not_picked":["Dagger Spray","Sucker Punch"],"picked":"Flying Knee","floor":4},{"not_picked":["Backflip","A Thousand Cuts"],"picked":"Calculated Gamble","floor":5},{"not_picked":["Accuracy","Prepared"],"picked":"Slice","floor":8},{"not_picked":["Blur","Outmaneuver"],"picked":"Terror","floor":11},{"not_picked":["Quick Slash","Crippling Poison"],"picked":"Poisoned Stab","floor":12},{"not_picked":["Crippling Poison","Dagger Throw"],"picked":"PiercingWail","floor":14},{"not_picked":["Wraith Form v2","Malaise"],"picked":"Corpse Explosion","floor":16},{"not_picked":["Eviscerate+1","Heel Hook","Prepared"],"picked":"SKIP","floor":18},{"not_picked":["Blade Dance+1","Acrobatics+1"],"picked":"Bane+1","floor":19},{"not_picked":["Dagger Spray","Caltrops"],"picked":"Deflect","floor":21},{"not_picked":["Slice+1","Calculated Gamble","Cloak And Dagger"],"picked":"SKIP","floor":22},{"not_picked":["Cloak And Dagger","Acrobatics","Eviscerate+1"],"picked":"SKIP","floor":25},{"not_picked":["Backflip","Flechettes"],"picked":"Blur","floor":28}],"player_experience":379930,"relics_obtained":[{"floor":9,"key":"Boot"},{"floor":11,"key":"Smiling Mask"},{"floor":14,"key":"Mercury Hourglass"},{"floor":25,"key":"Meat on the Bone"},{"floor":25,"key":"Bottled Lightning"},{"floor":26,"key":"Anchor"}],"event_choices":[{"damage_healed":0,"gold_gain":0,"player_choice":"Leave","damage_taken":0,"max_hp_gain":0,"max_hp_loss":0,"event_name":"FaceTrader","floor":2,"gold_loss":0},{"damage_healed":0,"gold_gain":0,"player_choice":"Donut","damage_taken":0,"max_hp_gain":5,"max_hp_loss":0,"event_name":"Big Fish","floor":7,"gold_loss":0},{"damage_healed":27,"gold_gain":0,"player_choice":"Heal","damage_taken":0,"max_hp_gain":0,"max_hp_loss":0,"event_name":"The Library","floor":20,"gold_loss":0},{"damage_healed":0,"gold_gain":0,"player_choice":"Forge","damage_taken":0,"max_hp_gain":0,"max_hp_loss":0,"event_name":"Accursed Blacksmith","floor":24,"gold_loss":0,"cards_upgraded":["Terror"]},{"damage_healed":0,"gold_gain":0,"player_choice":"Ignored","damage_taken":0,"max_hp_gain":0,"max_hp_loss":0,"event_name":"Beggar","floor":29,"gold_loss":0},{"damage_healed":0,"gold_gain":99,"player_choice":"Stole From Cult","damage_taken":0,"max_hp_gain":0,"max_hp_loss":0,"event_name":"Nest","floor":30,"gold_loss":0},{"damage_healed":0,"gold_gain":0,"player_choice":"Ignored","damage_taken":0,"max_hp_gain":0,"max_hp_loss":0,"event_name":"Ghosts","floor":31,"gold_loss":0}],"is_beta":false,"boss_relics":[{"not_picked":["Eternal Feather","Snecko Eye"],"picked":"Black Star"}],"items_purged_floors":[],"is_endless":false,"potions_floor_spawned":[4,8,12,16,19,25],"killed_by":"Automaton","ascension_level":2}