{"gold_per_floor":[119,131,149,149,169,169,194,209,209,209,209,227,239,239,239,341,341,361,377,387,42,62,62,62,76,101,101,101,130,130,147,147,242,242,252,262,280,280,296,296,296,296,296,296,310,324,324,340,340,340],"floor_reached":51,"playtime":6384,"items_purged":[],"score":650,"play_id":"99491037-c529-4a3a-8315-4002ac77677b","local_time":"20190210032013","is_ascension_mode":false,"campfire_choices":[{"data":"Pommel Strike","floor":6,"key":"SMITH"},{"data":"Strike_R","floor":10,"key":"PURGE"},{"floor":15,"key":"REST"},{"data":"Strike_R","floor":23,"key":"PURGE"},{"floor":28,"key":"REST"},{"floor":30,"key":"REST"},{"floor":32,"key":"REST"},{"floor":40,"key":"REST"},{"floor":42,"key":"REST"},{"data":"Defend_R","floor":49,"key":"PURGE"}],"neow_cost":"NONE","seed_source_timestamp":33800109286125,"circlet_count":0,"master_deck":["Strike_R","Defend_R","Bash","Pommel Strike+1","Twin Strike","Seeing Red+1","Reaper","Armaments","Reaper","Searing Blow","Seeing Red","Armaments","Barricade","Shrug It Off+1","Sword Boomerang+1","Entrench+1","Apotheosis","Cleave+1","Pummel","Headbutt+1","Impervious","Impervious","Ghostly Armor+1","Sever Soul+1","Flame Barrier+1","Warcry","Clothesline+1","Body Slam","Entrench"],"relics":["White Beast Statue","Pocketwatch","Peace Pipe","Fusion Hammer","PreservedInsect","Nloth\u0027s Gift","FossilizedHelix","Astrolabe","Vajra","Self Forming Clay"],"potions_floor_usage":[12,16,16,16,33,33,37,39,46,46,50,50,50],"damage_taken":[{"damage":5,"enemies":"Jaw Worm","floor":1,"turns":5},{"damage":0,"enemies":"Cultist","floor":2,"turns":4},{"damage":7,"enemies":"2 Louse","floor":3,"turns":2},{"damage":16,"enemies":"Lots of Slimes","floor":5,"turns":5},{"damage":22,"enemies":"3 Sentries","floor":7,"turns":9},{"damage":1,"enemies":"2 Fungi Beasts","floor":8,"turns":2},{"damage":1,"enemies":"3 Louse","floor":12,"turns":3},{"damage":8,"enemies":"Large Slime","floor":13,"turns":4},{"damage":70,"enemies":"Slime Boss","floor":16,"turns":14},{"damage":0,"enemies":"Chosen","floor":18,"turns":4},{"damage":5,"enemies":"Shell Parasite","floor":19,"turns":5},{"damage":10,"enemies":"Snecko","floor":20,"turns":4},{"damage":9,"enemies":"Snake Plant","floor":22,"turns":4},{"damage":37,"enemies":"Chosen and Byrds","floor":25,"turns":6},{"damage":21,"enemies":"Book of Stabbing","floor":29,"turns":4},{"damage":0,"enemies":"Cultist and Chosen","floor":31,"turns":9},{"damage":8,"enemies":"Champ","floor":33,"turns":16},{"damage":0,"enemies":"3 Shapes","floor":35,"turns":4},{"damage":39,"enemies":"3 Darklings","floor":36,"turns":8},{"damage":49,"enemies":"Maw","floor":37,"turns":14},{"damage":0,"enemies":"Transient","floor":39,"turns":5},{"damage":0,"enemies":"Sphere and 2 Shapes","floor":45,"turns":8},{"damage":21,"enemies":"3 Darklings","floor":46,"turns":5},{"damage":0,"enemies":"Maw","floor":48,"turns":6},{"damage":44,"enemies":"Awakened One","floor":50,"turns":15}],"seed_played":"8934329911995442731","potions_obtained":[{"floor":1,"key":"GamblersBrew"},{"floor":2,"key":"FearPotion"},{"floor":3,"key":"EssenceOfSteel"},{"floor":5,"key":"EssenceOfSteel"},{"floor":7,"key":"BloodPotion"},{"floor":12,"key":"Weak Potion"},{"floor":16,"key":"Fire Potion"},{"floor":18,"key":"Regen Potion"},{"floor":19,"key":"Fire Potion"},{"floor":20,"key":"SpeedPotion"},{"floor":33,"key":"EssenceOfSteel"},{"floor":35,"key":"Ancient Potion"},{"floor":36,"key":"Explosive Potion"},{"floor":37,"key":"LiquidBronze"},{"floor":39,"key":"EssenceOfSteel"},{"floor":46,"key":"FearPotion"},{"floor":48,"key":"AttackPotion"}],"is_trial":false,"path_per_floor":["M","M","M","?","M","R","E","M","T","R","?","M","M","?","R","B",null,"M","M","M","$","M","R","$","M","T","?","R","E","R","M","R","B",null,"M","M","M","?","M","R","?","R","T","T","M","M","?","M","R","B",null],"character_chosen":"IRONCLAD","items_purchased":["Apotheosis","PreservedInsect"],"campfire_rested":6,"item_purchase_floors":[21,21],"current_hp_per_floor":[75,75,68,68,52,52,30,29,29,29,29,48,48,48,72,18,80,80,75,69,69,65,65,65,38,38,38,62,41,65,65,80,75,80,80,68,19,19,19,43,43,67,67,67,67,73,73,80,80,45],"gold":340,"neow_bonus":"BOSS_RELIC","is_prod":false,"is_daily":false,"chose_seed":false,"campfire_upgraded":1,"win_rate":0.0,"timestamp":1549790413,"path_taken":["M","M","M","?","M","R","E","?","T","R","?","M","?","?","R","BOSS","M","?","M","$","M","R","$","M","T","?","R","E","R","M","R","BOSS","M","M","?","?","M","R","?","R","T","?","?","M","?","M","R","BOSS"],"build_version":"2019-01-23","purchased_purges":0,"victory":true,"max_hp_per_floor":[80,80,80,80,80,80,80,80,80,80,80,80,80,80,80,80,80,80,80,80,80,80,80,80,80,80,80,80,80,80,80,80,80,80,80,80,80,80,80,80,80,80,80,80,80,80,80,80,80,80],"card_choices":[{"not_picked":["Clothesline","Hemokinesis"],"picked":"Pommel Strike","floor":1},{"not_picked":["Uppercut","Body Slam"],"picked":"Twin Strike","floor":2},{"not_picked":["Warcry","Clash"],"picked":"Seeing Red","floor":3},{"not_picked":["True Grit","Clash"],"picked":"Twin Strike","floor":5},{"not_picked":["Rage","Flex"],"picked":"Reaper","floor":7},{"not_picked":["Sword Boomerang","Flex"],"picked":"Armaments","floor":8},{"not_picked":["Combust","Flame Barrier"],"picked":"Searing Blow","floor":12},{"not_picked":["Perfected Strike","Rupture"],"picked":"Seeing Red","floor":13},{"not_picked":["Dark Embrace","Fiend Fire"],"picked":"Barricade","floor":16},{"not_picked":["Perfected Strike","Dual Wield"],"picked":"Shrug It Off+1","floor":18},{"not_picked":["Flame Barrier","Warcry+1"],"picked":"Sword Boomerang+1","floor":19},{"not_picked":["Clothesline+1","Twin Strike"],"picked":"Entrench+1","floor":20},{"not_picked":["Shrug It Off","Armaments"],"picked":"Cleave+1","floor":22},{"not_picked":["Perfected Strike","Armaments+1"],"picked":"Pummel","floor":25},{"not_picked":["Thunderclap","Seeing Red"],"picked":"Headbutt+1","floor":29},{"not_picked":["Intimidate","Thunderclap"],"picked":"Impervious","floor":31},{"not_picked":["Feed","Reaper"],"picked":"Impervious","floor":33},{"not_picked":["Headbutt+1","Thunderclap"],"picked":"Warcry","floor":35},{"not_picked":["Twin Strike","True Grit+1","Offering"],"picked":"SKIP","floor":36},{"not_picked":["Thunderclap","Sword Boomerang","Shrug It Off"],"picked":"SKIP","floor":37},{"not_picked":["Power Through","Second Wind"],"picked":"Clothesline+1","floor":39},{"not_picked":["Fiend Fire","Cleave+1"],"picked":"Body Slam","floor":45},{"not_picked":["True Grit","Perfected Strike+1","Ghostly Armor+1"],"picked":"SKIP","floor":46},{"not_picked":["Cleave+1","Fire Breathing"],"picked":"Entrench","floor":48}],"player_experience":3685,"relics_obtained":[{"floor":7,"key":"Pocketwatch"},{"floor":9,"key":"Peace Pipe"},{"floor":26,"key":"Dream Catcher"},{"floor":29,"key":"FossilizedHelix"},{"floor":43,"key":"Vajra"},{"floor":44,"key":"Self Forming Clay"}],"event_choices":[{"damage_healed":0,"gold_gain":0,"player_choice":"Upgraded","damage_taken":0,"max_hp_gain":0,"max_hp_loss":0,"event_name":"Upgrade Shrine","floor":4,"gold_loss":0,"cards_upgraded":["Seeing Red"]},{"damage_healed":0,"gold_gain":0,"player_choice":"1 cards matched","damage_taken":0,"max_hp_gain":0,"max_hp_loss":0,"event_name":"Match and Keep!","floor":11,"gold_loss":0,"cards_obtained":["Reaper"]},{"damage_healed":0,"gold_gain":0,"cards_transformed":["Strike_R"],"player_choice":"Transformed","damage_taken":0,"max_hp_gain":0,"max_hp_loss":0,"event_name":"Transmorgrifier","floor":14,"gold_loss":0,"cards_obtained":["Armaments"]},{"damage_healed":0,"gold_gain":0,"player_choice":"Traded Relic","damage_taken":0,"relics_obtained":["Nloth\u0027s Gift"],"max_hp_gain":0,"max_hp_loss":0,"event_name":"N\u0027loth","floor":27,"relics_lost":["Dream Catcher"],"gold_loss":0},{"cards_removed":["Twin Strike"],"damage_healed":0,"gold_gain":0,"player_choice":"Removed Attack","damage_taken":0,"max_hp_gain":0,"max_hp_loss":0,"event_name":"Falling","floor":38,"gold_loss":0},{"damage_healed":0,"gold_gain":0,"player_choice":"Ignored","damage_taken":0,"max_hp_gain":0,"max_hp_loss":0,"event_name":"Mysterious Sphere","floor":41,"gold_loss":0},{"damage_healed":0,"gold_gain":0,"player_choice":"Memory 1","damage_taken":0,"max_hp_gain":0,"max_hp_loss":0,"event_name":"SensoryStone","floor":47,"gold_loss":0}],"is_beta":false,"boss_relics":[{"not_picked":["Mark of Pain","Tiny House"],"picked":"Fusion Hammer"},{"not_picked":["Eternal Feather","Calling Bell"],"picked":"Astrolabe"}],"items_purged_floors":[],"is_endless":false,"potions_floor_spawned":[1,2,3,5,7,8,12,13,16,18,19,20,22,25,29,31,33,35,36,37,39,45,46,48],"ascension_level":0}