{"gold_per_floor":[117,8,19,31,42,42,71,71,95,130,150,165,179,189,189,284,284,297,312,57,157,157,157,188,188,239,239,272,272,16,16,16,112,112,130,149,149,0,13,42,42,42,66,78,78,95,111,73,73,73],"floor_reached":51,"playtime":2873,"items_purged":["Strike_R"],"score":827,"play_id":"649b2dbb-9435-4ca0-bd2d-c78d5c373bf2","local_time":"20190228132848","is_ascension_mode":false,"campfire_choices":[{"data":"Rampage","floor":6,"key":"SMITH"},{"data":"Armaments","floor":8,"key":"SMITH"},{"floor":15,"key":"REST"},{"floor":23,"key":"REST"},{"floor":25,"key":"REST"},{"data":"Limit Break","floor":27,"key":"SMITH"},{"data":"Shrug It Off","floor":29,"key":"SMITH"},{"data":"True Grit","floor":32,"key":"SMITH"},{"data":"Defend_R","floor":41,"key":"SMITH"},{"data":"Defend_R","floor":45,"key":"SMITH"},{"data":"Defend_R","floor":49,"key":"SMITH"}],"neow_cost":"PERCENT_DAMAGE","seed_source_timestamp":0,"circlet_count":0,"master_deck":["Defend_R","Defend_R+1","Defend_R+1","Defend_R+1","Bash","Headbutt","Rampage+1","Shrug It Off+1","Armaments+1","Pommel Strike","Limit Break+1","True Grit+1","Uppercut+1","Injury","Feel No Pain","Bite","Bite","Bite","Bite","Bite","Fiend Fire","Headbutt+1","Trip","Finesse","Heavy Blade+1","Seeing Red"],"special_seed":0,"relics":["Burning Blood","Bag of Preparation","Vajra","Strawberry","Cursed Key","Mercury Hourglass","Champion Belt","Singing Bowl","Torii","Ancient Tea Set","Brimstone","Runic Pyramid","Red Mask","Omamori","Lantern"],"potions_floor_usage":[7,16,24,24,33,50,50],"damage_taken":[{"damage":1,"enemies":"Cultist","floor":1,"turns":3},{"damage":1,"enemies":"Jaw Worm","floor":3,"turns":5},{"damage":2,"enemies":"2 Louse","floor":4,"turns":3},{"damage":1,"enemies":"Exordium Wildlife","floor":5,"turns":3},{"damage":28,"enemies":"Lagavulin","floor":7,"turns":5},{"damage":21,"enemies":"3 Sentries","floor":10,"turns":8},{"damage":10,"enemies":"Looter","floor":11,"turns":2},{"damage":2,"enemies":"Blue Slaver","floor":12,"turns":3},{"damage":11,"enemies":"Large Slime","floor":13,"turns":6},{"damage":0,"enemies":"Exordium Wildlife","floor":14,"turns":4},{"damage":32,"enemies":"The Guardian","floor":16,"turns":7},{"damage":0,"enemies":"Chosen","floor":18,"turns":4},{"damage":3,"enemies":"Shell Parasite","floor":19,"turns":6},{"damage":19,"enemies":"Colosseum Slavers","floor":21,"turns":3},{"damage":21,"enemies":"Colosseum Nobs","floor":21,"turns":4},{"damage":25,"enemies":"Slavers","floor":24,"turns":5},{"damage":3,"enemies":"Book of Stabbing","floor":28,"turns":5},{"damage":11,"enemies":"Champ","floor":33,"turns":6},{"damage":0,"enemies":"3 Shapes","floor":35,"turns":3},{"damage":0,"enemies":"Orb Walker","floor":36,"turns":2},{"damage":1,"enemies":"Maw","floor":39,"turns":4},{"damage":0,"enemies":"Nemesis","floor":40,"turns":5},{"damage":12,"enemies":"Jaw Worm Horde","floor":44,"turns":4},{"damage":11,"enemies":"Spire Growth","floor":46,"turns":3},{"damage":14,"enemies":"3 Darklings","floor":47,"turns":4},{"damage":11,"enemies":"Time Eater","floor":50,"turns":5}],"seed_played":"7666498301546735926","potions_obtained":[{"floor":3,"key":"Fire Potion"},{"floor":5,"key":"Swift Potion"},{"floor":10,"key":"Strength Potion"},{"floor":13,"key":"SneckoOil"},{"floor":14,"key":"FearPotion"},{"floor":16,"key":"Explosive Potion"},{"floor":18,"key":"BloodPotion"},{"floor":28,"key":"SkillPotion"},{"floor":35,"key":"FearPotion"},{"floor":40,"key":"Block Potion"}],"is_trial":false,"path_per_floor":["M","$","M","M","M","R","E","R","T","E","M","M","M","M","R","B",null,"M","M","$","?","?","R","E","R","T","R","E","R","$","?","R","B",null,"M","M","?","?","M","E","R","$","T","M","R","M","M","$","R","B",null],"character_chosen":"IRONCLAD","items_purchased":["Rampage","Mercury Hourglass","Brimstone","SteroidPotion","Seeing Red"],"campfire_rested":3,"item_purchase_floors":[2,20,30,30,48],"current_hp_per_floor":[77,77,82,86,91,91,69,69,69,61,57,61,56,62,92,66,103,103,103,103,77,56,89,70,103,103,103,106,106,106,106,106,110,110,112,112,104,104,116,118,118,118,118,120,120,119,118,118,118,121],"gold":73,"neow_bonus":"TWENTY_PERCENT_HP_BONUS","is_prod":false,"is_daily":false,"chose_seed":false,"campfire_upgraded":8,"win_rate":0,"timestamp":1551382128,"path_taken":["M","?","M","M","M","R","E","R","T","E","M","?","M","?","R","BOSS","M","M","$","?","?","R","E","R","T","R","E","R","?","?","R","BOSS","M","M","?","?","M","E","R","?","T","?","R","M","M","$","R","BOSS"],"build_version":"2019-01-23","purchased_purges":1,"victory":true,"max_hp_per_floor":[96,96,96,96,96,96,96,96,96,103,103,103,103,103,103,103,103,103,103,103,105,110,110,110,110,110,110,110,110,110,110,110,110,110,112,112,114,114,116,118,118,118,118,120,120,122,122,122,122,122],"card_choices":[{"not_picked":["Clash","Armaments"],"picked":"Headbutt","floor":1},{"not_picked":["Heavy Blade","Clash","Second Wind"],"picked":"SKIP","floor":3},{"not_picked":["True Grit","Dropkick"],"picked":"Shrug It Off","floor":4},{"not_picked":["Uppercut","Iron Wave","Hemokinesis"],"picked":"SKIP","floor":5},{"not_picked":["Headbutt","Iron Wave"],"picked":"Armaments","floor":7},{"not_picked":["Double Tap","Bloodletting","Intimidate"],"picked":"SKIP","floor":10},{"not_picked":["Twin Strike","Warcry","Rampage"],"picked":"SKIP","floor":11},{"not_picked":["Thunderclap","Shrug It Off","Blood for Blood"],"picked":"SKIP","floor":12},{"not_picked":["Heavy Blade","Twin Strike"],"picked":"Pommel Strike","floor":13},{"not_picked":["Wild Strike","Armaments","Pummel"],"picked":"SKIP","floor":14},{"not_picked":["Berserk","Impervious"],"picked":"Limit Break","floor":16},{"not_picked":["Combust","Thunderclap"],"picked":"True Grit","floor":18},{"not_picked":["Perfected Strike","Havoc+1","True Grit"],"picked":"SKIP","floor":19},{"not_picked":["Body Slam+1","Heavy Blade","Second Wind"],"picked":"Singing Bowl","floor":21},{"not_picked":["Demon Form","Searing Blow"],"picked":"Uppercut+1","floor":24},{"not_picked":["Bloodletting","Clothesline"],"picked":"Feel No Pain","floor":28},{"not_picked":["Double Tap","Juggernaut"],"picked":"Fiend Fire","floor":33},{"not_picked":["Cleave+1","Pommel Strike+1","Second Wind+1"],"picked":"Singing Bowl","floor":35},{"not_picked":["Thunderclap","Dual Wield+1"],"picked":"Headbutt+1","floor":36},{"not_picked":["Violence","PanicButton"],"picked":"Trip","floor":37},{"not_picked":["Violence","Blind","Thinking Ahead"],"picked":"Singing Bowl","floor":37},{"not_picked":["Jack Of All Trades","Panacea"],"picked":"Finesse","floor":37},{"not_picked":["Whirlwind","Feel No Pain","Fire Breathing"],"picked":"Singing Bowl","floor":39},{"not_picked":["True Grit","Shrug It Off","Wild Strike+1"],"picked":"Singing Bowl","floor":40},{"not_picked":["Intimidate+1","Rage","Inflame"],"picked":"Singing Bowl","floor":44},{"not_picked":["Armaments","Rage+1","Dual Wield"],"picked":"Singing Bowl","floor":46},{"not_picked":["Searing Blow","Pummel+1"],"picked":"Heavy Blade+1","floor":47}],"player_experience":467615,"relics_obtained":[{"floor":7,"key":"Bag of Preparation"},{"floor":9,"key":"Vajra"},{"floor":10,"key":"Strawberry"},{"floor":21,"key":"Champion Belt"},{"floor":21,"key":"Singing Bowl"},{"floor":24,"key":"Torii"},{"floor":26,"key":"Ancient Tea Set"},{"floor":28,"key":"Blood Vial"},{"floor":40,"key":"Omamori"},{"floor":43,"key":"Lantern"}],"event_choices":[{"damage_healed":0,"gold_gain":0,"player_choice":"Fight","damage_taken":0,"max_hp_gain":0,"max_hp_loss":0,"event_name":"Colosseum","floor":21,"gold_loss":0},{"damage_healed":0,"gold_gain":0,"player_choice":"Fought Nobs","damage_taken":0,"max_hp_gain":0,"max_hp_loss":0,"event_name":"Colosseum","floor":21,"gold_loss":0},{"damage_healed":0,"gold_gain":0,"player_choice":"Shed Blood","damage_taken":26,"max_hp_gain":5,"max_hp_loss":0,"event_name":"Forgotten Altar","floor":22,"gold_loss":0},{"damage_healed":0,"gold_gain":0,"player_choice":"Became a vampire (Vial)","damage_taken":0,"max_hp_gain":0,"max_hp_loss":0,"event_name":"Vampires","floor":31,"relics_lost":["Blood Vial"],"gold_loss":0,"cards_obtained":["Bite","Bite","Bite","Bite","Bite"]},{"damage_healed":0,"gold_gain":0,"player_choice":"Memory 3","damage_taken":10,"max_hp_gain":0,"max_hp_loss":0,"event_name":"SensoryStone","floor":37,"gold_loss":0},{"damage_healed":0,"gold_gain":0,"player_choice":"Paid","damage_taken":0,"relics_obtained":["Red Mask"],"max_hp_gain":0,"max_hp_loss":0,"event_name":"Tomb of Lord Red Mask","floor":38,"gold_loss":149}],"is_beta":false,"boss_relics":[{"not_picked":["Eternal Feather","Busted Crown"],"picked":"Cursed Key"},{"not_picked":["Calling Bell","Sozu"],"picked":"Runic Pyramid"}],"items_purged_floors":[2],"is_endless":false,"potions_floor_spawned":[3,5,10,13,14,16,18,21,28,35,40,47],"ascension_level":0}