{"gold_per_floor":[114,134,151,151,168,168,197,217,269,269,286,286,306,333,333,432,432,420,439,75,89,89,89,89,89,89,89,104,115,125,125,125,228,228,239,239,257,271,287,287],"floor_reached":40,"playtime":1734,"items_purged":["Strike_B"],"score":661,"play_id":"a3612bff-18a4-4c04-8dc8-8291e4909ace","local_time":"20190120215241","is_ascension_mode":true,"campfire_choices":[{"data":"Defragment","floor":6.0,"key":"SMITH"},{"floor":12.0,"key":"REST"},{"floor":15.0,"key":"REST"},{"floor":23.0,"key":"REST"},{"data":"Zap","floor":25.0,"key":"SMITH"},{"floor":32.0,"key":"REST"}],"neow_cost":"NONE","seed_source_timestamp":767174968789570,"circlet_count":0,"master_deck":["AscendersBane","Strike_B","Strike_B","Defend_B","Defend_B","Defend_B","Zap+1","Dualcast","Defragment+1","Leap","Streamline","Darkness","White Noise","Self Repair","White Noise","Biased Cognition","Glacier+1","Coolheaded+1","Electrodynamics","Buffer","Barrage","Buffer","White Noise","BootSequence+1"],"special_seed":0,"relics":["Cracked Core","NeowsBlessing","Smiling Mask","Orichalcum","Question Card","White Beast Statue","Omamori","Pear","Nloth\u0027s Gift","Eternal Feather"],"potions_floor_usage":[40,40],"damage_taken":[{"damage":0.0,"enemies":"Small Slimes","floor":1.0,"turns":1.0},{"damage":0.0,"enemies":"Jaw Worm","floor":2.0,"turns":1.0},{"damage":0.0,"enemies":"Cultist","floor":3.0,"turns":1.0},{"damage":0.0,"enemies":"3 Louse","floor":5.0,"turns":3.0},{"damage":24.0,"enemies":"Gremlin Nob","floor":7.0,"turns":4.0},{"damage":12.0,"enemies":"Exordium Thugs","floor":8.0,"turns":6.0},{"damage":28.0,"enemies":"Lots of Slimes","floor":11.0,"turns":5.0},{"damage":20.0,"enemies":"Large Slime","floor":13.0,"turns":6.0},{"damage":21.0,"enemies":"Lagavulin","floor":14.0,"turns":6.0},{"damage":37.0,"enemies":"Slime Boss","floor":16.0,"turns":8.0},{"damage":32.0,"enemies":"2 Thieves","floor":18.0,"turns":5.0},{"damage":10.0,"enemies":"Chosen","floor":19.0,"turns":6.0},{"damage":1.0,"enemies":"3 Cultists","floor":21.0,"turns":8.0},{"damage":0.0,"enemies":"Slavers","floor":24.0,"turns":1.0},{"damage":14.0,"enemies":"Shelled Parasite and Fungi","floor":28.0,"turns":6.0},{"damage":16.0,"enemies":"Snake Plant","floor":29.0,"turns":6.0},{"damage":13.0,"enemies":"Centurion and Healer","floor":30.0,"turns":3.0},{"damage":61.0,"enemies":"Collector","floor":33.0,"turns":11.0},{"damage":0.0,"enemies":"3 Shapes","floor":35.0,"turns":5.0},{"damage":8.0,"enemies":"Orb Walker","floor":37.0,"turns":7.0},{"damage":26.0,"enemies":"Spire Growth","floor":38.0,"turns":9.0},{"damage":43.0,"enemies":"Jaw Worm Horde","floor":39.0,"turns":4.0},{"damage":27,"enemies":"Giant Head","floor":40,"turns":7}],"seed_played":"-3884862798933091213","potions_obtained":[{"floor":3.0,"key":"AttackPotion"},{"floor":5.0,"key":"Weak Potion"},{"floor":7.0,"key":"Block Potion"},{"floor":16.0,"key":"Block Potion"},{"floor":18.0,"key":"SmokeBomb"},{"floor":19.0,"key":"FearPotion"},{"floor":21.0,"key":"Poison Potion"},{"floor":28.0,"key":"LiquidBronze"},{"floor":29.0,"key":"GamblersBrew"},{"floor":30.0,"key":"SkillPotion"},{"floor":33.0,"key":"GamblersBrew"},{"floor":35.0,"key":"FearPotion"},{"floor":38.0,"key":"Block Potion"},{"floor":39.0,"key":"Poison Potion"}],"is_trial":false,"path_per_floor":["M","M","M","?","M","R","E","M","T","?","M","R","M","E","R","B",null,"M","M","$","M","?","R","E","R","T","?","M","M","M","?","R","B",null,"M","?","M","M","M","E"],"character_chosen":"DEFECT","items_purchased":["Membership Card","Regen Potion","Omamori"],"campfire_rested":4,"item_purchase_floors":[20,20,20],"current_hp_per_floor":[68,68,68,61,61,61,37,25,25,50,22,44,31,17,39,9,59,34,31,31,52,38,62,62,62,72,72,65,56,43,43,70,16,72,79,79,71,52,9,0],"gold":287,"neow_bonus":"THREE_ENEMY_KILL","is_prod":false,"is_daily":false,"chose_seed":false,"campfire_upgraded":2,"win_rate":0,"timestamp":1548039161,"path_taken":["M","M","M","?","M","R","E","M","T","?","M","R","M","E","R","BOSS","M","M","$","M","?","R","E","R","T","?","M","?","M","?","R","BOSS","M","?","?","M","M","E"],"build_version":"2019-01-19","purchased_purges":1,"victory":false,"max_hp_per_floor":[75,75,75,75,75,75,75,75,75,75,75,75,75,75,75,75,75,75,75,75,75,80,80,80,80,90,90,90,90,90,90,90,90,90,90,90,90,90,90,90],"card_choices":[{"not_picked":["Redo","Tempest"],"picked":"Defragment","floor":1.0},{"not_picked":["Coolheaded","Steam"],"picked":"Leap","floor":2.0},{"not_picked":["Gash","Blizzard"],"picked":"Streamline","floor":3.0},{"not_picked":["Rip and Tear","Stack"],"picked":"Darkness","floor":5.0},{"not_picked":["Turbo","Aggregate","Stack"],"picked":"SKIP","floor":7.0},{"not_picked":["All For One","Compile Driver"],"picked":"White Noise","floor":8.0},{"not_picked":["Tempest","Redo"],"picked":"Self Repair","floor":11.0},{"not_picked":["Force Field","Steam","Hologram"],"picked":"SKIP","floor":13.0},{"not_picked":["Recycle","Hello World"],"picked":"White Noise","floor":14.0},{"not_picked":["Meteor Strike","All For One","Reboot"],"picked":"Biased Cognition","floor":16.0},{"not_picked":["Conserve Battery","Compile Driver","FTL"],"picked":"Glacier+1","floor":18.0},{"not_picked":["Recycle+1","Cold Snap+1","Chill"],"picked":"Coolheaded+1","floor":19.0},{"not_picked":["Steam","Barrage","Steam Power","Beam Cell"],"picked":"SKIP","floor":21.0},{"not_picked":["Storm","Streamline+1","Recycle+1","Sunder"],"picked":"SKIP","floor":28.0},{"not_picked":["Melter+1","Streamline","Heatsinks+1"],"picked":"Electrodynamics","floor":29.0},{"not_picked":["Gash","Turbo+1","Streamline","Heatsinks"],"picked":"SKIP","floor":30.0},{"not_picked":["Thunder Strike","Meteor Strike","All For One"],"picked":"Buffer","floor":33.0},{"not_picked":["Go for the Eyes+1","Heatsinks","Steam Power+1","Stack"],"picked":"SKIP","floor":35.0},{"not_picked":["Go for the Eyes","Coolheaded","Static Discharge"],"picked":"Buffer","floor":37.0},{"not_picked":["Go for the Eyes","Rebound+1","Tempest"],"picked":"White Noise","floor":38.0},{"not_picked":["Gash","Go for the Eyes+1","Leap+1"],"picked":"BootSequence+1","floor":39.0}],"player_experience":517255,"relics_obtained":[{"floor":7.0,"key":"Smiling Mask"},{"floor":9.0,"key":"Orichalcum"},{"floor":14.0,"key":"Question Card"},{"floor":26.0,"key":"Pear"}],"event_choices":[{"cards_removed":["Defend_B"],"damage_healed":0.0,"max_hp_gain":0.0,"max_hp_loss":0.0,"gold_gain":0.0,"event_name":"Golden Wing","player_choice":"Card Removal","floor":4.0,"gold_loss":0.0,"damage_taken":7.0},{"damage_healed":25.0,"max_hp_gain":0.0,"max_hp_loss":0.0,"gold_gain":0.0,"event_name":"Big Fish","player_choice":"Banana","floor":10.0,"gold_loss":0.0,"damage_taken":0.0},{"damage_healed":0.0,"max_hp_gain":5.0,"max_hp_loss":0.0,"gold_gain":0.0,"event_name":"Forgotten Altar","player_choice":"Shed Blood","floor":22.0,"gold_loss":0.0,"damage_taken":19.0},{"damage_healed":0.0,"max_hp_gain":0.0,"max_hp_loss":0.0,"gold_gain":0.0,"event_name":"N\u0027loth","player_choice":"Traded Relic","floor":27.0,"relics_lost":["Membership Card"],"gold_loss":0.0,"damage_taken":0.0,"relics_obtained":["Nloth\u0027s Gift"]},{"damage_healed":0.0,"max_hp_gain":0.0,"max_hp_loss":0.0,"gold_gain":0.0,"event_name":"The Woman in Blue","player_choice":"Bought 0 Potions","floor":31.0,"gold_loss":0.0,"damage_taken":0.0},{"damage_healed":0.0,"max_hp_gain":0.0,"max_hp_loss":0.0,"gold_gain":0.0,"cards_transformed":["Strike_B"],"event_name":"Transmorgrifier","player_choice":"Transformed","floor":36.0,"gold_loss":0.0,"damage_taken":0.0,"cards_obtained":["Barrage"]}],"is_beta":true,"boss_relics":[{"not_picked":["Tiny House","Snecko Eye"],"picked":"White Beast Statue"},{"not_picked":["FrozenCore","Coffee Dripper"],"picked":"Eternal Feather"}],"items_purged_floors":[20],"is_endless":false,"potions_floor_spawned":[3,5,7,16,18,19,21,24,28,29,30,33,35,37,38,39],"killed_by":"Giant Head","ascension_level":10}