{"gold_per_floor":[113,113,124,140,140,140,140,140,140,180,180,216,216,216,216,216],"floor_reached":16,"playtime":344,"items_purged":[],"score":106,"play_id":"d17d5e82-6148-44c3-b0f5-dd4cc3d11f19","local_time":"20190226114225","is_ascension_mode":false,"campfire_choices":[{"data":"Armaments","floor":6,"key":"SMITH"},{"data":"Bash","floor":8,"key":"SMITH"},{"floor":15,"key":"REST"}],"neow_cost":"NONE","seed_source_timestamp":5317470319115,"circlet_count":0,"master_deck":["Strike_R","Strike_R","Strike_R","Strike_R","Defend_R","Defend_R","Defend_R","Defend_R","Bash+1","Armaments+1","Power Through","Searing Blow+1","Infernal Blade"],"relics":["Burning Blood","NeowsBlessing","Golden Idol","Bottled Flame","Oddly Smooth Stone","Shuriken","Matryoshka"],"potions_floor_usage":[12],"damage_taken":[{"damage":0,"enemies":"Small Slimes","floor":1,"turns":1},{"damage":0,"enemies":"Cultist","floor":3,"turns":1},{"damage":0,"enemies":"Jaw Worm","floor":4,"turns":1},{"damage":26,"enemies":"Lagavulin","floor":10,"turns":8},{"damage":36,"enemies":"Gremlin Nob","floor":12,"turns":5},{"damage":38,"enemies":"Slime Boss","floor":16,"turns":8}],"seed_played":"2288310552432303088","potions_obtained":[{"floor":10,"key":"BloodPotion"}],"is_trial":false,"path_per_floor":["M","?","M","M","?","R","?","R","T","E","?","E","?","T","R","B"],"character_chosen":"IRONCLAD","items_purchased":[],"campfire_rested":1,"item_purchase_floors":[],"current_hp_per_floor":[80,80,80,80,60,60,53,53,53,33,33,11,11,11,35,0],"gold":216,"neow_bonus":"THREE_ENEMY_KILL","is_prod":false,"is_daily":false,"chose_seed":false,"campfire_upgraded":2,"win_rate":0,"timestamp":1551202945,"path_taken":["M","?","?","M","?","R","?","R","T","E","?","E","?","?","R","BOSS"],"build_version":"2019-01-23","purchased_purges":0,"victory":false,"max_hp_per_floor":[80,80,80,80,80,80,80,80,80,80,80,80,80,80,80,80],"card_choices":[{"not_picked":["Perfected Strike","Flex"],"picked":"Headbutt","floor":1},{"not_picked":["Feel No Pain","Warcry"],"picked":"Armaments","floor":3},{"not_picked":["Sentinel","Warcry"],"picked":"Power Through","floor":4},{"not_picked":["Disarm","Heavy Blade"],"picked":"Searing Blow","floor":10},{"not_picked":["Warcry","Thunderclap"],"picked":"Infernal Blade","floor":12}],"player_experience":423754,"relics_obtained":[{"floor":9,"key":"Bottled Flame"},{"floor":10,"key":"Oddly Smooth Stone"},{"floor":12,"key":"Shuriken"},{"floor":14,"key":"Matryoshka"}],"event_choices":[{"cards_removed":["Headbutt"],"damage_healed":5,"gold_gain":0,"player_choice":"Offered Common","damage_taken":0,"max_hp_gain":0,"max_hp_loss":0,"event_name":"Bonfire Elementals","floor":2,"gold_loss":0},{"cards_removed":["Headbutt"],"damage_healed":5,"gold_gain":0,"player_choice":"Offered Special","damage_taken":0,"max_hp_gain":0,"max_hp_loss":0,"event_name":"Bonfire Elementals","floor":2,"gold_loss":0},{"damage_healed":0,"gold_gain":0,"player_choice":"Take Damage","damage_taken":20,"relics_obtained":["Golden Idol"],"max_hp_gain":0,"max_hp_loss":0,"event_name":"Golden Idol","floor":5,"gold_loss":0},{"cards_removed":["Strike_R"],"damage_healed":0,"gold_gain":0,"player_choice":"Card Removal","damage_taken":7,"max_hp_gain":0,"max_hp_loss":0,"event_name":"Golden Wing","floor":7,"gold_loss":0},{"damage_healed":0,"gold_gain":0,"player_choice":"Ignored","damage_taken":0,"max_hp_gain":0,"max_hp_loss":0,"event_name":"Liars Game","floor":11,"gold_loss":0},{"damage_healed":0,"gold_gain":0,"player_choice":"Grow","damage_taken":0,"max_hp_gain":0,"max_hp_loss":0,"event_name":"Living Wall","floor":13,"gold_loss":0,"cards_upgraded":["Searing Blow"]}],"is_beta":false,"boss_relics":[],"items_purged_floors":[],"is_endless":false,"potions_floor_spawned":[10],"killed_by":"Slime Boss","ascension_level":0}