{"gold_per_floor":[113,133,149,166,181,181,200,200,281,296,67,67,78,31,31,131,131,149,149,166,183,199,199,1,21,21,121,146,1,1,13,13,108,108,121,121,140,140,154,154,172,172,172,189,205,205,216,228,228,228],"floor_reached":50,"playtime":3212,"items_purged":[],"score":464,"play_id":"c30be423-5cb0-4b05-b9fe-80416a6fdddd","local_time":"20190220183127","is_ascension_mode":false,"campfire_choices":[{"floor":6,"key":"REST"},{"data":"Neutralize","floor":8,"key":"SMITH"},{"data":"Skewer","floor":12,"key":"SMITH"},{"floor":15,"key":"REST"},{"data":"Terror","floor":23,"key":"SMITH"},{"floor":30,"key":"REST"},{"data":"Dodge and Roll","floor":32,"key":"SMITH"},{"floor":40,"key":"REST"},{"floor":42,"key":"REST"},{"floor":46,"key":"REST"},{"floor":49,"key":"REST"}],"neow_cost":"NONE","seed_source_timestamp":18731363431136,"circlet_count":0,"master_deck":["Defend_G","Defend_G","Defend_G","Defend_G+1","Defend_G","Strike_G","Strike_G","Strike_G","Strike_G","Survivor","Neutralize+1","Calculated Gamble","Quick Slash","Tactician+1","Bouncing Flask","Skewer+1","Dodge and Roll+1","PiercingWail","Bullet Time","Terror+1","Flying Knee","Deflect","Escape Plan+1","Backstab","Blur","Deflect","Backflip","Corpse Explosion","Bouncing Flask+1","Poisoned Stab+1","Night Terror"],"relics":["Ring of the Snake","Oddly Smooth Stone","Mercury Hourglass","HandDrill","Runic Pyramid","War Paint","Ninja Scroll","Sundial","Lizard Tail","The Courier"],"potions_floor_usage":[4,16,20,21,28,28,33,39,44,48,50],"damage_taken":[{"damage":3,"enemies":"Cultist","floor":1,"turns":6},{"damage":0,"enemies":"Jaw Worm","floor":2,"turns":5},{"damage":0,"enemies":"Small Slimes","floor":3,"turns":3},{"damage":23,"enemies":"Exordium Thugs","floor":4,"turns":9},{"damage":1,"enemies":"Exordium Wildlife","floor":5,"turns":5},{"damage":0,"enemies":"Red Slaver","floor":7,"turns":3},{"damage":8,"enemies":"Exordium Thugs","floor":10,"turns":4},{"damage":0,"enemies":"2 Fungi Beasts","floor":13,"turns":3},{"damage":25,"enemies":"Hexaghost","floor":16,"turns":14},{"damage":11,"enemies":"Spheric Guardian","floor":18,"turns":6},{"damage":12,"enemies":"2 Thieves","floor":20,"turns":4},{"damage":0,"enemies":"Centurion and Healer","floor":21,"turns":7},{"damage":12,"enemies":"Shelled Parasite and Fungi","floor":22,"turns":6},{"damage":8,"enemies":"Snecko","floor":25,"turns":5},{"damage":5,"enemies":"Slavers","floor":28,"turns":5},{"damage":0,"enemies":"Centurion and Healer","floor":31,"turns":6},{"damage":9,"enemies":"Collector","floor":33,"turns":11},{"damage":9,"enemies":"3 Darklings","floor":35,"turns":3},{"damage":0,"enemies":"Orb Walker","floor":37,"turns":2},{"damage":11,"enemies":"Transient","floor":39,"turns":5},{"damage":26,"enemies":"Spire Growth","floor":41,"turns":6},{"damage":0,"enemies":"4 Shapes","floor":44,"turns":4},{"damage":9,"enemies":"3 Darklings","floor":45,"turns":3},{"damage":1,"enemies":"Jaw Worm Horde","floor":47,"turns":3},{"damage":23,"enemies":"Transient","floor":48,"turns":5},{"damage":104,"enemies":"Awakened One","floor":50,"turns":16}],"seed_played":"-3933935968296528043","potions_obtained":[{"floor":1,"key":"Regen Potion"},{"floor":3,"key":"GamblersBrew"},{"floor":5,"key":"GhostInAJar"},{"floor":7,"key":"Poison Potion"},{"floor":13,"key":"Regen Potion"},{"floor":20,"key":"SpeedPotion"},{"floor":31,"key":"LiquidBronze"},{"floor":39,"key":"Explosive Potion"},{"floor":45,"key":"Block Potion"},{"floor":48,"key":"Poison Potion"}],"is_trial":false,"path_per_floor":["M","M","M","M","M","R","M","R","T","M","$","R","M","$","R","B",null,"M","?","M","M","M","R","$","M","T","?","E","$","R","M","R","B",null,"M","?","M","?","M","R","M","R","T","M","M","R","M","M","R","B"],"character_chosen":"THE_SILENT","items_purchased":["HandDrill","Dodge and Roll","PiercingWail","War Paint","SkillPotion","Blur","Deflect","SpeedPotion"],"campfire_rested":7,"item_purchase_floors":[11,11,14,24,24,29,29,29],"current_hp_per_floor":[67,67,67,44,43,64,64,64,64,56,56,56,56,56,70,45,70,59,59,59,70,58,58,58,50,50,50,45,45,66,66,66,57,70,61,61,61,61,50,70,44,65,65,65,56,70,69,46,67,0],"gold":228,"neow_bonus":"RANDOM_COMMON_RELIC","is_prod":false,"is_daily":false,"chose_seed":false,"campfire_upgraded":4,"win_rate":0,"timestamp":1550709087,"path_taken":["M","M","M","M","M","R","M","R","T","M","$","R","M","?","R","BOSS","M","?","M","M","M","R","$","M","T","?","E","$","R","?","R","BOSS","M","?","M","?","M","R","?","R","T","M","M","R","M","M","R","BOSS"],"build_version":"2019-01-23","purchased_purges":0,"victory":false,"max_hp_per_floor":[70,70,70,70,70,70,70,70,70,70,70,70,70,70,70,70,70,70,70,70,70,70,70,70,70,70,70,70,70,70,70,70,70,70,70,70,70,70,70,70,70,70,70,70,70,70,70,70,70,70],"card_choices":[{"not_picked":["Riddle With Holes","Noxious Fumes","Prepared"],"picked":"SKIP","floor":1},{"not_picked":["Outmaneuver","Caltrops"],"picked":"Calculated Gamble","floor":2},{"not_picked":["Catalyst","Setup"],"picked":"Quick Slash","floor":3},{"not_picked":["Prepared","Cloak And Dagger"],"picked":"Tactician","floor":4},{"not_picked":["Finisher","Outmaneuver"],"picked":"Bouncing Flask","floor":5},{"not_picked":["Tactician","Dagger Spray","Underhanded Strike"],"picked":"SKIP","floor":7},{"not_picked":["Slice","Dagger Throw"],"picked":"Skewer","floor":10},{"not_picked":["Concentrate","Infinite Blades","Sucker Punch"],"picked":"SKIP","floor":13},{"not_picked":["Doppelganger","Night Terror"],"picked":"Bullet Time","floor":16},{"not_picked":["Acrobatics","PiercingWail","Quick Slash"],"picked":"SKIP","floor":18},{"not_picked":["Prepared","Noxious Fumes","Acrobatics"],"picked":"SKIP","floor":20},{"not_picked":["Sucker Punch","Underhanded Strike"],"picked":"Flying Knee","floor":21},{"not_picked":["PiercingWail+1","Bullet Time"],"picked":"Deflect","floor":22},{"not_picked":["Sucker Punch","Slice"],"picked":"Escape Plan+1","floor":25},{"not_picked":["Outmaneuver","Reflex+1"],"picked":"Backstab","floor":28},{"not_picked":["Quick Slash","Outmaneuver"],"picked":"Backflip","floor":31},{"not_picked":["Bullet Time","Envenom"],"picked":"Corpse Explosion","floor":33},{"not_picked":["Dash","Deadly Poison+1"],"picked":"Bouncing Flask+1","floor":35},{"not_picked":["Expertise","Quick Slash+1","Underhanded Strike+1"],"picked":"SKIP","floor":37},{"not_picked":["Flying Knee","Outmaneuver+1","Underhanded Strike+1"],"picked":"SKIP","floor":39},{"not_picked":["All Out Attack+1","Reflex"],"picked":"Poisoned Stab+1","floor":41},{"not_picked":["Tactician+1","Sucker Punch+1","Cloak And Dagger"],"picked":"SKIP","floor":44},{"not_picked":["Outmaneuver","Dagger Spray","Eviscerate+1"],"picked":"SKIP","floor":45},{"not_picked":["Escape Plan","Caltrops+1","Predator"],"picked":"SKIP","floor":47},{"not_picked":["Acrobatics","Underhanded Strike+1"],"picked":"Night Terror","floor":48}],"player_experience":281282,"relics_obtained":[{"floor":9,"key":"Mercury Hourglass"},{"floor":26,"key":"Ninja Scroll"},{"floor":28,"key":"Sundial"},{"floor":43,"key":"The Courier"}],"event_choices":[{"damage_healed":0,"gold_gain":0,"player_choice":"Read","damage_taken":0,"max_hp_gain":0,"max_hp_loss":0,"event_name":"The Library","floor":19,"gold_loss":0,"cards_obtained":["Terror"]},{"damage_healed":0,"gold_gain":100,"player_choice":"Pray","damage_taken":0,"max_hp_gain":0,"max_hp_loss":0,"event_name":"Golden Shrine","floor":27,"gold_loss":0},{"damage_healed":0,"gold_gain":0,"player_choice":"Ignored","damage_taken":0,"max_hp_gain":0,"max_hp_loss":0,"event_name":"Mysterious Sphere","floor":36,"gold_loss":0},{"cards_removed":["Strike_G"],"damage_healed":0,"gold_gain":0,"player_choice":"Purged","damage_taken":0,"max_hp_gain":0,"max_hp_loss":0,"event_name":"Purifier","floor":38,"gold_loss":0}],"is_beta":false,"boss_relics":[{"not_picked":["Tiny House","Velvet Choker"],"picked":"Runic Pyramid"},{"not_picked":["White Beast Statue","Empty Cage"],"picked":"Lizard Tail"}],"items_purged_floors":[],"is_endless":false,"potions_floor_spawned":[1,3,5,7,13,20,31,39,45,48],"killed_by":"Awakened One","ascension_level":0}