{"path_per_floor":["M","$","?","M","M","R","M","R","T","M","$","M","M","?","R","B",null,"M","$","?","M","?","R","E","$","T","?","$","?","R","M","R","B",null,"M","$"],"character_chosen":"THE_SILENT","items_purchased":["Footwork","Juzu Bracelet","Apotheosis","Catalyst","Regen Potion"],"gold_per_floor":[116,43,143,163,177,177,192,192,239,252,26,46,61,123,123,226,226,236,29,29,40,40,40,65,30,53,53,2,2,2,16,16,118,118,137,37],"floor_reached":37,"campfire_rested":1,"playtime":3664,"current_hp_per_floor":[68,68,68,68,66,66,64,64,64,64,64,55,46,48,48,40,70,63,63,63,61,61,61,42,42,42,26,26,26,62,65,65,53,70,41,41],"items_purged":["Defend_G","Doubt"],"gold":37,"play_id":"e0f10323-b63e-43a3-be73-18b40599f80c","is_prod":false,"is_daily":false,"campfire_rituals":0,"campfire_upgraded":5,"is_hardmode":false,"path_taken":["M","$","?","M","M","R","M","R","T","M","$","M","M","?","R","BOSS","M","$","?","M","?","R","E","?","T","?","$","?","R","M","R","BOSS","M","$","?"],"build_version":"2018-01-11-PROD2","purchased_purges":3,"victory":false,"master_deck":["Defend_G","Defend_G","Defend_G","Defend_G","Strike_G","Survivor","Neutralize","Poisoned Stab","Footwork","Bane","Caltrops","Backflip","Bouncing Flask","Backstab","Slice","Footwork","Tools of the Trade","Flying Knee","Apotheosis","Terror","Backflip","Catalyst","Necronomicurse","Quick Slash","Burst","Clumsy","Blade Dance","Poisoned Stab","Bouncing Flask","Backflip"],"max_hp_per_floor":[70,70,70,70,70,70,70,70,70,70,70,70,70,70,70,70,70,70,70,70,70,70,70,70,70,70,70,70,70,70,70,70,70,70,70,70],"relics":["Ring of the Snake","Happy Flower","Juzu Bracelet","Meat on the Bone","Cursed Key","Ice Cream","Regal Pillow","Necronomicon","Nloth\u0027s Gift","Astrolabe"],"campfire_meditates":0,"card_choices":[{"not_picked":["Outmaneuver","Caltrops"],"picked":"Poisoned Stab"},{"not_picked":["Eviscerate","PiercingWail"],"picked":"Bane"},{"not_picked":["Outmaneuver","Skewer"],"picked":"Caltrops"},{"not_picked":["Leg Sweep","Poisoned Stab"],"picked":"Backflip"},{"not_picked":["Wraith Form","Deflect"],"picked":"Bouncing Flask"},{"not_picked":["Heel Hook","Infinite Blades"],"picked":"Backstab"},{"not_picked":["Outmaneuver","Dodge and Roll"],"picked":"Slice"},{"not_picked":["Well Laid Plans","Dagger Throw"],"picked":"Footwork"},{"not_picked":["Die Die Die","After Image"],"picked":"Tools of the Trade"},{"not_picked":["Bane","Dodge and Roll"],"picked":"Flying Knee"},{"not_picked":["Acrobatics","Dodge and Roll"],"picked":"Terror"},{"not_picked":["Endless Agony","Footwork"],"picked":"Backflip"},{"not_picked":["Wraith Form","Finisher"],"picked":"Quick Slash"},{"not_picked":["Unload","Die Die Die"],"picked":"Burst"},{"not_picked":["Outmaneuver","Dodge and Roll"],"picked":"Backflip"}],"player_experience":27730,"potions_floor_usage":[14,16,16,18,31,31,33],"damage_taken":[{"damage":2,"enemies":"Small Slimes","floor":1,"turns":6},{"damage":0,"enemies":"Cultist","floor":4,"turns":5},{"damage":2,"enemies":"Blue Slaver","floor":5,"turns":5},{"damage":2,"enemies":"Looter","floor":7,"turns":4},{"damage":0,"enemies":"3 Louse","floor":10,"turns":5},{"damage":9,"enemies":"Exordium Wildlife","floor":12,"turns":5},{"damage":9,"enemies":"2 Fungi Beasts","floor":13,"turns":3},{"damage":10,"enemies":"Gremlin Nob","floor":14,"turns":4},{"damage":8,"enemies":"Hexaghost","floor":16,"turns":8},{"damage":7,"enemies":"2 Thieves","floor":18,"turns":4},{"damage":2,"enemies":"Shell Parasite","floor":21,"turns":4},{"damage":31,"enemies":"Slavers","floor":24,"turns":6},{"damage":9,"enemies":"Centurion and Healer","floor":31,"turns":6},{"damage":12,"enemies":"Champ","floor":33,"turns":9},{"damage":29,"enemies":"3 Darklings","floor":35,"turns":5},{"damage":42,"enemies":"Mysterious Sphere","floor":37,"turns":4}],"event_choices":[{"event_name":"Golden Shrine","player_choice":"Pray","floor":3,"damage_taken":0},{"event_name":"Dead Adventurer","player_choice":"Searched \u00271\u0027 times","floor":14,"damage_taken":0},{"event_name":"Drug Dealer","player_choice":"Ignored","floor":20,"damage_taken":0},{"event_name":"Back to Basics","player_choice":"Elegance","floor":22,"damage_taken":0},{"event_name":"Cursed Tome","player_choice":"Obtained Book","floor":27,"damage_taken":0},{"event_name":"N\u0027loth","player_choice":"Traded a Dream Catcher","floor":29,"damage_taken":0},{"event_name":"Mysterious Sphere","player_choice":"Fight","floor":37,"damage_taken":0}],"boss_relics":[{"not_picked":["Tiny House","Question Card"],"picked":"Cursed Key"},{"not_picked":["Runic Dome","Runic Pyramid"],"picked":"Astrolabe"}],"potions_floor_spawned":[4,5,13,14,16,31],"seed_played":"5160058466054887796","killed_by":"Mysterious Sphere","is_trial":false}