{"path_per_floor":["M","M","?","T","M","E","R","$","T","$","R","M","E","M","R","B",null,"M","?","M","M","?"],"character_chosen":"DEFECT","items_purchased":["Loop","Orichalcum"],"gold_per_floor":[114,125,125,199,217,246,246,173,173,24,24,36,67,79,79,176,176,195,195,213,227,227,227],"floor_reached":23,"campfire_rested":0,"playtime":2157,"item_purchase_floors":[8,10],"current_hp_per_floor":[75,70,70,70,64,42,42,42,42,42,42,42,38,17,17,17,80,44,44,39,9,9,0],"items_purged":[],"gold":227,"score":251,"play_id":"8bab185d-954f-4feb-ab3f-ec7893df334a","local_time":"20180606011422","is_prod":false,"is_daily":false,"chose_seed":false,"is_ascension_mode":false,"campfire_upgraded":3,"win_rate":0.0,"timestamp":1528240462,"campfire_choices":[{"data":"Undo","floor":7,"key":"SMITH"},{"data":"Loop","floor":11,"key":"SMITH"},{"data":"Consume","floor":15,"key":"SMITH"}],"path_taken":["M","M","?","?","M","E","R","?","T","$","R","M","E","M","R","BOSS","M","?","M","M","?","E"],"build_version":"2018-05-31","seed_source_timestamp":345677726156161,"purchased_purges":0,"victory":false,"master_deck":["Strike_B","Strike_B","Strike_B","Defend_B","Defend_B","Defend_B","Defend_B","Zap","Dualcast","Storm","FTL","Undo+1","Loop+1","Consume+1","Melter+1","Machine Learning","Amplify"],"max_hp_per_floor":[75,75,75,75,75,80,80,80,80,80,80,80,80,80,80,80,80,80,80,80,80,80,80],"relics":["Cracked Core","Matryoshka","Centennial Puzzle","Art of War","Toolbox","Orichalcum","Molten Egg 2","Inserter"],"card_choices":[{"not_picked":["Coolheaded","Sweeping Beam"],"picked":"Storm","floor":1},{"not_picked":["Beam Cell","Hello World"],"picked":"FTL","floor":2},{"not_picked":["Compile Driver","Steam","Go for the Eyes"],"picked":"SKIP","floor":5},{"not_picked":["Gash","Stack"],"picked":"Undo","floor":6},{"not_picked":["FTL","Compile Driver"],"picked":"Consume","floor":12},{"not_picked":["Stack","Cold Snap","Compile Driver"],"picked":"SKIP","floor":13},{"not_picked":["Undo","Turbo"],"picked":"Melter+1","floor":14},{"not_picked":["Multi-Cast","Biased Cognition"],"picked":"Machine Learning","floor":16},{"not_picked":["Go for the Eyes+1","Conserve Battery","Gash+1"],"picked":"SKIP","floor":18},{"not_picked":["Reprogram","Aggregate","Go for the Eyes+1"],"picked":"SKIP","floor":20},{"not_picked":["Ball Lightning+1","Beam Cell+1","Undo"],"picked":"SKIP","floor":21}],"player_experience":322993,"potions_floor_usage":[6,13,16],"damage_taken":[{"damage":0,"enemies":"Small Slimes","floor":1,"turns":4},{"damage":5,"enemies":"2 Louse","floor":2,"turns":3},{"damage":6,"enemies":"Jaw Worm","floor":5,"turns":2},{"damage":27,"enemies":"3 Sentries","floor":6,"turns":9},{"damage":0,"enemies":"Blue Slaver","floor":12,"turns":4},{"damage":4,"enemies":"Lagavulin","floor":13,"turns":6},{"damage":21,"enemies":"Exordium Thugs","floor":14,"turns":4},{"damage":0,"enemies":"Slime Boss","floor":16,"turns":7},{"damage":36,"enemies":"3 Byrds","floor":18,"turns":4},{"damage":5,"enemies":"Chosen","floor":20,"turns":5},{"damage":30,"enemies":"Centurion and Healer","floor":21,"turns":9},{"damage":22,"enemies":"Book of Stabbing","floor":23,"turns":3}],"relics_obtained":[{"floor":4,"key":"Matryoshka"},{"floor":6,"key":"Centennial Puzzle"},{"floor":9,"key":"Art of War"},{"floor":9,"key":"Toolbox"},{"floor":13,"key":"Molten Egg 2"}],"event_choices":[{"event_name":"Liars Game","player_choice":"disagreed","floor":3,"damage_taken":0},{"event_name":"Drug Dealer","player_choice":"Ignored","floor":19,"damage_taken":0},{"event_name":"Transmorgrifier","player_choice":"Transform","floor":22,"damage_taken":0}],"boss_relics":[{"not_picked":["Runic Pyramid","Cursed Key"],"picked":"Inserter"}],"items_purged_floors":[],"potions_floor_spawned":[2,5,14,21],"seed_played":"-4858652505157933943","killed_by":"Book of Stabbing","ascension_level":0,"potions_obtained":[{"floor":2,"key":"Fruit Juice"},{"floor":5,"key":"Block Potion"},{"floor":14,"key":"Dexterity Potion"},{"floor":21,"key":"Ancient Potion"}],"is_trial":false}