{"path_per_floor":["M","M","M","M","$","E","$","R","T","M","M","M","M","M","R"],"character_chosen":"DEFECT","items_purchased":["Heatsinks"],"gold_per_floor":[118,133,146,162,10,38,38,38,38,48,66,83,98,110,110,110],"floor_reached":16,"campfire_rested":2,"playtime":585,"item_purchase_floors":[5],"current_hp_per_floor":[75,75,71,47,47,21,21,43,43,19,7,7,2,2,24,0],"items_purged":["Strike_B"],"gold":110,"score":108,"play_id":"599310e1-d444-41b0-872f-a889e810166c","local_time":"20180621150753","is_prod":false,"is_daily":false,"chose_seed":false,"is_ascension_mode":false,"campfire_upgraded":0,"win_rate":0,"timestamp":1529586473,"campfire_choices":[{"floor":8,"key":"REST"},{"floor":15,"key":"REST"}],"path_taken":["M","M","M","M","?","E","$","R","T","M","M","M","M","M","R","BOSS"],"build_version":"2018-06-14v2","seed_source_timestamp":5448659416865,"purchased_purges":1,"victory":false,"master_deck":["Strike_B","Strike_B","Strike_B","Defend_B","Defend_B","Defend_B","Defend_B","Zap","Dualcast","Tempest","Static Discharge","Heatsinks","Heatsinks","Reprogram","Double Energy"],"max_hp_per_floor":[75,75,75,75,75,75,75,75,75,75,75,75,75,75,75,75],"relics":["Cracked Core","Symbiotic Virus","Ice Cream"],"card_choices":[{"not_picked":["Compile Driver","Ball Lightning"],"picked":"Tempest","floor":1},{"not_picked":["Aggregate","Coolheaded","Rebound"],"picked":"SKIP","floor":2},{"not_picked":["Ball Lightning","Coolheaded","Compile Driver"],"picked":"SKIP","floor":3},{"not_picked":["Ball Lightning","Compile Driver"],"picked":"Static Discharge","floor":4},{"not_picked":["Leap","Gash","Rainbow"],"picked":"SKIP","floor":6},{"not_picked":["Coolheaded","Glacier"],"picked":"Heatsinks","floor":10},{"not_picked":["Compile Driver","Go for the Eyes","Barrage"],"picked":"SKIP","floor":11},{"not_picked":["Coolheaded","Gash"],"picked":"Reprogram","floor":12},{"not_picked":["Steam","Redo","Barrage"],"picked":"SKIP","floor":13},{"not_picked":["Stack","Go for the Eyes"],"picked":"Double Energy","floor":14}],"player_experience":366666,"potions_floor_usage":[12,12,13,14,16],"damage_taken":[{"damage":0,"enemies":"Cultist","floor":1,"turns":4},{"damage":0,"enemies":"2 Louse","floor":2,"turns":2},{"damage":4,"enemies":"Jaw Worm","floor":3,"turns":4},{"damage":24,"enemies":"Large Slime","floor":4,"turns":6},{"damage":26,"enemies":"Lagavulin","floor":6,"turns":7},{"damage":24,"enemies":"Gremlin Gang","floor":10,"turns":3},{"damage":12,"enemies":"2 Fungi Beasts","floor":11,"turns":4},{"damage":0,"enemies":"Exordium Thugs","floor":12,"turns":2},{"damage":5,"enemies":"3 Louse","floor":13,"turns":3},{"damage":0,"enemies":"Exordium Wildlife","floor":14,"turns":4},{"damage":35,"enemies":"Slime Boss","floor":16,"turns":3}],"relics_obtained":[{"floor":6,"key":"Symbiotic Virus"},{"floor":9,"key":"Ice Cream"}],"event_choices":[],"boss_relics":[],"items_purged_floors":[5],"is_endless":false,"potions_floor_spawned":[1,10,11,13,14],"seed_played":"-3422377082924106921","killed_by":"Slime Boss","ascension_level":0,"potions_obtained":[{"floor":1,"key":"EssenceOfSteel"},{"floor":10,"key":"AttackPotion"},{"floor":11,"key":"Explosive Potion"},{"floor":13,"key":"GamblersBrew"},{"floor":14,"key":"Swift Potion"}],"is_trial":false}