{"gold_per_floor":[109,129,19,32,43,76,76,108,134,134,146,161,161,178,178,279,279,295,394,405,41,41,67,79,110,122,166,190,236,248,274,286,402,414,440,468,495,507,519,559,571,615,627,673,206,226,5,35,35,35],"floor_reached":51,"playtime":2734,"items_purged":["Strike_B","Strike_B","Strike_B","Defend_B"],"score":1171,"play_id":"118cae67-7b66-4375-b6b0-7ec85e2b23c0","local_time":"20190112032145","is_ascension_mode":true,"campfire_choices":[{"data":"Defragment","floor":7,"key":"SMITH"},{"floor":10,"key":"REST"},{"floor":15,"key":"REST"},{"floor":32,"key":"REST"},{"floor":41,"key":"REST"},{"data":"Defragment","floor":49,"key":"SMITH"}],"neow_cost":"NONE","seed_source_timestamp":251849271977033,"circlet_count":0,"master_deck":["Defend_B","Defend_B+1","Defend_B+1","Zap","Dualcast","Coolheaded","Defragment+1","Skim","Static Discharge","Static Discharge","Static Discharge","Seek","Electrodynamics","Steam+1","Capacitor","Barrage","Defragment+1","Force Field","Steam+1","Echo Form","Discovery","Cold Snap+1","Conserve Battery+1","Capacitor","Defragment+1","Capacitor","Self Repair","Loop"],"relics":["FrozenCore","Dodecahedron","Smiling Mask","War Paint","NlothsMask","Meat on the Bone","MawBank","Singing Bowl","Bottled Lightning","Sozu","The Courier","Bird Faced Urn","Bronze Scales","Orichalcum","Bottled Tornado","Lee\u0027s Waffle","Omamori"],"potions_floor_usage":[6,14,16,27,29,37],"damage_taken":[{"damage":4,"enemies":"Small Slimes","floor":1,"turns":3},{"damage":0,"enemies":"Cultist","floor":2,"turns":4},{"damage":7,"enemies":"2 Louse","floor":4,"turns":2},{"damage":4,"enemies":"Looter","floor":5,"turns":4},{"damage":15,"enemies":"Lagavulin","floor":6,"turns":7},{"damage":24,"enemies":"3 Sentries","floor":8,"turns":8},{"damage":20,"enemies":"Exordium Thugs","floor":11,"turns":6},{"damage":13,"enemies":"3 Louse","floor":12,"turns":4},{"damage":0,"enemies":"2 Fungi Beasts","floor":14,"turns":2},{"damage":33,"enemies":"Slime Boss","floor":16,"turns":9},{"damage":13,"enemies":"Chosen","floor":18,"turns":7},{"damage":6,"enemies":"Spheric Guardian","floor":20,"turns":5},{"damage":24,"enemies":"Book of Stabbing","floor":23,"turns":5},{"damage":20,"enemies":"3 Cultists","floor":25,"turns":4},{"damage":9,"enemies":"Gremlin Leader","floor":27,"turns":6},{"damage":0,"enemies":"Centurion and Healer","floor":28,"turns":8},{"damage":26,"enemies":"Slavers","floor":29,"turns":4},{"damage":20,"enemies":"Snake Plant","floor":31,"turns":4},{"damage":29,"enemies":"Automaton","floor":33,"turns":11},{"damage":30,"enemies":"3 Darklings","floor":35,"turns":3},{"damage":0,"enemies":"Orb Walker","floor":36,"turns":4},{"damage":22,"enemies":"Maw","floor":37,"turns":7},{"damage":36,"enemies":"Giant Head","floor":40,"turns":9},{"damage":48,"enemies":"Nemesis","floor":42,"turns":9},{"damage":25,"enemies":"Reptomancer","floor":44,"turns":6},{"damage":45,"enemies":"Transient","floor":46,"turns":5},{"damage":0,"enemies":"Giant Head","floor":48,"turns":11},{"damage":28,"enemies":"Time Eater","floor":50,"turns":12}],"seed_played":"-1082641350464274482","potions_obtained":[{"floor":1,"key":"AttackPotion"},{"floor":8,"key":"Fire Potion"},{"floor":11,"key":"Energy Potion"},{"floor":12,"key":"SteroidPotion"},{"floor":16,"key":"FearPotion"},{"floor":18,"key":"EssenceOfSteel"},{"floor":27,"key":"Block Potion"},{"floor":28,"key":"Dexterity Potion"}],"is_trial":false,"path_per_floor":["M","M","$","M","M","E","R","E","T","R","M","M","?","M","R","B",null,"M","?","M","$","?","E","?","M","T","E","M","E","?","M","R","B",null,"M","M","M","?","?","E","R","E","T","E","$","M","$","E","R","B",null],"character_chosen":"DEFECT","items_purchased":["Defragment","Capacitor","Meat on the Bone","Bottled Tornado","Lee\u0027s Waffle","Capacitor","Defragment","Capacitor","Self Repair"],"campfire_rested":4,"item_purchase_floors":[3,21,21,45,45,45,47,47,47],"current_hp_per_floor":[71,71,71,64,60,45,45,21,21,45,25,12,12,12,36,3,62,49,49,43,43,43,31,31,23,23,26,38,26,26,20,45,28,72,56,58,50,50,50,26,53,19,19,30,101,76,76,103,103,103],"gold":35,"neow_bonus":"TEN_PERCENT_HP_BONUS","is_prod":false,"is_daily":false,"chose_seed":false,"campfire_upgraded":2,"win_rate":0,"timestamp":1547259705,"path_taken":["M","M","$","M","M","E","R","E","T","R","M","M","?","M","R","BOSS","M","?","M","$","?","E","?","M","T","E","?","E","?","M","R","BOSS","M","M","M","?","?","E","R","E","T","E","$","M","$","E","R","BOSS"],"build_version":"2019-01-10","purchased_purges":4,"victory":true,"max_hp_per_floor":[82,82,82,82,82,82,82,82,82,82,82,82,82,82,82,82,82,82,82,82,82,82,82,82,82,82,82,82,84,84,86,86,86,86,88,90,92,92,92,92,92,94,94,94,101,103,103,103,103,103],"card_choices":[{"not_picked":["Doom and Gloom","Turbo"],"picked":"Coolheaded","floor":1},{"not_picked":["Turbo","Hologram","Darkness"],"picked":"SKIP","floor":2},{"not_picked":["Stack","Ball Lightning","Tempest"],"picked":"SKIP","floor":4},{"not_picked":["Chaos","Ball Lightning","Coolheaded"],"picked":"SKIP","floor":5},{"not_picked":["Ball Lightning","Sweeping Beam"],"picked":"Skim","floor":6},{"not_picked":["Rip and Tear","Gash"],"picked":"Static Discharge","floor":8},{"not_picked":["Conserve Battery","Sweeping Beam"],"picked":"Static Discharge","floor":11},{"not_picked":["Force Field","Storm"],"picked":"Static Discharge","floor":12},{"not_picked":["Go for the Eyes","Reprogram"],"picked":"Seek","floor":14},{"not_picked":["Amplify","Multi-Cast"],"picked":"Electrodynamics","floor":16},{"not_picked":["Sweeping Beam+1","Beam Cell+1"],"picked":"Steam+1","floor":18},{"not_picked":["Chaos","Ball Lightning+1","Reboot"],"picked":"SKIP","floor":20},{"not_picked":["Go for the Eyes","Streamline"],"picked":"Barrage","floor":23},{"not_picked":["Skim","Core Surge","Rebound"],"picked":"SKIP","floor":25},{"not_picked":["Hologram","Leap"],"picked":"Force Field","floor":27},{"not_picked":["Gash","Genetic Algorithm+1"],"picked":"Steam+1","floor":28},{"not_picked":["Streamline","Cold Snap","Sweeping Beam"],"picked":"Singing Bowl","floor":29},{"not_picked":["Stack+1","Leap","Gash+1"],"picked":"Singing Bowl","floor":31},{"not_picked":["Electrodynamics","All For One"],"picked":"Echo Form","floor":33},{"not_picked":["Hologram+1","Rebound","Steam+1"],"picked":"Singing Bowl","floor":35},{"not_picked":["Beam Cell+1","Stack","Coolheaded"],"picked":"Singing Bowl","floor":36},{"not_picked":["Tempest+1","Steam+1","Coolheaded+1"],"picked":"Singing Bowl","floor":37},{"not_picked":["Panacea","Purity"],"picked":"Discovery","floor":39},{"not_picked":["Auto Shields","Doom and Gloom"],"picked":"Cold Snap+1","floor":40},{"not_picked":["Amplify","Doom and Gloom","Cold Snap"],"picked":"Singing Bowl","floor":42},{"not_picked":["Hologram+1","Recycle+1"],"picked":"Conserve Battery+1","floor":44},{"not_picked":["Turbo+1","Sunder","Steam"],"picked":"Singing Bowl","floor":46},{"not_picked":["Consume+1","Double Energy"],"picked":"Loop","floor":48}],"player_experience":672204,"relics_obtained":[{"floor":6,"key":"Dodecahedron"},{"floor":8,"key":"Smiling Mask"},{"floor":9,"key":"War Paint"},{"floor":23,"key":"MawBank"},{"floor":27,"key":"Singing Bowl"},{"floor":29,"key":"Bottled Lightning"},{"floor":40,"key":"The Courier"},{"floor":42,"key":"Bird Faced Urn"},{"floor":43,"key":"Bronze Scales"},{"floor":44,"key":"Orichalcum"},{"floor":48,"key":"Omamori"}],"event_choices":[{"damage_healed":0,"gold_gain":0,"player_choice":"Trade","damage_taken":0,"relics_obtained":["NlothsMask"],"max_hp_gain":0,"max_hp_loss":0,"event_name":"FaceTrader","floor":13,"gold_loss":0},{"damage_healed":0,"gold_gain":99,"player_choice":"Stole From Cult","damage_taken":0,"max_hp_gain":0,"max_hp_loss":0,"event_name":"Nest","floor":19,"gold_loss":0},{"damage_healed":0,"gold_gain":0,"player_choice":"Ignored","damage_taken":0,"max_hp_gain":0,"max_hp_loss":0,"event_name":"The Mausoleum","floor":22,"gold_loss":0},{"damage_healed":0,"gold_gain":0,"player_choice":"Copied","damage_taken":0,"max_hp_gain":0,"max_hp_loss":0,"event_name":"Duplicator","floor":24,"gold_loss":0,"cards_obtained":["Defragment"]},{"cards_removed":["Strike_B"],"damage_healed":0,"gold_gain":0,"player_choice":"Elegance","damage_taken":0,"max_hp_gain":0,"max_hp_loss":0,"event_name":"Back to Basics","floor":30,"gold_loss":0},{"damage_healed":0,"gold_gain":0,"player_choice":"Ignored","damage_taken":0,"max_hp_gain":0,"max_hp_loss":0,"event_name":"Tomb of Lord Red Mask","floor":38,"gold_loss":0},{"damage_healed":0,"gold_gain":0,"player_choice":"Memory 1","damage_taken":0,"max_hp_gain":0,"max_hp_loss":0,"event_name":"SensoryStone","floor":39,"gold_loss":0}],"is_beta":false,"boss_relics":[{"not_picked":["Lizard Tail","Busted Crown"],"picked":"FrozenCore"},{"not_picked":["Cursed Key","Fusion Hammer"],"picked":"Sozu"}],"items_purged_floors":[3,21,45,47],"is_endless":false,"potions_floor_spawned":[1,8,11,12,16,18,27,28,36,37,40,46],"ascension_level":7}