{"gold_per_floor":[111,130,144,144,157,157,182,196,196,223,274,307,320,330,330,429,429,446,361,371,382,307,307,333,362,374,406,434,446],"floor_reached":29,"playtime":1184,"items_purged":[],"score":366,"play_id":"ee2b7fc7-2700-41b7-ae2f-e2ee4442f968","local_time":"20190111031202","is_ascension_mode":true,"campfire_choices":[{"data":"Streamline","floor":6,"key":"SMITH"},{"data":"Capacitor","floor":15,"key":"SMITH"},{"data":"Barrage","floor":23,"key":"SMITH"}],"neow_cost":"NONE","seed_source_timestamp":166414566283179,"circlet_count":0,"master_deck":["Strike_B","Strike_B","Strike_B","Defend_B","Defend_B","Defend_B","Defend_B","Zap","Dualcast","Redo","Coolheaded","FTL","Streamline+1","Rebound","Cold Snap","Barrage+1","Blizzard","Capacitor+1","Chill","Core Surge","Blizzard","Hologram+1","Compile Driver+1","Self Repair"],"relics":["Cracked Core","Happy Flower","Meat on the Bone","Matryoshka","Mercury Hourglass","Sozu","Calipers","MawBank","Omamori","Torii"],"potions_floor_usage":[10,25,28],"damage_taken":[{"damage":1,"enemies":"Cultist","floor":1,"turns":4},{"damage":4,"enemies":"Jaw Worm","floor":2,"turns":4},{"damage":2,"enemies":"2 Louse","floor":3,"turns":2},{"damage":2,"enemies":"Exordium Wildlife","floor":5,"turns":6},{"damage":27,"enemies":"3 Sentries","floor":7,"turns":6},{"damage":7,"enemies":"2 Fungi Beasts","floor":8,"turns":3},{"damage":9,"enemies":"Gremlin Nob","floor":10,"turns":4},{"damage":13,"enemies":"3 Sentries","floor":12,"turns":7},{"damage":7,"enemies":"Exordium Thugs","floor":13,"turns":4},{"damage":2,"enemies":"Looter","floor":14,"turns":3},{"damage":23,"enemies":"The Guardian","floor":16,"turns":11},{"damage":0,"enemies":"3 Byrds","floor":18,"turns":4},{"damage":16,"enemies":"Spheric Guardian","floor":20,"turns":4},{"damage":0,"enemies":"Snecko","floor":21,"turns":4},{"damage":24,"enemies":"Gremlin Leader","floor":24,"turns":6},{"damage":38,"enemies":"Snake Plant","floor":25,"turns":4},{"damage":1,"enemies":"3 Cultists","floor":27,"turns":4},{"damage":15,"enemies":"Snecko","floor":28,"turns":4},{"damage":39,"enemies":"Slavers","floor":29,"turns":2}],"seed_played":"-6746040406851289036","potions_obtained":[{"floor":2,"key":"FairyPotion"},{"floor":7,"key":"PowerPotion"},{"floor":13,"key":"SneckoOil"},{"floor":16,"key":"Energy Potion"}],"is_trial":false,"path_per_floor":["M","M","M","?","M","R","E","M","T","E","?","E","M","M","R","B",null,"M","?","M","M","?","R","E","M","T","M","M","E"],"character_chosen":"DEFECT","items_purchased":[],"campfire_rested":0,"item_purchase_floors":[],"current_hp_per_floor":[74,70,68,68,66,66,39,32,32,35,35,34,39,49,49,38,71,71,71,55,55,55,55,43,17,17,28,25,0],"gold":446,"neow_bonus":"TEN_PERCENT_HP_BONUS","is_prod":false,"is_daily":false,"chose_seed":false,"campfire_upgraded":3,"win_rate":0,"timestamp":1547172722,"path_taken":["M","M","M","?","M","R","E","M","T","E","?","E","M","M","R","BOSS","M","?","M","M","?","R","E","M","T","?","M","E"],"build_version":"2019-01-03v4","purchased_purges":0,"victory":false,"max_hp_per_floor":[82,82,82,82,82,82,82,82,82,82,82,82,82,82,82,82,82,82,82,82,82,82,82,82,82,82,82,82,82],"card_choices":[{"not_picked":["Rebound","Go for the Eyes"],"picked":"Redo","floor":1},{"not_picked":["Melter","Ball Lightning"],"picked":"Coolheaded","floor":2},{"not_picked":["Reinforced Body","Barrage"],"picked":"FTL","floor":3},{"not_picked":["Coolheaded","Go for the Eyes"],"picked":"Streamline","floor":5},{"not_picked":["Leap","Ball Lightning"],"picked":"Rebound","floor":7},{"not_picked":["Sweeping Beam","Ball Lightning"],"picked":"Cold Snap","floor":8},{"not_picked":["FTL","Cold Snap"],"picked":"Barrage","floor":10},{"not_picked":["Beam Cell","Hyperbeam"],"picked":"Blizzard","floor":12},{"not_picked":["Streamline","Storm"],"picked":"Capacitor","floor":13},{"not_picked":["Rebound","Barrage"],"picked":"Chill","floor":14},{"not_picked":["Thunder Strike","Hyperbeam"],"picked":"Core Surge","floor":16},{"not_picked":["Aggregate+1","Turbo"],"picked":"Blizzard","floor":18},{"not_picked":["Rip and Tear","Genetic Algorithm"],"picked":"Hologram+1","floor":20},{"not_picked":["Hologram+1","Gash+1","Darkness"],"picked":"SKIP","floor":21},{"not_picked":["Stack+1","Consume","Chaos+1"],"picked":"SKIP","floor":24},{"not_picked":["Steam Power","Storm"],"picked":"Compile Driver+1","floor":25},{"not_picked":["Turbo","Gash","Scrape+1"],"picked":"SKIP","floor":27},{"not_picked":["Sweeping Beam","Gash+1"],"picked":"Self Repair","floor":28}],"player_experience":662247,"relics_obtained":[{"floor":7,"key":"Happy Flower"},{"floor":9,"key":"Meat on the Bone"},{"floor":10,"key":"Matryoshka"},{"floor":12,"key":"Mercury Hourglass"},{"floor":24,"key":"MawBank"},{"floor":26,"key":"Omamori"},{"floor":26,"key":"Torii"}],"event_choices":[{"damage_healed":0,"gold_gain":0,"player_choice":"Ignored","damage_taken":0,"max_hp_gain":0,"max_hp_loss":0,"event_name":"Liars Game","floor":4,"gold_loss":0},{"damage_healed":0,"gold_gain":51,"player_choice":"Gained Gold","damage_taken":0,"max_hp_gain":0,"max_hp_loss":0,"event_name":"Golden Wing","floor":11,"gold_loss":0},{"damage_healed":0,"gold_gain":0,"player_choice":"Obtained Relic","damage_taken":0,"relics_obtained":["Calipers"],"max_hp_gain":0,"max_hp_loss":0,"event_name":"Addict","floor":19,"gold_loss":85},{"cards_removed":["Strike_B"],"damage_healed":0,"gold_gain":0,"player_choice":"Gave Gold","damage_taken":0,"max_hp_gain":0,"max_hp_loss":0,"event_name":"Beggar","floor":22,"gold_loss":75}],"is_beta":false,"boss_relics":[{"not_picked":["Empty Cage","Coffee Dripper"],"picked":"Sozu"}],"items_purged_floors":[],"is_endless":false,"potions_floor_spawned":[2,7,13,16,21,25,27],"killed_by":"Slavers","ascension_level":7}