{"path_per_floor":["M","M","M","M","?","E","M","E","T","?","M","M"],"character_chosen":"DEFECT","items_purchased":[],"gold_per_floor":[109,124,136,152,129,163,183,215,515,515,532,546,531],"floor_reached":13,"campfire_rested":0,"playtime":411,"item_purchase_floors":[],"current_hp_per_floor":[75,68,57,50,50,42,29,15,15,15,11,8,0],"items_purged":[],"gold":531,"score":109,"play_id":"9508a095-e2dd-4427-b6b3-18199ee753c5","local_time":"20180622002620","is_prod":false,"is_daily":false,"chose_seed":false,"is_ascension_mode":true,"campfire_upgraded":0,"win_rate":0,"timestamp":1529619980,"campfire_choices":[],"path_taken":["M","M","M","M","?","E","M","E","T","?","M","M","?"],"build_version":"2018-06-14v2","seed_source_timestamp":39129419776920,"purchased_purges":0,"victory":false,"master_deck":["Strike_B","Strike_B","Strike_B","Strike_B","Defend_B","Defend_B","Defend_B","Defend_B","Zap+1","Dualcast","Rip and Tear","Streamline","FTL","Sunder","Electrodynamics","Zap"],"max_hp_per_floor":[75,75,75,75,75,75,75,75,75,75,75,75,75],"relics":["Cracked Core","DataDisk","Bag of Preparation","Old Coin"],"card_choices":[{"not_picked":["Reprogram","Beam Cell"],"picked":"Rip and Tear","floor":1},{"not_picked":["Turbo","Sweeping Beam","Steam"],"picked":"SKIP","floor":2},{"not_picked":["Barrage","Redo","Sweeping Beam"],"picked":"SKIP","floor":3},{"not_picked":["Conserve Battery","Meteor Strike"],"picked":"Streamline","floor":4},{"not_picked":["Aggregate","Multi-Cast"],"picked":"FTL","floor":6},{"not_picked":["Rebound","Go for the Eyes"],"picked":"Sunder","floor":7},{"not_picked":["Cold Snap","Heatsinks"],"picked":"Electrodynamics","floor":8},{"not_picked":["Conserve Battery","Beam Cell","Genetic Algorithm"],"picked":"SKIP","floor":11},{"not_picked":["Darkness","Fusion","Gash"],"picked":"SKIP","floor":12}],"player_experience":382147,"potions_floor_usage":[6,11,12,13],"damage_taken":[{"damage":0,"enemies":"Small Slimes","floor":1,"turns":2},{"damage":7,"enemies":"Jaw Worm","floor":2,"turns":2},{"damage":11,"enemies":"2 Louse","floor":3,"turns":2},{"damage":7,"enemies":"Looter","floor":4,"turns":3},{"damage":8,"enemies":"Gremlin Nob","floor":6,"turns":3},{"damage":13,"enemies":"Exordium Thugs","floor":7,"turns":4},{"damage":14,"enemies":"3 Sentries","floor":8,"turns":5},{"damage":4,"enemies":"Red Slaver","floor":11,"turns":3},{"damage":3,"enemies":"Large Slime","floor":12,"turns":3},{"damage":11,"enemies":"Exordium Thugs","floor":13,"turns":1}],"relics_obtained":[{"floor":6,"key":"DataDisk"},{"floor":8,"key":"Bag of Preparation"},{"floor":9,"key":"Old Coin"}],"event_choices":[{"event_name":"World of Goop","player_choice":"Left","floor":5,"damage_taken":0},{"event_name":"Match and Keep!","player_choice":"1 cards matched","floor":10,"damage_taken":0}],"boss_relics":[],"items_purged_floors":[],"is_endless":false,"potions_floor_spawned":[1,3,7,11],"seed_played":"-767604478806624216","killed_by":"Exordium Thugs","ascension_level":2,"potions_obtained":[{"floor":1,"key":"SpeedPotion"},{"floor":3,"key":"SteroidPotion"},{"floor":7,"key":"Swift Potion"},{"floor":11,"key":"AttackPotion"}],"is_trial":false}