{"gold_per_floor":[119,119,119,137,151,191,141,141,166,187,187,200,216,216,216,339,339,362,362,387,406,259,259,302,302,302,401,401,401,401,420,420,550,550,571,595,77,0,25,25,25],"floor_reached":41,"playtime":4065,"items_purged":[],"score":432,"play_id":"a9b61c4d-497d-41e5-ad7d-81002042662f","local_time":"20190214120932","is_ascension_mode":true,"campfire_choices":[{"floor":8,"key":"REST"},{"floor":15,"key":"REST"},{"floor":23,"key":"REST"},{"floor":28,"key":"REST"},{"floor":32,"key":"REST"},{"floor":40,"key":"REST"}],"neow_cost":"PERCENT_DAMAGE","seed_source_timestamp":396070105138,"circlet_count":0,"master_deck":["Defend_G+1","Defend_G+1","Defend_G+1","Strike_G+1","Strike_G+1","Strike_G+1","Neutralize","Flying Knee","Quick Slash","Flying Knee+1","Bouncing Flask","Deadly Poison","Deadly Poison","Corpse Explosion","Cloak And Dagger+1","Predator+1","Finisher+1","Backflip","Burst","Unload+1","Reflex+1","Riddle With Holes+1","Sucker Punch+1","Backstab","Backstab"],"relics":["Ring of the Snake","Golden Idol","Whetstone","Omamori","Lizard Tail","PreservedInsect","Lantern","Unceasing Top","MutagenicStrength","Nunchaku","Astrolabe","Toy Ornithopter","Frozen Egg 2","Red Mask"],"potions_floor_usage":[6,33,39,41],"damage_taken":[{"damage":0,"enemies":"2 Louse","floor":1,"turns":3},{"damage":0,"enemies":"Cultist","floor":4,"turns":4},{"damage":0,"enemies":"Jaw Worm","floor":5,"turns":3},{"damage":20,"enemies":"3 Sentries","floor":6,"turns":9},{"damage":0,"enemies":"3 Louse","floor":10,"turns":3},{"damage":5,"enemies":"Lots of Slimes","floor":12,"turns":5},{"damage":5,"enemies":"Looter","floor":13,"turns":3},{"damage":25,"enemies":"Hexaghost","floor":16,"turns":8},{"damage":21,"enemies":"Chosen","floor":18,"turns":5},{"damage":6,"enemies":"Shell Parasite","floor":20,"turns":5},{"damage":16,"enemies":"Snecko","floor":21,"turns":4},{"damage":36,"enemies":"Book of Stabbing","floor":24,"turns":6},{"damage":8,"enemies":"Centurion and Healer","floor":31,"turns":5},{"damage":60,"enemies":"Automaton","floor":33,"turns":10},{"damage":14,"enemies":"3 Shapes","floor":35,"turns":3},{"damage":11,"enemies":"3 Darklings","floor":36,"turns":3},{"damage":30,"enemies":"Maw","floor":39,"turns":7},{"damage":51,"enemies":"Spire Growth","floor":41,"turns":4}],"seed_played":"6451150920537910111","potions_obtained":[{"floor":1,"key":"SpeedPotion"},{"floor":5,"key":"PowerPotion"},{"floor":6,"key":"Ancient Potion"},{"floor":11,"key":"SmokeBomb"},{"floor":35,"key":"GamblersBrew"}],"is_trial":false,"path_per_floor":["M","?","?","M","M","E","?","R","T","M","?","M","M","$","R","B",null,"M","?","M","M","$","R","E","?","T","?","R","?","T","M","R","B",null,"M","M","$","?","M","R","M"],"character_chosen":"THE_SILENT","items_purchased":["PreservedInsect","Backstab","Toy Ornithopter","Frozen Egg 2"],"campfire_rested":6,"item_purchase_floors":[22,37,37,37],"current_hp_per_floor":[49,32,32,32,32,12,12,33,33,33,33,28,23,23,44,19,70,49,49,43,27,27,48,12,12,12,12,33,33,33,25,46,33,70,56,45,45,45,20,41,0],"gold":25,"neow_bonus":"REMOVE_TWO","is_prod":false,"is_daily":false,"chose_seed":false,"campfire_upgraded":0,"win_rate":0,"timestamp":1550167772,"path_taken":["M","?","?","M","?","E","?","R","T","M","?","?","M","$","R","BOSS","M","?","M","M","$","R","E","?","T","?","R","?","?","M","R","BOSS","M","M","$","?","M","R","M"],"build_version":"2019-01-23","purchased_purges":0,"victory":false,"max_hp_per_floor":[70,70,70,70,70,70,70,70,70,70,70,70,70,70,70,70,70,70,70,70,70,70,70,70,70,70,70,70,70,70,70,70,70,70,70,70,70,70,70,70,70],"card_choices":[{"not_picked":["Well Laid Plans","Bane"],"picked":"Flying Knee","floor":1},{"not_picked":["Dagger Throw","Choke"],"picked":"Quick Slash","floor":4},{"not_picked":["Deflect","Prepared"],"picked":"Flying Knee","floor":5},{"not_picked":["Reflex","Acrobatics"],"picked":"Concentrate","floor":6},{"not_picked":["Sucker Punch","Endless Agony"],"picked":"Bouncing Flask","floor":10},{"not_picked":["Well Laid Plans","Sucker Punch"],"picked":"Deadly Poison","floor":12},{"not_picked":["Calculated Gamble","Bane"],"picked":"Deadly Poison","floor":13},{"not_picked":["Envenom","Malaise"],"picked":"Corpse Explosion","floor":16},{"not_picked":["Poisoned Stab","Dagger Throw"],"picked":"Deadly Poison","floor":18},{"not_picked":["Prepared+1","Dagger Throw"],"picked":"Cloak And Dagger+1","floor":20},{"not_picked":["Bouncing Flask","Acrobatics"],"picked":"Predator+1","floor":21},{"not_picked":["Slice","Concentrate"],"picked":"Finisher+1","floor":24},{"not_picked":["Dagger Spray","Unload"],"picked":"Backflip","floor":31},{"not_picked":["Adrenaline","Grand Finale"],"picked":"Burst","floor":33},{"not_picked":["Cloak And Dagger","All Out Attack","Poisoned Stab"],"picked":"SKIP","floor":35},{"not_picked":["Outmaneuver","Quick Slash"],"picked":"Sucker Punch+1","floor":36},{"not_picked":["Burst","Blade Dance"],"picked":"Backstab","floor":39}],"player_experience":103519,"relics_obtained":[{"floor":6,"key":"Whetstone"},{"floor":9,"key":"Omamori"},{"floor":24,"key":"Lantern"},{"floor":26,"key":"Unceasing Top"},{"floor":30,"key":"Nunchaku"}],"event_choices":[{"damage_healed":0,"gold_gain":0,"player_choice":"Take Damage","damage_taken":17,"relics_obtained":["Golden Idol"],"max_hp_gain":0,"max_hp_loss":0,"event_name":"Golden Idol","floor":2,"gold_loss":0},{"cards_removed":["Defend_G"],"damage_healed":0,"gold_gain":0,"player_choice":"Purged","damage_taken":0,"max_hp_gain":0,"max_hp_loss":0,"event_name":"Purifier","floor":3,"gold_loss":0},{"cards_removed":["Defend_G"],"damage_healed":0,"gold_gain":0,"player_choice":"Card Removal","damage_taken":0,"max_hp_gain":0,"max_hp_loss":0,"event_name":"The Cleric","floor":7,"gold_loss":50},{"damage_healed":0,"gold_gain":0,"player_choice":"Got Potions","damage_taken":0,"max_hp_gain":0,"max_hp_loss":0,"event_name":"Lab","floor":11,"gold_loss":0},{"damage_healed":0,"gold_gain":0,"player_choice":"Simplicity","damage_taken":0,"max_hp_gain":0,"max_hp_loss":0,"event_name":"Back to Basics","floor":19,"gold_loss":0,"cards_upgraded":["Defend_G","Defend_G","Defend_G","Strike_G","Strike_G"]},{"damage_healed":0,"gold_gain":0,"player_choice":"Ignored","damage_taken":0,"max_hp_gain":0,"max_hp_loss":0,"event_name":"The Mausoleum","floor":25,"gold_loss":0},{"damage_healed":0,"gold_gain":99,"player_choice":"Stole From Cult","damage_taken":0,"max_hp_gain":0,"max_hp_loss":0,"event_name":"Nest","floor":27,"gold_loss":0},{"damage_healed":0,"gold_gain":0,"player_choice":"Inject Mutagens","damage_taken":0,"relics_obtained":["MutagenicStrength"],"max_hp_gain":0,"max_hp_loss":0,"event_name":"Drug Dealer","floor":29,"gold_loss":0},{"damage_healed":0,"gold_gain":0,"player_choice":"Paid","damage_taken":0,"relics_obtained":["Red Mask"],"max_hp_gain":0,"max_hp_loss":0,"event_name":"Tomb of Lord Red Mask","floor":38,"gold_loss":77}],"is_beta":false,"boss_relics":[{"not_picked":["Runic Dome","Ectoplasm"],"picked":"Lizard Tail"},{"not_picked":["Cursed Key","Busted Crown"],"picked":"Astrolabe"}],"items_purged_floors":[],"is_endless":false,"potions_floor_spawned":[1,5,6,13,18,24,31,35,36],"killed_by":"Spire Growth","ascension_level":1}