{"path_per_floor":["M","?","M","M","M","E","R","?","T","?","E","?","R","M","R","B",null,"M","?","?","?","$","E","?","M","T","E","M","M","M","?","R","B",null,"M","M","$","M","?","R","E","M","T","E","M","M","?","M","R"],"character_chosen":"IRONCLAD","items_purchased":["Body Slam","Enlightenment","Heavy Blade"],"gold_per_floor":[117,117,133,151,168,196,196,146,146,146,185,185,185,210,210,334,334,350,265,265,165,39,65,65,77,77,103,118,131,142,142,142,244,244,259,273,67,83,83,83,118,137,137,172,188,202,202,213,213],"floor_reached":50,"campfire_rested":0,"playtime":5773,"current_hp_per_floor":[80,80,80,80,80,65,65,65,65,45,34,34,34,38,38,8,80,80,80,80,80,80,80,80,80,80,78,78,62,73,73,73,53,83,83,66,66,73,73,73,53,53,53,54,51,39,28,38,38],"items_purged":["Strike_R"],"gold":213,"score":504,"play_id":"98bd88e1-6808-490c-bd7c-9752dba66652","is_prod":false,"is_daily":false,"is_ascension_mode":false,"campfire_upgraded":6,"path_taken":["M","?","M","M","M","E","R","?","T","?","E","?","R","M","R","BOSS","M","?","?","?","?","E","?","M","T","E","M","M","M","?","R","BOSS","M","M","$","M","?","R","E","M","T","E","M","M","?","M","R","BOSS"],"build_version":"2018-02-15-PROD1","purchased_purges":1,"victory":false,"master_deck":["Defend_R+1","Defend_R+1","Bash","Blood for Blood+1","Dual Wield+1","Shrug It Off","Iron Wave+1","Ghostly Armor+1","Spot Weakness","Immolate","Perfected Strike+1","Havoc+1","Disarm+1","Metallicize+1","J.A.X.","Body Slam+1","Flex+1","Burning Pact","Ghostly Armor","Limit Break+1","Metallicize","Enlightenment","Heavy Blade","Dropkick+1","Flame Barrier+1","Battle Trance+1","Madness","Madness"],"max_hp_per_floor":[80,80,80,80,80,80,80,80,80,80,80,80,80,80,80,80,80,80,80,80,80,80,80,80,80,80,83,83,83,83,83,83,83,83,83,83,83,83,83,83,85,85,85,85,85,87,87,89,89],"relics":["Burning Blood","Centennial Puzzle","Dead Branch","Bloody Idol","Juzu Bracelet","Astrolabe","Self Forming Clay","Red Skull","Charon\u0027s Ashes","Vajra","Runic Cube","Singing Bowl","Ice Cream","Oddly Smooth Stone"],"card_choices":[{"not_picked":["Thunderclap","Evolve"],"picked":"Blood for Blood"},{"not_picked":["Combust","Brutality"],"picked":"Dual Wield"},{"not_picked":["Havoc","Infernal Blade"],"picked":"Shrug It Off"},{"not_picked":["Hemokinesis","Wild Strike"],"picked":"Iron Wave"},{"not_picked":["Dropkick","Shockwave"],"picked":"Ghostly Armor"},{"not_picked":["Rampage","Inflame"],"picked":"Spot Weakness"},{"not_picked":["Double Tap","Bludgeon"],"picked":"Immolate"},{"not_picked":["Burning Pact","Clash"],"picked":"Metallicize"},{"not_picked":["Headbutt","Thunderclap"],"picked":"Flex"},{"not_picked":["Rage","Pommel Strike"],"picked":"Burning Pact"},{"not_picked":["Fire Breathing","Searing Blow"],"picked":"Ghostly Armor"},{"not_picked":["Exhume","Reaper"],"picked":"Limit Break"},{"not_picked":["Warcry","Clothesline"],"picked":"Metallicize"},{"not_picked":["Thunderclap","Headbutt"],"picked":"Dropkick"},{"not_picked":["Anger","Heavy Blade"],"picked":"Flame Barrier"},{"not_picked":["Havoc","Perfected Strike"],"picked":"Battle Trance"}],"player_experience":115615,"potions_floor_usage":[6,11,11,16,23,28,42,44,44,44,46],"damage_taken":[{"damage":0,"enemies":"2 Louse","floor":1,"turns":3},{"damage":3,"enemies":"Jaw Worm","floor":3,"turns":4},{"damage":3,"enemies":"Cultist","floor":4,"turns":5},{"damage":5,"enemies":"Looter","floor":5,"turns":4},{"damage":21,"enemies":"Gremlin Nob","floor":6,"turns":5},{"damage":17,"enemies":"Lagavulin","floor":11,"turns":13},{"damage":2,"enemies":"2 Fungi Beasts","floor":14,"turns":4},{"damage":36,"enemies":"Slime Boss","floor":16,"turns":12},{"damage":0,"enemies":"Shell Parasite","floor":18,"turns":8},{"damage":7,"enemies":"Slavers","floor":23,"turns":6},{"damage":10,"enemies":"3 Byrds","floor":25,"turns":7},{"damage":16,"enemies":"Book of Stabbing","floor":27,"turns":8},{"damage":11,"enemies":"Centurion and Healer","floor":28,"turns":8},{"damage":27,"enemies":"3 Cultists","floor":29,"turns":8},{"damage":0,"enemies":"Snecko","floor":30,"turns":6},{"damage":31,"enemies":"Champ","floor":33,"turns":10},{"damage":6,"enemies":"3 Darklings","floor":35,"turns":5},{"damage":29,"enemies":"Orb Walker","floor":36,"turns":6},{"damage":4,"enemies":"Sphere and 2 Shapes","floor":38,"turns":5},{"damage":33,"enemies":"Giant Head","floor":41,"turns":8},{"damage":26,"enemies":"3 Darklings","floor":42,"turns":7},{"damage":10,"enemies":"2 Orb Walkers","floor":44,"turns":4},{"damage":14,"enemies":"Maw","floor":45,"turns":7},{"damage":25,"enemies":"4 Shapes","floor":46,"turns":5},{"damage":3,"enemies":"3 Darklings","floor":48,"turns":7},{"damage":45,"enemies":"Donu and Deca","floor":50,"turns":7}],"event_choices":[{"event_name":"Living Wall","player_choice":"Grow","floor":2,"damage_taken":0},{"event_name":"The Cleric","player_choice":"Card Removal","floor":8,"damage_taken":0},{"event_name":"Golden Idol","player_choice":"Take Damage","floor":10,"damage_taken":0},{"event_name":"Purifier","player_choice":"One Purge","floor":12,"damage_taken":0},{"event_name":"Addict","player_choice":"Obtained Relic","floor":19,"damage_taken":0},{"event_name":"Forgotten Altar","player_choice":"Gave Idol","floor":20,"damage_taken":0},{"event_name":"Drug Dealer","player_choice":"Got JAXXED","floor":21,"damage_taken":0},{"event_name":"The Woman in Blue","player_choice":"Bought 0 Potions","floor":24,"damage_taken":0},{"event_name":"Back to Basics","player_choice":"Simplicity","floor":31,"damage_taken":0},{"event_name":"Purifier","player_choice":"One Purge","floor":39,"damage_taken":0},{"event_name":"Winding Halls","player_choice":"Embrace Madness","floor":47,"damage_taken":0}],"boss_relics":[{"not_picked":["Philosopher\u0027s Stone","Cursed Key"],"picked":"Astrolabe"},{"not_picked":["Runic Pyramid","Tiny House"],"picked":"Runic Cube"}],"potions_floor_spawned":[4,5,6,14,16,18,23,27,33,36,41,42,44],"seed_played":"7285874667029468246","killed_by":"Donu and Deca","ascension_level":0,"is_trial":false}