{"gold_per_floor":[10,25,25,44,60,60,79,79,79,79,106,130,142,169,181,193],"floor_reached":16,"playtime":519,"items_purged":[],"score":214,"play_id":"3b9fa0f3-aca4-4e92-aeaf-bae7cdac9983","local_time":"20190203133722","is_ascension_mode":true,"campfire_choices":[{"data":"Zap","floor":6,"key":"SMITH"},{"data":"Dualcast","floor":8,"key":"SMITH"},{"floor":10,"key":"DIG"},{"floor":15,"key":"DIG"}],"neow_cost":"NO_GOLD","seed_source_timestamp":856537053051700,"circlet_count":0,"master_deck":["AscendersBane","Strike_B","Strike_B","Strike_B","Strike_B","Defend_B","Defend_B","Defend_B","Defend_B","Zap+1","Dualcast+1","Sweeping Beam","FTL","Compile Driver","Blizzard","Melter","FTL"],"relics":["Cracked Core","Shovel","Gremlin Horn","Question Card","Bag of Marbles","MawBank","Anchor"],"potions_floor_usage":[4,11],"damage_taken":[{"damage":2,"enemies":"Jaw Worm","floor":1,"turns":3},{"damage":1,"enemies":"Cultist","floor":2,"turns":3},{"damage":2,"enemies":"2 Louse","floor":4,"turns":3},{"damage":0,"enemies":"Large Slime","floor":5,"turns":4},{"damage":7,"enemies":"Exordium Wildlife","floor":7,"turns":4},{"damage":18,"enemies":"Lagavulin","floor":11,"turns":7},{"damage":0,"enemies":"Looter","floor":14,"turns":1},{"damage":51,"enemies":"The Guardian","floor":16,"turns":8}],"seed_played":"4489482574639937382","potions_obtained":[{"floor":4,"key":"Fruit Juice"},{"floor":5,"key":"Block Potion"}],"is_trial":false,"path_per_floor":["M","M","?","M","M","R","M","R","T","R","E","T","$","M","R","B"],"character_chosen":"DEFECT","items_purchased":[],"campfire_rested":0,"item_purchase_floors":[],"current_hp_per_floor":[76,75,70,73,73,73,66,66,66,66,48,48,48,48,48,0],"gold":193,"neow_bonus":"TWENTY_PERCENT_HP_BONUS","is_prod":false,"is_daily":false,"chose_seed":false,"campfire_upgraded":2,"win_rate":0,"timestamp":1549197442,"path_taken":["M","M","?","M","M","R","M","R","T","R","E","?","$","?","R","BOSS"],"build_version":"2019-01-23","purchased_purges":0,"victory":false,"max_hp_per_floor":[85,85,85,90,90,90,90,90,90,90,90,90,90,90,90,90],"card_choices":[{"not_picked":["Coolheaded","Go for the Eyes"],"picked":"Sweeping Beam","floor":1},{"not_picked":["Reprogram","Sweeping Beam"],"picked":"FTL","floor":2},{"not_picked":["Go for the Eyes","Sweeping Beam"],"picked":"Compile Driver","floor":4},{"not_picked":["White Noise","Steam"],"picked":"Blizzard","floor":5},{"not_picked":["Coolheaded","Turbo","Hello World"],"picked":"SKIP","floor":7},{"not_picked":["Blizzard","Reinforced Body","Lockon"],"picked":"Melter","floor":11},{"not_picked":["Static Discharge","Hologram","Aggregate"],"picked":"FTL","floor":14}],"player_experience":447962,"relics_obtained":[{"floor":9,"key":"Gremlin Horn"},{"floor":10,"key":"Question Card"},{"floor":11,"key":"Bag of Marbles"},{"floor":12,"key":"MawBank"},{"floor":15,"key":"Anchor"}],"event_choices":[{"damage_healed":0,"gold_gain":0,"player_choice":"Success","damage_taken":5,"relics_obtained":["Shovel"],"max_hp_gain":0,"max_hp_loss":0,"event_name":"Scrap Ooze","floor":3,"gold_loss":0}],"is_beta":false,"boss_relics":[],"items_purged_floors":[],"is_endless":false,"potions_floor_spawned":[4,5],"killed_by":"The Guardian","ascension_level":17}