{"path_per_floor":["M","?","?","?","M","R","E","R","T","M","?","M"],"character_chosen":"DEFECT","items_purchased":[],"gold_per_floor":[117,192,192,192,205,205,243,243,243,257,287,307,307],"floor_reached":13,"campfire_rested":1,"playtime":320,"item_purchase_floors":[],"current_hp_per_floor":[75,64,46,46,39,39,4,26,26,26,26,22,0],"items_purged":[],"gold":307,"score":83,"play_id":"db471687-7d1f-45e6-8c1a-932a06a210eb","local_time":"20180605184542","is_prod":false,"is_daily":false,"chose_seed":false,"is_ascension_mode":false,"campfire_upgraded":1,"win_rate":0.0,"timestamp":1528217142,"campfire_choices":[{"data":"Force Field","floor":6,"key":"SMITH"},{"floor":8,"key":"REST"}],"path_taken":["M","?","?","?","M","R","E","R","T","?","?","M","E"],"build_version":"2018-05-31","seed_source_timestamp":324193354394937,"purchased_purges":0,"victory":false,"master_deck":["Strike_B","Strike_B","Strike_B","Strike_B","Defend_B","Defend_B","Defend_B","Defend_B","Zap","Dualcast","Force Field+1","Chaos","Fusion","Lockon"],"max_hp_per_floor":[75,75,75,75,75,75,75,75,75,75,75,75,75],"relics":["Cracked Core","Bag of Marbles","Golden Idol","Bronze Scales","Shuriken","Ornamental Fan"],"card_choices":[{"not_picked":["Sweeping Beam","Leap","Turbo"],"picked":"SKIP","floor":1},{"not_picked":["Turbo","Compile Driver"],"picked":"Force Field","floor":5},{"not_picked":["Steam Power","Go for the Eyes"],"picked":"Chaos","floor":7},{"not_picked":["Coolheaded","Blizzard"],"picked":"Fusion","floor":10},{"not_picked":["Hologram","Go for the Eyes"],"picked":"Lockon","floor":12}],"player_experience":320455,"potions_floor_usage":[13],"damage_taken":[{"damage":0,"enemies":"2 Louse","floor":1,"turns":2},{"damage":7,"enemies":"Small Slimes","floor":5,"turns":3},{"damage":35,"enemies":"Lagavulin","floor":7,"turns":7},{"damage":0,"enemies":"Cultist","floor":10,"turns":3},{"damage":4,"enemies":"2 Fungi Beasts","floor":12,"turns":3},{"damage":22,"enemies":"Gremlin Nob","floor":13,"turns":3}],"relics_obtained":[{"floor":7,"key":"Bronze Scales"},{"floor":9,"key":"Shuriken"}],"event_choices":[{"event_name":"World of Goop","player_choice":"Gather Gold","floor":2,"damage_taken":0},{"event_name":"Golden Idol","player_choice":"Take Damage","floor":3,"damage_taken":0},{"event_name":"Liars Game","player_choice":"disagreed","floor":4,"damage_taken":0},{"event_name":"Dead Adventurer","player_choice":"Searched \u00273\u0027 times","floor":11,"damage_taken":0}],"boss_relics":[],"items_purged_floors":[],"potions_floor_spawned":[7,10],"seed_played":"-5032693342514487752","killed_by":"Gremlin Nob","ascension_level":0,"potions_obtained":[{"floor":7,"key":"Poison Potion"},{"floor":10,"key":"Block Potion"}],"is_trial":false}