{"path_per_floor":["M","M","?","?","M","E","$","R","T","R","E","?","M","?","R","B",null,"M","?","M","?","M"],"character_chosen":"DEFECT","items_purchased":["Self Repair","Omamori"],"gold_per_floor":[113,128,128,196,211,245,50,50,123,123,152,152,163,163,163,259,259,270,270,283,373,389,389],"floor_reached":23,"campfire_rested":0,"playtime":987,"item_purchase_floors":[7,7],"current_hp_per_floor":[74,73,40,40,39,38,38,38,48,48,14,14,23,23,23,13,99,72,72,51,35,15,0],"items_purged":[],"gold":389,"score":224,"play_id":"49dde7e0-afea-4b91-ab8f-06c06aa03cb5","local_time":"20180602025407","is_prod":false,"is_daily":false,"chose_seed":false,"is_ascension_mode":false,"campfire_upgraded":3,"win_rate":0.0,"timestamp":1527900847,"campfire_choices":[{"data":"Self Repair","floor":8,"key":"SMITH"},{"data":"Loop","floor":10,"key":"SMITH"},{"data":"Streamline","floor":15,"key":"SMITH"}],"path_taken":["M","M","?","?","M","E","$","R","T","R","E","?","M","?","R","BOSS","M","?","M","?","M","E"],"build_version":"2018-05-31","seed_source_timestamp":7198881763665,"purchased_purges":0,"victory":false,"master_deck":["Strike_B","Strike_B","Strike_B","Defend_B","Defend_B","Defend_B","Defend_B","Zap","Dualcast","Streamline+1","Loop+1","Creative AI+1","Self Repair+1","Scrape","BootSequence","Biased Cognition","Reinforced Body","Consume+1","Skim"],"max_hp_per_floor":[75,75,75,75,75,89,89,89,99,99,99,99,99,99,99,99,99,99,99,99,99,99,99],"relics":["Cracked Core","Lantern","Juzu Bracelet","Mango","Omamori","Pear","Torii","Blue Candle","Inserter"],"card_choices":[{"not_picked":["Leap","Hologram"],"picked":"Streamline","floor":1},{"not_picked":["Steam","Steam Power","Go for the Eyes"],"picked":"SKIP","floor":2},{"not_picked":["Aggregate","Conserve Battery"],"picked":"Loop","floor":5},{"not_picked":["Multi-Cast","Compile Driver"],"picked":"Creative AI","floor":6},{"not_picked":["Rebound","Skim"],"picked":"Scrape","floor":11},{"not_picked":["Stack","Coolheaded"],"picked":"BootSequence","floor":13},{"not_picked":["Reboot","Seek"],"picked":"Biased Cognition","floor":16},{"not_picked":["Gash","Hello World"],"picked":"Reinforced Body","floor":18},{"not_picked":["White Noise","Scrape+1"],"picked":"Consume+1","floor":20},{"not_picked":["Coolheaded","Blizzard"],"picked":"Skim","floor":22}],"player_experience":292243,"potions_floor_usage":[13,13,16,22,23],"damage_taken":[{"damage":1,"enemies":"Cultist","floor":1,"turns":3},{"damage":1,"enemies":"2 Louse","floor":2,"turns":3},{"damage":1,"enemies":"Jaw Worm","floor":5,"turns":4},{"damage":15,"enemies":"Gremlin Nob","floor":6,"turns":4},{"damage":44,"enemies":"Lagavulin","floor":11,"turns":7},{"damage":1,"enemies":"3 Louse","floor":13,"turns":3},{"damage":20,"enemies":"Hexaghost","floor":16,"turns":10},{"damage":37,"enemies":"Spheric Guardian","floor":18,"turns":5},{"damage":31,"enemies":"Shell Parasite","floor":20,"turns":6},{"damage":30,"enemies":"Snake Plant","floor":22,"turns":5},{"damage":20,"enemies":"Gremlin Leader","floor":23,"turns":2}],"relics_obtained":[{"floor":6,"key":"Mango"},{"floor":9,"key":"Pear"},{"floor":11,"key":"Torii"}],"event_choices":[{"event_name":"Scrap Ooze","player_choice":"success","floor":3,"damage_taken":33},{"event_name":"Golden Wing","player_choice":"Gained Gold","floor":4,"damage_taken":0},{"event_name":"Living Wall","player_choice":"Grow","floor":12,"damage_taken":0},{"event_name":"Accursed Blacksmith","player_choice":"Rummage","floor":14,"damage_taken":0},{"event_name":"Bonfire Elementals","player_choice":"BASIC","floor":19,"damage_taken":0},{"event_name":"Knowing Skull","player_choice":"GOLD ","floor":21,"damage_taken":0}],"boss_relics":[{"not_picked":["Sozu","Cursed Key"],"picked":"Inserter"}],"items_purged_floors":[],"potions_floor_spawned":[5,11,13,16,22],"seed_played":"-3022886858362401353","killed_by":"Gremlin Leader","ascension_level":0,"potions_obtained":[{"floor":5,"key":"Fire Potion"},{"floor":11,"key":"Fire Potion"},{"floor":13,"key":"FocusPotion"},{"floor":16,"key":"Energy Potion"},{"floor":22,"key":"Block Potion"}],"is_trial":false}