{"path_per_floor":["M","$","?","?","?","R","E","$","T","M","M","$","M","M","R","B",null,"M","?","M","?","M","R","?","?","T","$","?","M","E","M","R","B",null,"M","M","?","T","?","R","?","M","T","R","M","?","?","$","R"],"character_chosen":"THE_SILENT","items_purchased":["Bronze Scales","Deflect","Well Laid Plans","Backflip"],"gold_per_floor":[110,35,285,285,285,285,319,24,54,73,83,4,20,39,39,134,134,134,134,134,134,134,134,134,49,49,23,23,23,23,23,23,23,23,23,23,23,23,23,23,23,23,23,23,23,0,0,0,0],"floor_reached":50,"campfire_rested":2,"playtime":3843,"current_hp_per_floor":[75,75,75,75,68,68,51,51,51,51,49,49,49,49,49,44,77,66,66,65,53,49,49,49,49,49,49,49,53,53,53,53,11,53,41,48,48,48,48,48,38,34,34,49,31,31,31,31,46],"items_purged":["Strike_G","Regret"],"gold":0,"play_id":"c8f3c21d-c6bf-4c7a-8bfc-1b3203795eee","is_prod":false,"is_daily":false,"campfire_rituals":0,"campfire_upgraded":5,"is_hardmode":false,"path_taken":["M","$","?","?","?","R","E","?","T","M","M","$","?","M","R","BOSS","M","?","?","?","M","R","?","?","T","$","?","?","E","M","R","BOSS","M","M","?","?","?","R","?","M","T","R","M","?","?","?","R","BOSS"],"build_version":"2018-01-18-PROD3","purchased_purges":2,"victory":false,"master_deck":["Defend_G","Defend_G","Survivor","Neutralize","Poisoned Stab","Catalyst","Deflect","Prepared","Dagger Spray","Well Laid Plans","Leg Sweep","Dash","Tactician","Slice","Slice","Bite_G","Bite_G","Bite_G","Bite_G","Bite_G","Catalyst","Backflip","Noxious Fumes","Tools of the Trade","Distraction","Venomology","Bullet Time","Sucker Punch","Underhanded Strike","Madness","Madness","Reflex","Malaise"],"max_hp_per_floor":[77,77,77,77,77,77,77,77,77,77,77,77,77,77,77,77,77,77,77,77,53,53,53,53,53,53,53,53,53,53,53,53,53,53,53,53,53,53,53,53,53,53,53,53,53,53,53,53,53],"relics":["Ring of the Snake","Orichalcum","Ninja Scroll","Bronze Scales","Tiny Chest","Ectoplasm","Pen Nib","Ornamental Fan","Juzu Bracelet","Astrolabe","Bag of Marbles","Molten Egg","Red Mask"],"campfire_meditates":0,"card_choices":[{"not_picked":["Blade Dance","Acrobatics"],"picked":"Poisoned Stab"},{"not_picked":["PiercingWail","Acrobatics"],"picked":"Catalyst"},{"not_picked":["Outmaneuver","PiercingWail"],"picked":"Prepared"},{"not_picked":["After Image","Finisher"],"picked":"Dagger Spray"},{"not_picked":["Sucker Punch","Dagger Spray"],"picked":"Leg Sweep"},{"not_picked":["Finisher","Dodge and Roll"],"picked":"Dash"},{"not_picked":["Bullet Time","Wraith Form"],"picked":"Tactician"},{"not_picked":["Outmaneuver","Dash"],"picked":"Slice"},{"not_picked":["All Out Attack","Outmaneuver"],"picked":"Slice"},{"not_picked":["Well Laid Plans","Choke"],"picked":"Catalyst"},{"not_picked":["Eviscerate","Slice"],"picked":"Noxious Fumes"},{"not_picked":["Outmaneuver","Acrobatics"],"picked":"Bane"},{"not_picked":["After Image","Wraith Form"],"picked":"Tools of the Trade"},{"not_picked":["Deflect","Infinite Blades"],"picked":"Sucker Punch"},{"not_picked":["PiercingWail","Sucker Punch"],"picked":"Underhanded Strike"},{"not_picked":["Deflect","Noxious Fumes"],"picked":"Reflex"},{"not_picked":["Slice","Skewer"],"picked":"Malaise"}],"player_experience":47769,"potions_floor_usage":[7,14,16,20,30,33,36,42,42,45,50,50,50,50],"damage_taken":[{"damage":2,"enemies":"Blue Slaver","floor":1,"turns":7},{"damage":17,"enemies":"Lagavulin","floor":7,"turns":9},{"damage":0,"enemies":"Jaw Worm","floor":10,"turns":2},{"damage":2,"enemies":"Small Slimes","floor":11,"turns":3},{"damage":0,"enemies":"2 Fungi Beasts","floor":13,"turns":3},{"damage":0,"enemies":"Large Slime","floor":14,"turns":5},{"damage":5,"enemies":"Hexaghost","floor":16,"turns":9},{"damage":11,"enemies":"Shell Parasite","floor":18,"turns":6},{"damage":1,"enemies":"Chosen","floor":20,"turns":3},{"damage":4,"enemies":"Centurion and Healer","floor":22,"turns":5},{"damage":0,"enemies":"Snecko","floor":29,"turns":5},{"damage":1,"enemies":"Slavers","floor":30,"turns":6},{"damage":0,"enemies":"Snake Plant","floor":31,"turns":4},{"damage":50,"enemies":"Collector","floor":33,"turns":6},{"damage":16,"enemies":"3 Shapes","floor":35,"turns":4},{"damage":5,"enemies":"3 Darklings","floor":36,"turns":4},{"damage":12,"enemies":"Maw","floor":42,"turns":5},{"damage":26,"enemies":"4 Shapes","floor":45,"turns":8},{"damage":65,"enemies":"Donu and Deca","floor":50,"turns":7}],"event_choices":[{"event_name":"Golden Shrine","player_choice":"Desecrate","floor":3,"damage_taken":0},{"event_name":"Upgrade Shrine","player_choice":"Upgraded","floor":4,"damage_taken":0},{"event_name":"Scrap Ooze","player_choice":"success","floor":5,"damage_taken":7},{"event_name":"Cursed Tome","player_choice":"Ignored","floor":19,"damage_taken":0},{"event_name":"Vampires","player_choice":"Became a vampire","floor":21,"damage_taken":0},{"event_name":"Upgrade Shrine","player_choice":"Upgraded","floor":24,"damage_taken":0},{"event_name":"Addict","player_choice":"Obtained Relic","floor":25,"damage_taken":0},{"event_name":"Beggar","player_choice":"Ignored","floor":28,"damage_taken":0},{"event_name":"Mysterious Sphere","player_choice":"Ignore","floor":37,"damage_taken":0},{"event_name":"Winding Halls","player_choice":"Embrace Madness","floor":41,"damage_taken":0},{"event_name":"Tomb of Lord Red Mask","player_choice":"Paid","floor":46,"damage_taken":0},{"event_name":"Accursed Blacksmith","player_choice":"Ignore","floor":47,"damage_taken":0}],"boss_relics":[{"not_picked":["Lizard Tail","Tiny House"],"picked":"Ectoplasm"},{"not_picked":["The Specimen","Cursed Key"],"picked":"Astrolabe"}],"potions_floor_spawned":[1,7,11,13,16,20,31,33,35],"seed_played":"9027119394541877203","killed_by":"Donu and Deca","is_trial":false}