{"gold_per_floor":[15,25,40,115,133,133,161,161,161,161,175,186,201,216,216,318,318,329,329,329,329,349,349,349],"floor_reached":24,"playtime":1154,"items_purged":[],"score":270,"play_id":"746ae032-3d1d-44d6-99b0-1ecfb179a11f","local_time":"20180929125219","is_ascension_mode":true,"campfire_choices":[{"data":"True Grit","floor":6,"key":"SMITH"},{"floor":8,"key":"REST"},{"floor":15,"key":"REST"},{"data":"Whirlwind","floor":23,"key":"SMITH"}],"neow_cost":"NO_GOLD","seed_source_timestamp":479957048348978,"circlet_count":0,"master_deck":["Strike_R","Strike_R","Defend_R","Defend_R","Defend_R","Defend_R","Bash","Whirlwind+1","True Grit+1","Battle Trance","Spot Weakness","Demon Form","Twin Strike","Heavy Blade","Shockwave","Evolve","Shrug It Off","Metallicize+1"],"relics":["Burning Blood","Dream Catcher","Matryoshka","Orrery","Nilry\u0027s Codex"],"potions_floor_usage":[7,7,7,13],"damage_taken":[{"damage":20,"enemies":"Cultist","floor":1,"turns":7},{"damage":5,"enemies":"2 Louse","floor":2,"turns":3},{"damage":2,"enemies":"Jaw Worm","floor":3,"turns":3},{"damage":12,"enemies":"Blue Slaver","floor":5,"turns":4},{"damage":44,"enemies":"Gremlin Nob","floor":7,"turns":5},{"damage":23,"enemies":"Exordium Thugs","floor":11,"turns":5},{"damage":23,"enemies":"Gremlin Gang","floor":12,"turns":4},{"damage":5,"enemies":"Exordium Wildlife","floor":13,"turns":3},{"damage":7,"enemies":"Blue Slaver","floor":14,"turns":3},{"damage":32,"enemies":"Hexaghost","floor":16,"turns":9},{"damage":30,"enemies":"Spheric Guardian","floor":18,"turns":6},{"damage":3,"enemies":"3 Byrds","floor":22,"turns":5},{"damage":60,"enemies":"Gremlin Leader","floor":24,"turns":6}],"seed_played":"2412980574749932551","potions_obtained":[{"floor":1,"key":"SkillPotion"},{"floor":3,"key":"Block Potion"},{"floor":5,"key":"FearPotion"},{"floor":12,"key":"Energy Potion"},{"floor":14,"key":"SpeedPotion"},{"floor":18,"key":"FairyPotion"}],"is_trial":false,"path_per_floor":["M","M","M","?","M","R","E","R","T","?","M","M","M","M","R","B",null,"M","?","?","?","M","R"],"character_chosen":"IRONCLAD","items_purchased":[],"campfire_rested":2,"item_purchase_floors":[],"current_hp_per_floor":[58,59,63,52,46,46,8,32,32,58,41,24,25,24,48,22,66,42,42,42,26,29,29,0],"gold":349,"neow_bonus":"TRANSFORM_TWO_CARDS","is_prod":false,"is_daily":false,"chose_seed":false,"campfire_upgraded":2,"win_rate":0,"timestamp":1538218339,"path_taken":["M","M","M","?","M","R","E","R","T","?","M","M","M","M","R","BOSS","M","?","?","?","M","R","E"],"build_version":"2018-09-27","purchased_purges":0,"victory":false,"max_hp_per_floor":[80,80,80,80,80,80,80,80,80,80,80,80,80,80,80,80,80,80,80,80,80,80,80,80],"card_choices":[{"not_picked":["Armaments","Anger","Wild Strike"],"picked":"SKIP","floor":1},{"not_picked":["Power Through","Havoc"],"picked":"Battle Trance","floor":2},{"not_picked":["Armaments","Anger"],"picked":"Spot Weakness","floor":3},{"not_picked":["Carnage","Power Through"],"picked":"Demon Form","floor":5},{"not_picked":["Berserk","Reckless Charge","Flex"],"picked":"SKIP","floor":7},{"not_picked":["Corruption","Havoc"],"picked":"Twin Strike","floor":8},{"not_picked":["Perfected Strike","Combust","Feel No Pain"],"picked":"SKIP","floor":11},{"not_picked":["Sever Soul","Clothesline"],"picked":"Heavy Blade","floor":12},{"not_picked":["Headbutt","Entrench","Heavy Blade"],"picked":"SKIP","floor":13},{"not_picked":["Fire Breathing","Armaments"],"picked":"Shockwave","floor":14},{"not_picked":["Sentinel","Heavy Blade"],"picked":"Evolve","floor":15},{"not_picked":["Clothesline","Hemokinesis"],"picked":"Shrug It Off","floor":17},{"not_picked":["Twin Strike+1","Brutality"],"picked":"Metallicize+1","floor":18},{"not_picked":["Metallicize","Sever Soul","Sentinel"],"picked":"SKIP","floor":22}],"player_experience":519907,"relics_obtained":[{"floor":7,"key":"Dream Catcher"},{"floor":9,"key":"Matryoshka"},{"floor":21,"key":"Nilry\u0027s Codex"}],"event_choices":[{"event_name":"World of Goop","player_choice":"Gather Gold","floor":4,"damage_taken":0},{"event_name":"Big Fish","player_choice":"Banana","floor":10,"damage_taken":0},{"event_name":"Transmorgrifier","player_choice":"Transform","floor":19,"damage_taken":0},{"event_name":"Purifier","player_choice":"One Purge","floor":20,"damage_taken":0},{"event_name":"Cursed Tome","player_choice":"Obtained Book","floor":21,"damage_taken":0}],"is_beta":false,"boss_relics":[{"not_picked":["Eternal Feather","Tiny House"],"picked":"Orrery"}],"items_purged_floors":[],"is_endless":false,"potions_floor_spawned":[1,3,5,12,14,18],"killed_by":"Gremlin Leader","ascension_level":7}