{"gold_per_floor":[111,121,121,140,140,168,168,203,203,203,213,245,245,273,273,273],"floor_reached":16,"playtime":511,"items_purged":[],"score":192,"play_id":"48c396c1-dbbf-40eb-a09c-890533672c89","local_time":"20190127191827","is_ascension_mode":true,"campfire_choices":[{"data":"Zap","floor":7,"key":"SMITH"},{"floor":10,"key":"REST"},{"data":"Dualcast","floor":13,"key":"SMITH"},{"floor":15,"key":"REST"}],"neow_cost":"NONE","seed_source_timestamp":694044259798408,"circlet_count":0,"master_deck":["AscendersBane","Strike_B","Strike_B","Strike_B","Defend_B","Defend_B","Defend_B","Defend_B","Zap+1","Dualcast+1","Loop","Electrodynamics","Barrage","Barrage","Blizzard","Redo","Loop+1","Core Surge","Storm+1"],"relics":["Cracked Core","Matryoshka","Mummified Hand","Frozen Egg 2","Art of War","Bag of Marbles","Dream Catcher"],"potions_floor_usage":[6,12,12,14],"damage_taken":[{"damage":2,"enemies":"2 Louse","floor":1,"turns":3},{"damage":0,"enemies":"Small Slimes","floor":2,"turns":3},{"damage":9,"enemies":"Jaw Worm","floor":4,"turns":4},{"damage":5,"enemies":"3 Sentries","floor":6,"turns":4},{"damage":20,"enemies":"Lagavulin","floor":8,"turns":6},{"damage":9,"enemies":"Red Slaver","floor":11,"turns":2},{"damage":8,"enemies":"Gremlin Nob","floor":12,"turns":3},{"damage":15,"enemies":"3 Sentries","floor":14,"turns":3},{"damage":48,"enemies":"Hexaghost","floor":16,"turns":8}],"seed_played":"-5481607126762658910","potions_obtained":[{"floor":2,"key":"SpeedPotion"},{"floor":4,"key":"Explosive Potion"},{"floor":6,"key":"Swift Potion"},{"floor":8,"key":"Poison Potion"}],"is_trial":false,"path_per_floor":["M","M","?","M","?","E","R","E","T","R","M","E","R","E","R","B"],"character_chosen":"DEFECT","items_purchased":[],"campfire_rested":2,"item_purchase_floors":[],"current_hp_per_floor":[73,73,73,64,57,52,52,32,32,56,47,39,39,24,48,0],"gold":273,"neow_bonus":"TEN_PERCENT_HP_BONUS","is_prod":false,"is_daily":false,"chose_seed":false,"campfire_upgraded":2,"win_rate":0,"timestamp":1548613107,"path_taken":["M","M","?","M","?","E","R","E","T","R","M","E","R","E","R","BOSS"],"build_version":"2019-01-23","purchased_purges":0,"victory":false,"max_hp_per_floor":[82,82,82,82,82,82,82,82,82,82,82,82,82,82,82,82],"card_choices":[{"not_picked":["Steam","Ball Lightning"],"picked":"Loop","floor":1},{"not_picked":["Sweeping Beam","Undo"],"picked":"Electrodynamics","floor":2},{"not_picked":["Conserve Battery","Scrape"],"picked":"Barrage","floor":4},{"not_picked":["Steam","Turbo"],"picked":"Barrage","floor":6},{"not_picked":["Leap","Cold Snap"],"picked":"Blizzard","floor":8},{"not_picked":["Streamline","Sweeping Beam"],"picked":"Redo","floor":11},{"not_picked":["Stack","Force Field"],"picked":"Loop+1","floor":12},{"not_picked":["Reboot","Redo"],"picked":"Core Surge","floor":14},{"not_picked":["Ball Lightning","Sweeping Beam"],"picked":"Storm+1","floor":15}],"player_experience":700169,"relics_obtained":[{"floor":6,"key":"Matryoshka"},{"floor":8,"key":"Mummified Hand"},{"floor":9,"key":"Frozen Egg 2"},{"floor":9,"key":"Art of War"},{"floor":12,"key":"Bag of Marbles"},{"floor":14,"key":"Dream Catcher"}],"event_choices":[{"damage_healed":0,"gold_gain":0,"player_choice":"Ignored","damage_taken":0,"max_hp_gain":0,"max_hp_loss":0,"event_name":"Liars Game","floor":3,"gold_loss":0},{"cards_removed":["Strike_B"],"damage_healed":0,"gold_gain":0,"player_choice":"Card Removal","damage_taken":7,"max_hp_gain":0,"max_hp_loss":0,"event_name":"Golden Wing","floor":5,"gold_loss":0}],"is_beta":false,"boss_relics":[],"items_purged_floors":[],"is_endless":false,"potions_floor_spawned":[2,4,6,8],"killed_by":"Hexaghost","ascension_level":10}