{"gold_per_floor":[113,127,202,377,387,387,387,12,12,38,52,77,77,94,94,190,190,209,224,19,19,31,31,48,48,71,102,5,5,23,23,23,124,124,143,143,43,59,59,59,59,79,79,94,0,0,15,25,25,25],"floor_reached":50,"playtime":2705,"items_purged":["Doubt","Doubt"],"score":537,"play_id":"ce3e059d-0b52-43a9-aa67-4c4252f83d15","local_time":"20190305183008","is_ascension_mode":false,"campfire_choices":[{"floor":6,"key":"RECALL"},{"data":"Heavy Blade","floor":15,"key":"SMITH"},{"data":"Dark Embrace","floor":23,"key":"SMITH"},{"floor":32,"key":"REST"},{"data":"Corruption","floor":40,"key":"SMITH"},{"floor":49,"key":"REST"}],"neow_cost":"NONE","seed_source_timestamp":0,"circlet_count":0,"master_deck":["Strike_R+1","Strike_R","Strike_R+1","Strike_R","Defend_R","Defend_R","Defend_R","Defend_R","Bash","Perfected Strike","Sever Soul","Warcry","Flame Barrier","Heavy Blade+1","Pommel Strike","Rampage","Clothesline","Metallicize","Dark Embrace+1","Ghostly Armor+1","Twin Strike","Poisoned Stab","Backflip","Compile Driver+1","True Grit","Corruption+1","Dark Embrace","Cold Snap","Madness","Madness","Dramatic Entrance+1","Deflect","Beam Cell+1","Slice+1","Anger+1"],"special_seed":0,"relics":["Black Blood","Magic Flower","Blood Vial","Orichalcum","Sundial","Odd Mushroom","Busted Crown","PrismaticShard","Matryoshka","Red Skull","Strawberry","Pen Nib","Whetstone","Molten Egg 2","Red Mask"],"potions_floor_usage":[16,24,27,27,33,44,47,47],"damage_taken":[{"damage":6,"enemies":"Jaw Worm","floor":1,"turns":6},{"damage":0,"enemies":"2 Louse","floor":2,"turns":3},{"damage":6,"enemies":"Cultist","floor":5,"turns":3},{"damage":30,"enemies":"Gremlin Nob","floor":10,"turns":6},{"damage":3,"enemies":"3 Louse","floor":11,"turns":4},{"damage":27,"enemies":"The Mushroom Lair","floor":12,"turns":5},{"damage":10,"enemies":"Exordium Wildlife","floor":14,"turns":4},{"damage":38,"enemies":"Hexaghost","floor":16,"turns":11},{"damage":23,"enemies":"2 Thieves","floor":18,"turns":5},{"damage":11,"enemies":"Shell Parasite","floor":19,"turns":6},{"damage":18,"enemies":"Snecko","floor":22,"turns":6},{"damage":23,"enemies":"Sentry and Sphere","floor":24,"turns":6},{"damage":35,"enemies":"Book of Stabbing","floor":27,"turns":6},{"damage":10,"enemies":"Shelled Parasite and Fungi","floor":30,"turns":3},{"damage":66,"enemies":"Collector","floor":33,"turns":10},{"damage":14,"enemies":"Orb Walker","floor":35,"turns":4},{"damage":32,"enemies":"3 Shapes","floor":38,"turns":4},{"damage":23,"enemies":"Maw","floor":42,"turns":8},{"damage":34,"enemies":"Jaw Worm Horde","floor":44,"turns":7},{"damage":32,"enemies":"Transient","floor":47,"turns":5},{"damage":23,"enemies":"Spire Growth","floor":48,"turns":5},{"damage":115,"enemies":"Awakened One","floor":50,"turns":5}],"seed_played":"8105831186328947341","potions_obtained":[{"floor":2,"key":"BloodPotion"},{"floor":12,"key":"GamblersBrew"},{"floor":16,"key":"BloodPotion"},{"floor":22,"key":"Explosive Potion"},{"floor":27,"key":"Ancient Potion"},{"floor":33,"key":"Regen Potion"},{"floor":35,"key":"FairyPotion"},{"floor":38,"key":"Poison Potion"},{"floor":41,"key":"SneckoOil"},{"floor":44,"key":"SkillPotion"}],"is_trial":false,"path_per_floor":["M","M","?","?","M","R","?","$","T","E","M","?","?","M","R","B",null,"M","M","$","?","M","R","M","?","T","E","$","$","M","?","R","B",null,"M","?","$","M","$","R","?","M","T","M","?","$","M","M","R","B"],"character_chosen":"IRONCLAD","items_purchased":["Blood Vial","Orichalcum","Flame Barrier","PrismaticShard","True Grit"],"campfire_rested":2,"item_purchase_floors":[8,8,8,20,28],"current_hp_per_floor":[88,88,77,77,77,77,77,77,77,59,68,53,53,55,55,41,88,74,75,75,75,69,69,58,41,48,40,40,40,42,42,72,18,100,100,87,87,73,73,73,73,68,68,76,76,76,62,57,87,0],"gold":25,"neow_bonus":"TEN_PERCENT_HP_BONUS","is_prod":false,"is_daily":false,"chose_seed":false,"campfire_upgraded":3,"win_rate":0,"timestamp":1551778208,"path_taken":["M","M","?","?","M","R","?","$","T","E","?","?","?","?","R","BOSS","M","M","$","?","?","R","M","?","T","E","?","$","M","?","R","BOSS","M","?","$","M","$","R","?","?","T","M","?","?","M","?","R","BOSS"],"build_version":"2019-01-23","purchased_purges":2,"victory":false,"max_hp_per_floor":[88,88,88,88,88,88,88,88,88,88,88,88,88,88,88,88,88,88,88,88,88,88,88,88,93,100,100,100,100,100,100,100,100,100,100,100,100,100,100,100,100,100,100,100,100,100,100,100,100,100],"card_choices":[{"not_picked":["Flex","Anger"],"picked":"Perfected Strike","floor":1},{"not_picked":["Reckless Charge","Headbutt"],"picked":"Sever Soul","floor":2},{"not_picked":["Armaments","Intimidate"],"picked":"Warcry","floor":5},{"not_picked":["Flex","Brutality"],"picked":"Heavy Blade","floor":10},{"not_picked":["Thunderclap","Dual Wield"],"picked":"Pommel Strike","floor":11},{"not_picked":["Sword Boomerang","Headbutt"],"picked":"Rampage","floor":12},{"not_picked":["True Grit","Blood for Blood"],"picked":"Metallicize","floor":14},{"not_picked":["Berserk","Limit Break"],"picked":"Dark Embrace","floor":16},{"not_picked":[],"picked":"Ghostly Armor+1","floor":18},{"not_picked":[],"picked":"Twin Strike","floor":19},{"not_picked":[],"picked":"Poisoned Stab","floor":22},{"not_picked":[],"picked":"Backflip","floor":24},{"not_picked":[],"picked":"Compile Driver+1","floor":27},{"not_picked":[],"picked":"Genetic Algorithm","floor":30},{"not_picked":[],"picked":"Dark Embrace","floor":33},{"not_picked":[],"picked":"Cold Snap","floor":35},{"not_picked":[],"picked":"Dramatic Entrance+1","floor":38},{"not_picked":[],"picked":"Deflect","floor":42},{"not_picked":[],"picked":"Beam Cell+1","floor":44},{"not_picked":[],"picked":"Slice+1","floor":47},{"not_picked":[],"picked":"Anger+1","floor":48}],"player_experience":87321,"relics_obtained":[{"floor":10,"key":"Sundial"},{"floor":12,"key":"Odd Mushroom"},{"floor":21,"key":"Matryoshka"},{"floor":26,"key":"Red Skull"},{"floor":26,"key":"Strawberry"},{"floor":27,"key":"Pen Nib"},{"floor":43,"key":"Whetstone"},{"floor":43,"key":"Molten Egg 2"}],"event_choices":[{"damage_healed":0,"gold_gain":75,"player_choice":"Gather Gold","damage_taken":11,"max_hp_gain":0,"max_hp_loss":0,"event_name":"World of Goop","floor":3,"gold_loss":0},{"damage_healed":0,"gold_gain":175,"player_choice":"AGREE","damage_taken":0,"max_hp_gain":0,"max_hp_loss":0,"event_name":"Liars Game","floor":4,"gold_loss":0,"cards_obtained":["Doubt"]},{"damage_healed":0,"gold_gain":0,"player_choice":"Box","damage_taken":0,"relics_obtained":["Magic Flower"],"max_hp_gain":0,"max_hp_loss":0,"event_name":"Big Fish","floor":7,"gold_loss":0,"cards_obtained":["Regret"]},{"damage_healed":0,"gold_gain":0,"player_choice":"Fought Mushrooms","damage_taken":0,"max_hp_gain":0,"max_hp_loss":0,"event_name":"Mushrooms","floor":12,"gold_loss":0},{"damage_healed":0,"gold_gain":0,"cards_transformed":["Strike_R"],"player_choice":"Change","damage_taken":0,"max_hp_gain":0,"max_hp_loss":0,"event_name":"Living Wall","floor":13,"gold_loss":0,"cards_obtained":["Clothesline"]},{"damage_healed":0,"gold_gain":0,"player_choice":"Relic","damage_taken":0,"max_hp_gain":0,"max_hp_loss":0,"event_name":"Wheel of Change","floor":21,"gold_loss":0},{"damage_healed":0,"gold_gain":0,"player_choice":"Shed Blood","damage_taken":22,"max_hp_gain":5,"max_hp_loss":0,"event_name":"Forgotten Altar","floor":25,"gold_loss":0},{"damage_healed":0,"gold_gain":0,"cards_transformed":["Regret","Genetic Algorithm"],"player_choice":"Became Test Subject","damage_taken":0,"max_hp_gain":0,"max_hp_loss":0,"event_name":"Drug Dealer","floor":31,"gold_loss":0,"cards_obtained":["Doubt","Corruption"]},{"damage_healed":0,"gold_gain":0,"player_choice":"Embrace Madness","damage_taken":13,"max_hp_gain":0,"max_hp_loss":0,"event_name":"Winding Halls","floor":36,"gold_loss":0,"cards_obtained":["Madness","Madness"]},{"damage_healed":0,"gold_gain":0,"player_choice":"Got Potions","damage_taken":0,"max_hp_gain":0,"max_hp_loss":0,"event_name":"Lab","floor":41,"gold_loss":0},{"damage_healed":0,"gold_gain":0,"player_choice":"Paid","damage_taken":0,"relics_obtained":["Red Mask"],"max_hp_gain":0,"max_hp_loss":0,"event_name":"Tomb of Lord Red Mask","floor":45,"gold_loss":94}],"is_beta":false,"boss_relics":[{"not_picked":["Cursed Key","Orrery"],"picked":"Busted Crown"},{"not_picked":["Runic Pyramid","Astrolabe"],"picked":"Black Blood"}],"items_purged_floors":[28,37],"is_endless":false,"potions_floor_spawned":[2,12,16,22,27,33,35,38,44],"killed_by":"Awakened One","ascension_level":0}