{"path_per_floor":["M","?","?","M","M","R","E","M","T","R","M","E","R","$","R","B",null,"M","?","M","?","?","R","M","R","T","$","E","$","R","?","R","B",null,"M","M","?","M","M","R","$","M","T","M","M","?","R","M","R"],"character_chosen":"DEFECT","items_purchased":["Kunai","Dark Shackles","Madness"],"gold_per_floor":[320,395,395,414,426,426,461,473,473,473,485,520,520,89,89,184,184,184,109,109,109,109,109,109,109,109,5,5,5,5,5,5,5,5,5,5,5,5,5,5,5,5,5,5,5,5,5,5,5,5],"floor_reached":50,"campfire_rested":6,"playtime":4335,"current_hp_per_floor":[75,64,69,68,60,60,29,23,23,47,44,28,52,52,52,23,80,78,78,62,62,80,80,80,80,90,90,65,65,90,90,90,26,90,64,55,45,18,18,45,45,45,45,40,31,31,58,58,85,0],"items_purged":["Strike_B"],"gold":5,"score":497,"play_id":"a0673d3d-157f-4528-8643-915696312299","local_time":"20180502194637","is_prod":false,"is_daily":false,"chose_seed":false,"is_ascension_mode":false,"campfire_upgraded":5,"timestamp":1525304797,"path_taken":["M","?","?","M","M","R","E","M","T","R","?","E","R","$","R","BOSS","M","?","?","?","?","R","M","R","T","?","E","$","R","?","R","BOSS","M","M","?","M","M","R","$","M","T","M","M","?","R","?","R","BOSS"],"build_version":"2018-05-01v2","seed_source_timestamp":186799247118,"purchased_purges":1,"victory":false,"master_deck":["Strike_B","Strike_B","Defend_B","Defend_B","Zap+1","Dualcast+1","Scrape+1","Go for the Eyes+1","Axe Kick","FTL","Sweeping Beam","Dark Shackles+1","Hyperbeam+1","Turbo+1","Gash","Leap+1","Madness+1","Chaos+1","Reprieve+1","All For One","Axe Kick+1","Chill+1","Flash of Steel","Panacea+1","Jack Of All Trades+1","Chill+1","Leap+1","Leap+1","All For One","Reprogram+1"],"max_hp_per_floor":[75,75,80,80,80,80,80,80,80,80,80,80,80,80,80,80,80,80,80,80,80,80,80,80,80,90,90,90,90,90,90,90,90,90,90,90,90,90,90,90,90,90,90,90,90,90,90,90,90,90],"relics":["Cracked Core","Old Coin","Toxic Egg 2","Letter Opener","Gremlin Horn","Kunai","Ectoplasm","Pear","Cables","Sozu","Oddly Smooth Stone"],"card_choices":[{"not_picked":["Steam Power","Turbo"],"picked":"Scrape","floor":1},{"not_picked":["Ball Lightning","Streamline"],"picked":"Go for the Eyes","floor":4},{"not_picked":["Storm","Skim"],"picked":"Axe Kick","floor":5},{"not_picked":["Stack","Ball Lightning"],"picked":"FTL","floor":11},{"not_picked":["Glacier","Heatsinks"],"picked":"Sweeping Beam","floor":12},{"not_picked":["Thunder Strike","Prime"],"picked":"Hyperbeam","floor":16},{"not_picked":["Leap","Heatsinks"],"picked":"Turbo","floor":18},{"not_picked":["Stack","Hello World"],"picked":"Gash","floor":20},{"not_picked":["Turbo","Rainbow"],"picked":"Leap","floor":24},{"not_picked":["Hologram","Turbo"],"picked":"Chaos","floor":28},{"not_picked":["Seek","Rainbow"],"picked":"All For One","floor":33},{"not_picked":["Go for the Eyes","Coolheaded"],"picked":"Axe Kick","floor":35},{"not_picked":["Hologram","Axe Kick"],"picked":"Chill","floor":36},{"not_picked":["Good Instincts","Bandage Up"],"picked":"Flash of Steel","floor":37},{"not_picked":["Enlightenment","Good Instincts"],"picked":"Panacea","floor":37},{"not_picked":["Purity","Finesse"],"picked":"Jack Of All Trades","floor":37},{"not_picked":["Sweeping Beam","Stack"],"picked":"Chill","floor":38},{"not_picked":["Cold Snap","Flux Capacitor"],"picked":"Leap","floor":39},{"not_picked":["Streamline","Capacitor"],"picked":"Leap","floor":42},{"not_picked":["Leap","Axe Kick"],"picked":"All For One","floor":45},{"not_picked":["Sunder","Hello World"],"picked":"Reprogram","floor":48}],"player_experience":234517,"potions_floor_usage":[7,11,16,28,35,45],"damage_taken":[{"damage":0,"enemies":"Cultist","floor":1,"turns":3},{"damage":1,"enemies":"2 Louse","floor":4,"turns":3},{"damage":8,"enemies":"Small Slimes","floor":5,"turns":3},{"damage":31,"enemies":"3 Sentries","floor":7,"turns":8},{"damage":6,"enemies":"Exordium Wildlife","floor":8,"turns":2},{"damage":3,"enemies":"Large Slime","floor":11,"turns":5},{"damage":16,"enemies":"Lagavulin","floor":12,"turns":5},{"damage":29,"enemies":"Hexaghost","floor":16,"turns":13},{"damage":2,"enemies":"Shell Parasite","floor":18,"turns":5},{"damage":16,"enemies":"Spheric Guardian","floor":20,"turns":4},{"damage":0,"enemies":"Cultist and Chosen","floor":24,"turns":4},{"damage":25,"enemies":"Gremlin Leader","floor":28,"turns":7},{"damage":64,"enemies":"Automaton","floor":33,"turns":9},{"damage":26,"enemies":"3 Shapes","floor":35,"turns":3},{"damage":9,"enemies":"Orb Walker","floor":36,"turns":4},{"damage":31,"enemies":"Maw","floor":38,"turns":8},{"damage":0,"enemies":"Spire Growth","floor":39,"turns":4},{"damage":0,"enemies":"3 Darklings","floor":42,"turns":3},{"damage":9,"enemies":"4 Shapes","floor":44,"turns":4},{"damage":9,"enemies":"Maw","floor":45,"turns":9},{"damage":0,"enemies":"Spire Growth","floor":48,"turns":4},{"damage":87,"enemies":"Donu and Deca","floor":50,"turns":7}],"event_choices":[{"event_name":"World of Goop","player_choice":"Gather Gold","floor":2,"damage_taken":0},{"event_name":"Big Fish","player_choice":"Donut","floor":3,"damage_taken":0},{"event_name":"Beggar","player_choice":"Gave Gold","floor":19,"damage_taken":0},{"event_name":"Ghosts","player_choice":"Ignored","floor":21,"damage_taken":0},{"event_name":"The Library","player_choice":"Heal","floor":22,"damage_taken":0},{"event_name":"Transmorgrifier","player_choice":"Transform","floor":31,"damage_taken":0},{"event_name":"SensoryStone","player_choice":"Memory 3","floor":37,"damage_taken":0}],"boss_relics":[{"not_picked":["Orrery","Velvet Choker"],"picked":"Ectoplasm"},{"not_picked":["Lizard Tail","Runic Dome"],"picked":"Sozu"}],"potions_floor_spawned":[1,5,12,20,28,33,35,42,44,45,48],"seed_played":"-7949092515370279657","killed_by":"Donu and Deca","ascension_level":0,"is_trial":false}