{"path_per_floor":["M","M","M","M","M","E","M","M","T","E","R","E","M","?","R"],"character_chosen":"IRONCLAD","items_purchased":[],"gold_per_floor":[114,131,144,161,178,210,220,230,283,311,311,337,354,354,354,354],"floor_reached":16,"campfire_rested":0,"playtime":1407,"current_hp_per_floor":[80,80,80,75,73,53,45,41,41,30,30,22,22,22,22,0],"items_purged":[],"gold":354,"score":126,"play_id":"55a8fc6d-c419-4039-8308-9b752c7fd377","local_time":"20180515213752","is_prod":false,"is_daily":false,"chose_seed":false,"is_ascension_mode":false,"campfire_upgraded":2,"timestamp":1526413072,"path_taken":["M","M","M","M","M","E","M","M","T","E","R","E","M","?","R","BOSS"],"build_version":"2018-05-10","seed_source_timestamp":173732682326507,"purchased_purges":0,"victory":false,"master_deck":["Strike_R","Strike_R","Strike_R","Strike_R","Strike_R","Defend_R","Defend_R","Defend_R","Defend_R","Bash","Body Slam+1","Whirlwind","Shockwave","Uppercut","Battle Trance","Disarm","Iron Wave","Dropkick","Seeing Red+1","Fire Breathing"],"max_hp_per_floor":[80,80,80,80,80,80,80,80,80,80,80,87,87,81,81,86],"relics":["Burning Blood","The Courier","Regal Pillow","Bottled Lightning","Strawberry","Golden Idol"],"card_choices":[{"not_picked":["True Grit","Clothesline"],"picked":"Body Slam","floor":0},{"not_picked":["Thunderclap","Twin Strike"],"picked":"Whirlwind","floor":1},{"not_picked":["Anger","Clothesline"],"picked":"Shockwave","floor":2},{"not_picked":["Warcry","Cleave"],"picked":"Uppercut","floor":3},{"not_picked":["Wild Strike","Sentinel"],"picked":"Battle Trance","floor":4},{"not_picked":["Sword Boomerang","Warcry"],"picked":"Disarm","floor":5},{"not_picked":["Flex","Clothesline"],"picked":"Iron Wave","floor":6},{"not_picked":["Twin Strike","Warcry"],"picked":"Dropkick","floor":7},{"not_picked":["Reckless Charge","Corruption"],"picked":"Seeing Red","floor":10},{"not_picked":["Clash","Shrug It Off"],"picked":"Fire Breathing","floor":13}],"player_experience":244076,"potions_floor_usage":[6,10,16,16],"damage_taken":[{"damage":0,"enemies":"Small Slimes","floor":1,"turns":4},{"damage":1,"enemies":"Jaw Worm","floor":2,"turns":3},{"damage":2,"enemies":"2 Louse","floor":3,"turns":3},{"damage":11,"enemies":"Lots of Slimes","floor":4,"turns":3},{"damage":8,"enemies":"Exordium Wildlife","floor":5,"turns":3},{"damage":34,"enemies":"3 Sentries","floor":6,"turns":11},{"damage":14,"enemies":"Large Slime","floor":7,"turns":7},{"damage":10,"enemies":"2 Fungi Beasts","floor":8,"turns":3},{"damage":17,"enemies":"Lagavulin","floor":10,"turns":7},{"damage":21,"enemies":"3 Sentries","floor":12,"turns":7},{"damage":6,"enemies":"Lots of Slimes","floor":13,"turns":3},{"damage":28,"enemies":"The Guardian","floor":16,"turns":9}],"event_choices":[{"event_name":"Golden Idol","player_choice":"Lose Max HP","floor":14,"damage_taken":0}],"boss_relics":[],"potions_floor_spawned":[2,4,5,10,13],"seed_played":"-872801294871182504","killed_by":"The Guardian","ascension_level":0,"is_trial":false}