{"gold_per_floor":[119,133,144,33,33,33,44,44,91,109,109,109,138,150,150,250,250,269,269,269,92,92,74,74,90,115,135,135],"floor_reached":28,"playtime":1275,"items_purged":["Injury"],"score":325,"play_id":"03e814b3-1f31-4913-bee8-e3789db39ba0","local_time":"20190224143904","is_ascension_mode":true,"campfire_choices":[{"data":"Skewer","floor":6,"key":"SMITH"},{"data":"Catalyst","floor":8,"key":"SMITH"},{"data":"Poisoned Stab","floor":11,"key":"SMITH"},{"floor":15,"key":"REST"},{"data":"Deadly Poison","floor":24,"key":"SMITH"}],"neow_cost":"CURSE","seed_source_timestamp":22692518017097,"circlet_count":0,"master_deck":["Defend_G+1","Defend_G+1","Defend_G+1","Defend_G+1","Defend_G+1","Strike_G+1","Strike_G+1","Strike_G+1","Strike_G+1","Strike_G+1","Survivor","Neutralize","Dagger Throw","Bouncing Flask","Skewer+1","Catalyst+1","Catalyst+1","Poisoned Stab+1","Cloak And Dagger","Flying Knee","Terror","Corpse Explosion","Outmaneuver","PiercingWail","Deadly Poison+1","Leg Sweep","Poisoned Stab+1"],"relics":["Ring of the Snake","Bird Faced Urn","Potion Belt","Dream Catcher","White Beast Statue","Happy Flower","Smiling Mask"],"potions_floor_usage":[16,23,23,27,28,28,28],"damage_taken":[{"damage":0,"enemies":"Small Slimes","floor":1,"turns":4},{"damage":0,"enemies":"Jaw Worm","floor":2,"turns":5},{"damage":4,"enemies":"2 Louse","floor":3,"turns":4},{"damage":0,"enemies":"Exordium Thugs","floor":7,"turns":4},{"damage":4,"enemies":"Blue Slaver","floor":10,"turns":5},{"damage":18,"enemies":"Lagavulin","floor":13,"turns":3},{"damage":12,"enemies":"Exordium Wildlife","floor":14,"turns":3},{"damage":0,"enemies":"The Guardian","floor":16,"turns":3},{"damage":2,"enemies":"Chosen","floor":18,"turns":3},{"damage":14,"enemies":"2 Thieves","floor":23,"turns":4},{"damage":6,"enemies":"Snecko","floor":25,"turns":4},{"damage":25,"enemies":"Sentry and Sphere","floor":27,"turns":7},{"damage":43,"enemies":"3 Cultists","floor":28,"turns":5}],"seed_played":"7038430652173739860","potions_obtained":[{"floor":3,"key":"GamblersBrew"},{"floor":7,"key":"Regen Potion"},{"floor":13,"key":"SkillPotion"},{"floor":14,"key":"Ancient Potion"},{"floor":18,"key":"Block Potion"},{"floor":23,"key":"Weak Potion"},{"floor":25,"key":"Explosive Potion"},{"floor":27,"key":"PowerPotion"}],"is_trial":false,"path_per_floor":["M","M","M","$","?","R","M","R","T","M","R","?","E","M","R","B",null,"M","?","?","$","?","M","R","M","T","M","M"],"character_chosen":"THE_SILENT","items_purchased":["Catalyst","Happy Flower","PiercingWail"],"campfire_rested":1,"item_purchase_floors":[4,21,21],"current_hp_per_floor":[70,70,66,66,66,66,66,66,66,62,62,62,44,32,53,53,70,68,55,55,55,55,55,55,49,49,24,0],"gold":135,"neow_bonus":"ONE_RARE_RELIC","is_prod":false,"is_daily":false,"chose_seed":false,"campfire_upgraded":4,"win_rate":0,"timestamp":1551040744,"path_taken":["M","M","M","$","?","R","M","R","T","M","R","?","E","M","R","BOSS","M","?","?","$","?","M","R","M","T","M","M"],"build_version":"2019-01-23","purchased_purges":1,"victory":false,"max_hp_per_floor":[70,70,70,70,70,70,70,70,70,70,70,70,70,70,70,70,70,70,75,75,75,75,75,75,75,75,75,75],"card_choices":[{"not_picked":["Underhanded Strike","Eviscerate"],"picked":"Dagger Throw","floor":1},{"not_picked":["Eviscerate","Backflip"],"picked":"Bouncing Flask","floor":2},{"not_picked":["Outmaneuver","Escape Plan"],"picked":"Skewer","floor":3},{"not_picked":["Bouncing Flask","Calculated Gamble"],"picked":"Catalyst","floor":7},{"not_picked":["Riddle With Holes","Backflip"],"picked":"Poisoned Stab","floor":10},{"not_picked":["Tactician","Noxious Fumes"],"picked":"Cloak And Dagger","floor":13},{"not_picked":["Bouncing Flask","Acrobatics"],"picked":"Flying Knee","floor":14},{"not_picked":["Catalyst","Bane"],"picked":"Terror","floor":15},{"not_picked":["Tools of the Trade","Doppelganger"],"picked":"Corpse Explosion","floor":16},{"not_picked":["Endless Agony+1","Setup"],"picked":"Outmaneuver","floor":18},{"not_picked":["Blade Dance","Masterful Stab"],"picked":"Deadly Poison","floor":23},{"not_picked":["Slice","Sucker Punch+1"],"picked":"Leg Sweep","floor":25},{"not_picked":["Prepared","Quick Slash+1"],"picked":"Poisoned Stab+1","floor":27}],"player_experience":347152,"relics_obtained":[{"floor":9,"key":"Potion Belt"},{"floor":13,"key":"Dream Catcher"},{"floor":26,"key":"Smiling Mask"}],"event_choices":[{"damage_healed":0,"gold_gain":0,"player_choice":"Leave","damage_taken":0,"max_hp_gain":0,"max_hp_loss":0,"event_name":"The Cleric","floor":5,"gold_loss":0},{"damage_healed":0,"gold_gain":0,"player_choice":"Grow","damage_taken":0,"max_hp_gain":0,"max_hp_loss":0,"event_name":"Living Wall","floor":12,"gold_loss":0,"cards_upgraded":["Catalyst"]},{"damage_healed":0,"gold_gain":0,"player_choice":"Shed Blood","damage_taken":18,"max_hp_gain":5,"max_hp_loss":0,"event_name":"Forgotten Altar","floor":19,"gold_loss":0},{"damage_healed":0,"gold_gain":0,"player_choice":"Simplicity","damage_taken":0,"max_hp_gain":0,"max_hp_loss":0,"event_name":"Back to Basics","floor":20,"gold_loss":0,"cards_upgraded":["Defend_G","Defend_G","Defend_G","Defend_G","Defend_G","Strike_G","Strike_G","Strike_G","Strike_G","Strike_G"]},{"damage_healed":0,"gold_gain":0,"player_choice":"Ignored","damage_taken":0,"max_hp_gain":0,"max_hp_loss":0,"event_name":"Vampires","floor":22,"gold_loss":0}],"is_beta":false,"boss_relics":[{"not_picked":["Busted Crown","Ectoplasm"],"picked":"White Beast Statue"}],"items_purged_floors":[4],"is_endless":false,"potions_floor_spawned":[3,7,13,14,18,23,25,27],"killed_by":"3 Cultists","ascension_level":2}