{"gold_per_floor":[110,285,285,285,297,297,323,337,361,361,377,394,105,136,136,241,241,251,262,72,72,90,90,115,115,142,152,180,193,193,208,208,303,303,314,314,254,270,270,270,289,317,371,371,371,404,103,157,157,157],"floor_reached":51,"playtime":12324,"items_purged":["Strike_G","Riddle With Holes+1"],"score":971,"play_id":"7068f35e-ce9b-403a-b0d4-f974fbd5d8f2","local_time":"20181222153207","is_ascension_mode":true,"campfire_choices":[{"data":"Bouncing Flask","floor":6,"key":"SMITH"},{"floor":10,"key":"REST"},{"data":"Footwork","floor":15,"key":"SMITH"},{"data":"Catalyst","floor":23,"key":"SMITH"},{"data":"Concentrate","floor":25,"key":"SMITH"},{"data":"Adrenaline","floor":30,"key":"SMITH"},{"floor":32,"key":"REST"},{"data":"Escape Plan","floor":40,"key":"SMITH"},{"floor":49,"key":"REST"}],"neow_cost":"NONE","seed_source_timestamp":213815900586500,"circlet_count":0,"master_deck":["Survivor+1","Neutralize+1","Well Laid Plans+1","Bouncing Flask+1","Poisoned Stab+1","Footwork+1","Adrenaline+1","Corpse Explosion+1","Deadly Poison+1","Poisoned Stab+1","Crippling Poison+1","Envenom+1","Concentrate+1","Catalyst+1","Acrobatics+1","Noxious Fumes+1","Deadly Poison+1","Venomology+1","Endless Agony+1","Dodge and Roll+1","Acrobatics+1","Cloak And Dagger+1","Blade Dance+1","Predator+1","Masterful Stab+1","Escape Plan+1","Footwork+1","Writhe","Catalyst+1"],"relics":["Ring of the Snake","Vajra","Gambling Chip","Oddly Smooth Stone","Whetstone","Orrery","Lee\u0027s Waffle","Darkstone Periapt","Lantern","Art of War","Pandora\u0027s Box","Mark of the Bloom","Ornamental Fan","Snake Skull","Omamori","DollysMirror","Bag of Marbles"],"potions_floor_usage":[7,19,22,24,33,35,35,41,41,50,50],"damage_taken":[{"damage":4,"enemies":"Small Slimes","floor":1,"turns":3},{"damage":7,"enemies":"Jaw Worm","floor":5,"turns":4},{"damage":14,"enemies":"Gremlin Nob","floor":7,"turns":4},{"damage":0,"enemies":"2 Louse","floor":8,"turns":2},{"damage":1,"enemies":"Exordium Wildlife","floor":11,"turns":3},{"damage":1,"enemies":"Red Slaver","floor":12,"turns":3},{"damage":5,"enemies":"3 Sentries","floor":14,"turns":8},{"damage":12,"enemies":"The Guardian","floor":16,"turns":9},{"damage":4,"enemies":"3 Byrds","floor":18,"turns":3},{"damage":8,"enemies":"Shell Parasite","floor":19,"turns":5},{"damage":9,"enemies":"Snecko","floor":22,"turns":4},{"damage":40,"enemies":"Slavers","floor":24,"turns":4},{"damage":0,"enemies":"Chosen and Byrds","floor":27,"turns":4},{"damage":5,"enemies":"Book of Stabbing","floor":28,"turns":3},{"damage":0,"enemies":"3 Cultists","floor":29,"turns":2},{"damage":3,"enemies":"Centurion and Healer","floor":31,"turns":3},{"damage":30,"enemies":"Automaton","floor":33,"turns":6},{"damage":1,"enemies":"Orb Walker","floor":35,"turns":2},{"damage":0,"enemies":"3 Shapes","floor":38,"turns":5},{"damage":0,"enemies":"Maw","floor":41,"turns":4},{"damage":32,"enemies":"Giant Head","floor":42,"turns":7},{"damage":10,"enemies":"Nemesis","floor":46,"turns":5},{"damage":3,"enemies":"Time Eater","floor":50,"turns":4}],"seed_played":"-429082259151465039","potions_obtained":[{"floor":5,"key":"Block Potion"},{"floor":7,"key":"PowerPotion"},{"floor":11,"key":"GamblersBrew"},{"floor":12,"key":"Swift Potion"},{"floor":22,"key":"Ancient Potion"},{"floor":27,"key":"Swift Potion"},{"floor":28,"key":"Poison Potion"}],"is_trial":false,"path_per_floor":["M","?","?","?","M","R","E","M","T","R","M","M","$","E","R","B",null,"M","M","$","?","M","R","E","R","T","M","E","M","R","M","R","B",null,"M","?","?","M","?","R","M","E","T","?","?","E","$","T","R","B",null],"character_chosen":"THE_SILENT","items_purchased":["Footwork","Adrenaline","Lee\u0027s Waffle","DollysMirror"],"campfire_rested":3,"item_purchase_floors":[13,13,20,47],"current_hp_per_floor":[66,66,59,41,34,34,20,20,20,43,42,41,41,36,36,24,64,60,52,84,84,75,75,35,35,35,35,30,30,30,27,52,22,69,68,68,68,68,68,68,68,36,36,36,36,26,26,26,26,23],"gold":157,"neow_bonus":"TEN_PERCENT_HP_BONUS","is_prod":false,"is_daily":false,"chose_seed":false,"campfire_upgraded":6,"win_rate":0,"timestamp":1545517927,"path_taken":["M","?","?","?","M","R","E","M","T","R","?","M","$","E","R","BOSS","M","M","$","?","M","R","E","R","T","M","E","M","R","M","R","BOSS","M","?","?","?","?","R","M","E","T","?","?","E","$","?","R","BOSS"],"build_version":"2018-12-20","purchased_purges":2,"victory":true,"max_hp_per_floor":[77,77,77,77,77,77,77,77,77,77,77,77,77,77,77,77,77,77,77,84,84,84,84,84,84,84,84,84,84,84,84,84,84,84,84,84,84,84,84,84,84,84,84,90,90,90,90,90,90,90],"card_choices":[{"not_picked":["Deadly Poison","Riddle With Holes"],"picked":"Well Laid Plans","floor":1},{"not_picked":["Poisoned Stab","Infinite Blades"],"picked":"Bouncing Flask","floor":5},{"not_picked":["Tactician","Bane","Endless Agony"],"picked":"SKIP","floor":7},{"not_picked":["Quick Slash","Sucker Punch","Dagger Throw"],"picked":"SKIP","floor":8},{"not_picked":["Endless Agony","Cloak And Dagger","Setup"],"picked":"SKIP","floor":11},{"not_picked":["Blade Dance","Prepared"],"picked":"Poisoned Stab","floor":12},{"not_picked":["Prepared","Underhanded Strike","Acrobatics"],"picked":"SKIP","floor":14},{"not_picked":["Envenom","Storm of Steel"],"picked":"Corpse Explosion","floor":16},{"not_picked":["Acrobatics","Underhanded Strike"],"picked":"Deadly Poison","floor":17},{"not_picked":["Distraction","Masterful Stab"],"picked":"Poisoned Stab","floor":17},{"not_picked":["Skewer","Distraction"],"picked":"Crippling Poison","floor":17},{"not_picked":["Choke+1","Acrobatics+1"],"picked":"Envenom","floor":18},{"not_picked":["Cloak And Dagger","Bane"],"picked":"Concentrate","floor":19},{"not_picked":["Skewer","Outmaneuver"],"picked":"Catalyst","floor":22},{"not_picked":["Heel Hook","Distraction","Deflect"],"picked":"SKIP","floor":24},{"not_picked":["Blade Dance","Dagger Throw"],"picked":"Acrobatics","floor":27},{"not_picked":["Blur","Deflect"],"picked":"Noxious Fumes","floor":28},{"not_picked":["Skewer","Dagger Throw+1"],"picked":"Deadly Poison+1","floor":29},{"not_picked":["Bane","All Out Attack","Deflect"],"picked":"SKIP","floor":31},{"not_picked":["Unload","Bullet Time"],"picked":"Venomology","floor":33},{"not_picked":["Slice+1","Sucker Punch+1","Backflip"],"picked":"SKIP","floor":35},{"not_picked":["Dash","Finisher"],"picked":"Escape Plan","floor":38},{"not_picked":["Slice+1","Dagger Throw","Flying Knee"],"picked":"SKIP","floor":41},{"not_picked":["Outmaneuver","Predator"],"picked":"Footwork+1","floor":42},{"not_picked":["PiercingWail+1","Escape Plan","Outmaneuver+1"],"picked":"SKIP","floor":46}],"player_experience":303590,"relics_obtained":[{"floor":7,"key":"Gambling Chip"},{"floor":9,"key":"Oddly Smooth Stone"},{"floor":14,"key":"Whetstone"},{"floor":24,"key":"Darkstone Periapt"},{"floor":26,"key":"Lantern"},{"floor":28,"key":"Art of War"},{"floor":42,"key":"Ornamental Fan"},{"floor":43,"key":"Snake Skull"},{"floor":46,"key":"Omamori"},{"floor":48,"key":"Bag of Marbles"}],"event_choices":[{"damage_healed":0,"gold_gain":175,"player_choice":"AGREE","damage_taken":0,"max_hp_gain":0,"max_hp_loss":0,"event_name":"Liars Game","floor":2,"gold_loss":0,"cards_obtained":["Doubt"]},{"cards_removed":["Doubt"],"damage_healed":0,"gold_gain":0,"player_choice":"Card Removal","damage_taken":7,"max_hp_gain":0,"max_hp_loss":0,"event_name":"Golden Wing","floor":3,"gold_loss":0},{"damage_healed":0,"gold_gain":0,"player_choice":"Success","damage_taken":18,"relics_obtained":["Vajra"],"max_hp_gain":0,"max_hp_loss":0,"event_name":"Scrap Ooze","floor":4,"gold_loss":0},{"damage_healed":0,"gold_gain":0,"player_choice":"Bought 0 Potions","damage_taken":0,"max_hp_gain":0,"max_hp_loss":0,"event_name":"The Woman in Blue","floor":21,"gold_loss":0},{"damage_healed":0,"gold_gain":0,"player_choice":"Upgrade","damage_taken":0,"relics_obtained":["Mark of the Bloom"],"max_hp_gain":0,"max_hp_loss":0,"event_name":"MindBloom","floor":36,"gold_loss":0,"cards_upgraded":["Survivor","Neutralize","Well Laid Plans","Poisoned Stab","Corpse Explosion","Deadly Poison","Poisoned Stab","Crippling Poison","Envenom","Acrobatics","Noxious Fumes","Venomology","Endless Agony","Dodge and Roll","A Thousand Cuts","Riddle With Holes","Acrobatics","Cloak And Dagger","Blade Dance","Predator","Masterful Stab"]},{"cards_removed":["A Thousand Cuts"],"damage_healed":0,"gold_gain":0,"player_choice":"Single Remove","damage_taken":0,"max_hp_gain":0,"max_hp_loss":0,"event_name":"Designer","floor":37,"gold_loss":60},{"damage_healed":0,"gold_gain":0,"player_choice":"Memory 1","damage_taken":0,"max_hp_gain":0,"max_hp_loss":0,"event_name":"SensoryStone","floor":39,"gold_loss":0},{"damage_healed":21,"gold_gain":0,"player_choice":"Writhe","damage_taken":0,"max_hp_gain":0,"max_hp_loss":0,"event_name":"Winding Halls","floor":44,"gold_loss":0,"cards_obtained":["Writhe"]},{"damage_healed":0,"gold_gain":0,"player_choice":"Ignored","damage_taken":0,"max_hp_gain":0,"max_hp_loss":0,"event_name":"The Moai Head","floor":45,"gold_loss":0}],"is_beta":false,"boss_relics":[{"not_picked":["Tiny House","WristBlade"],"picked":"Orrery"},{"not_picked":["HoveringKite","Coffee Dripper"],"picked":"Pandora\u0027s Box"}],"items_purged_floors":[13,47],"is_endless":false,"potions_floor_spawned":[5,7,11,12,22,27,28,31,46],"ascension_level":6}