{"gold_per_floor":[110,128,128,146,22,47,47,65,141,170,185,185,185,198,198,274,274,290,147,147,147,195,195,38,38,61,74,94,94,94,108,108,179,179,192,192,212,222,20,32,32,32],"floor_reached":42,"playtime":1988,"items_purged":["Strike_G"],"score":698,"play_id":"9c806ae0-f91b-4383-b888-c9b4b2c721a9","local_time":"20190204171707","is_ascension_mode":true,"campfire_choices":[{"data":"Bane","floor":7,"key":"SMITH"},{"data":"Bane","floor":12,"key":"SMITH"},{"data":"Deadly Poison","floor":15,"key":"SMITH"},{"data":"Neutralize","floor":23,"key":"SMITH"},{"data":"Noxious Fumes","floor":25,"key":"SMITH"},{"data":"Bouncing Flask","floor":29,"key":"SMITH"},{"data":"Well Laid Plans","floor":32,"key":"SMITH"},{"floor":41,"key":"REST"}],"neow_cost":"NONE","seed_source_timestamp":954672417398700,"circlet_count":0,"master_deck":["AscendersBane","Defend_G","Defend_G","Defend_G","Defend_G","Defend_G","Strike_G","Strike_G","Strike_G","Survivor","Neutralize+1","Deadly Poison+1","Leg Sweep","Deadly Poison","Bane+1","Bane+1","Dash","Die Die Die","Crippling Poison","Leg Sweep","Terror","PiercingWail","Malaise","PiercingWail","Well Laid Plans+1","Noxious Fumes+1","Bouncing Flask+1","Backflip","Deadly Poison+1","Corpse Explosion","Night Terror","Deflect","Prepared+1","Acrobatics","Footwork+1"],"relics":["Ring of the Snake","Gremlin Horn","Tiny Chest","Blood Vial","Velvet Choker","Regal Pillow","Bag of Preparation","PreservedInsect","FaceOfCleric","Black Star","Question Card","Art of War"],"potions_floor_usage":[10,14,16,33,40],"damage_taken":[{"damage":0,"enemies":"Jaw Worm","floor":1,"turns":5},{"damage":0,"enemies":"2 Louse","floor":2,"turns":4},{"damage":4,"enemies":"Small Slimes","floor":4,"turns":5},{"damage":6,"enemies":"Gremlin Nob","floor":6,"turns":4},{"damage":0,"enemies":"Looter","floor":8,"turns":3},{"damage":12,"enemies":"Lagavulin","floor":10,"turns":6},{"damage":4,"enemies":"Exordium Wildlife","floor":11,"turns":4},{"damage":0,"enemies":"2 Fungi Beasts","floor":14,"turns":2},{"damage":12,"enemies":"The Guardian","floor":16,"turns":11},{"damage":1,"enemies":"Spheric Guardian","floor":18,"turns":3},{"damage":3,"enemies":"2 Thieves","floor":27,"turns":4},{"damage":3,"enemies":"Chosen and Byrds","floor":28,"turns":6},{"damage":3,"enemies":"Centurion and Healer","floor":31,"turns":8},{"damage":31,"enemies":"Automaton","floor":33,"turns":10},{"damage":19,"enemies":"3 Darklings","floor":35,"turns":5},{"damage":0,"enemies":"3 Shapes","floor":37,"turns":5},{"damage":24,"enemies":"Jaw Worm Horde","floor":38,"turns":3},{"damage":34,"enemies":"Maw","floor":40,"turns":7},{"damage":51,"enemies":"Giant Head","floor":42,"turns":8}],"seed_played":"-5301941002897549864","potions_obtained":[{"floor":2,"key":"SpeedPotion"},{"floor":6,"key":"Explosive Potion"},{"floor":8,"key":"Regen Potion"},{"floor":10,"key":"Regen Potion"},{"floor":18,"key":"Ancient Potion"},{"floor":27,"key":"Regen Potion"},{"floor":38,"key":"SkillPotion"},{"floor":40,"key":"Strength Potion"}],"is_trial":false,"path_per_floor":["M","M","?","M","$","E","R","M","T","E","M","R","?","M","R","B",null,"M","$","?","?","T","R","$","R","T","M","M","R","?","M","R","B",null,"M","T","M","M","$","M","R","E"],"character_chosen":"THE_SILENT","items_purchased":["Bane","Dash","Well Laid Plans","Noxious Fumes","Bouncing Flask","Backflip","Art of War","Acrobatics"],"campfire_rested":1,"item_purchase_floors":[5,5,19,24,24,24,39,39],"current_hp_per_floor":[63,63,56,52,52,46,46,46,46,49,47,47,47,49,49,54,66,67,67,67,67,67,67,67,67,67,66,65,65,65,65,65,52,67,51,51,54,33,33,2,39,0],"gold":32,"neow_bonus":"THREE_CARDS","is_prod":false,"is_daily":false,"chose_seed":false,"campfire_upgraded":7,"win_rate":0,"timestamp":1549297027,"path_taken":["M","M","?","M","$","E","R","M","T","E","M","R","?","M","R","BOSS","M","$","?","?","?","R","$","R","T","M","?","R","?","M","R","BOSS","M","?","M","?","$","M","R","E"],"build_version":"2019-01-23","purchased_purges":1,"victory":false,"max_hp_per_floor":[70,70,70,70,70,70,70,70,70,70,70,70,70,70,70,70,70,70,70,70,70,70,70,70,70,70,70,70,70,70,71,71,72,72,73,73,74,75,75,76,76,76],"card_choices":[{"not_picked":["Outmaneuver","Well Laid Plans"],"picked":"Deadly Poison","floor":0},{"not_picked":["Blade Dance","Crippling Poison"],"picked":"Leg Sweep","floor":1},{"not_picked":["Cloak And Dagger","Reflex"],"picked":"Deadly Poison","floor":2},{"not_picked":["Riddle With Holes","Dodge and Roll"],"picked":"Bane","floor":4},{"not_picked":["Masterful Stab","Cloak And Dagger"],"picked":"Die Die Die","floor":6},{"not_picked":["Blade Dance","Slice"],"picked":"Crippling Poison","floor":8},{"not_picked":["Backflip","Dagger Throw"],"picked":"Leg Sweep","floor":10},{"not_picked":["Prepared","Distraction"],"picked":"Terror","floor":11},{"not_picked":["Acrobatics","Skewer"],"picked":"PiercingWail","floor":14},{"not_picked":["Phantasmal Killer","Doppelganger"],"picked":"Malaise","floor":16},{"not_picked":["Underhanded Strike","Dodge and Roll"],"picked":"PiercingWail","floor":18},{"not_picked":["Sucker Punch","Blade Dance"],"picked":"Deadly Poison+1","floor":27},{"not_picked":["Envenom","Cloak And Dagger","Underhanded Strike"],"picked":"SKIP","floor":28},{"not_picked":["Quick Slash","Setup+1"],"picked":"Corpse Explosion","floor":31},{"not_picked":["Tools of the Trade","Phantasmal Killer"],"picked":"Night Terror","floor":33},{"not_picked":["Expertise","Skewer"],"picked":"Deflect","floor":35},{"not_picked":["Underhanded Strike","Dash","Prepared","All Out Attack+1"],"picked":"SKIP","floor":37},{"not_picked":["Infinite Blades+1","Sucker Punch","Slice"],"picked":"Prepared+1","floor":38},{"not_picked":["Outmaneuver+1","Cloak And Dagger","Riddle With Holes+1"],"picked":"Footwork+1","floor":40}],"player_experience":466625,"relics_obtained":[{"floor":6,"key":"Gremlin Horn"},{"floor":9,"key":"Tiny Chest"},{"floor":10,"key":"Blood Vial"},{"floor":22,"key":"Bag of Preparation"},{"floor":26,"key":"PreservedInsect"},{"floor":36,"key":"Question Card"}],"event_choices":[{"cards_removed":["Strike_G"],"damage_healed":0,"gold_gain":0,"player_choice":"Card Removal","damage_taken":7,"max_hp_gain":0,"max_hp_loss":0,"event_name":"Golden Wing","floor":3,"gold_loss":0},{"damage_healed":0,"gold_gain":0,"player_choice":"Ignored","damage_taken":0,"max_hp_gain":0,"max_hp_loss":0,"event_name":"Liars Game","floor":13,"gold_loss":0},{"damage_healed":0,"gold_gain":0,"player_choice":"Ignored","damage_taken":0,"max_hp_gain":0,"max_hp_loss":0,"event_name":"Beggar","floor":20,"gold_loss":0},{"damage_healed":0,"gold_gain":0,"player_choice":"Opened","damage_taken":0,"relics_obtained":["Regal Pillow"],"max_hp_gain":0,"max_hp_loss":0,"event_name":"The Mausoleum","floor":21,"gold_loss":0},{"damage_healed":0,"gold_gain":0,"player_choice":"Trade","damage_taken":0,"relics_obtained":["FaceOfCleric"],"max_hp_gain":0,"max_hp_loss":0,"event_name":"FaceTrader","floor":30,"gold_loss":0}],"is_beta":false,"boss_relics":[{"not_picked":["Snecko Eye","Empty Cage"],"picked":"Velvet Choker"},{"not_picked":["Philosopher\u0027s Stone","Coffee Dripper"],"picked":"Black Star"}],"items_purged_floors":[19],"is_endless":false,"potions_floor_spawned":[2,6,8,10,18,27,38,40],"killed_by":"Giant Head","ascension_level":13}