{"gold_per_floor":[112,112,130,148,148,148,163,163,163,163,176,191,205,217,217,319,319,333,22,38,56,56,56,72,82,109,109],"floor_reached":27,"playtime":1604,"items_purged":[],"score":211,"play_id":"ed779a62-f7bc-4ad9-bf4d-9a83fd575490","local_time":"20190211002758","is_ascension_mode":false,"campfire_choices":[{"data":"Redo","floor":6,"key":"SMITH"},{"floor":8,"key":"REST"},{"data":"Reinforced Body","floor":10,"key":"SMITH"},{"floor":15,"key":"REST"},{"data":"Strike_B","floor":23,"key":"PURGE"}],"neow_cost":"NONE","seed_source_timestamp":51632109695618,"circlet_count":0,"master_deck":["Strike_B","Strike_B","Strike_B","Defend_B","Defend_B","Defend_B+1","Defend_B","Zap","Dualcast","Go for the Eyes+1","Redo+1","Reinforced Body+1","Compile Driver","Streamline","Cold Snap","Capacitor","Rebound","Echo Form","Self Repair","Leap","Hologram+1","Stack","Defragment"],"relics":["Cracked Core","NeowsBlessing","Bottled Flame","Sozu","Peace Pipe","Smiling Mask"],"potions_floor_usage":[18,20],"damage_taken":[{"damage":0,"enemies":"Small Slimes","floor":1,"turns":1},{"damage":0,"enemies":"Cultist","floor":3,"turns":1},{"damage":0,"enemies":"2 Louse","floor":4,"turns":1},{"damage":18,"enemies":"Exordium Wildlife","floor":7,"turns":5},{"damage":2,"enemies":"Looter","floor":11,"turns":3},{"damage":0,"enemies":"Large Slime","floor":12,"turns":5},{"damage":1,"enemies":"Exordium Thugs","floor":13,"turns":5},{"damage":7,"enemies":"Red Slaver","floor":14,"turns":4},{"damage":49,"enemies":"Slime Boss","floor":16,"turns":12},{"damage":15,"enemies":"Spheric Guardian","floor":18,"turns":4},{"damage":17,"enemies":"2 Thieves","floor":20,"turns":5},{"damage":9,"enemies":"Centurion and Healer","floor":21,"turns":7},{"damage":0,"enemies":"Shelled Parasite and Fungi","floor":24,"turns":8},{"damage":33,"enemies":"Cultist and Chosen","floor":25,"turns":8},{"damage":19,"enemies":"Snake Plant","floor":27,"turns":4}],"seed_played":"-27288415318451790","potions_obtained":[{"floor":1,"key":"FearPotion"},{"floor":12,"key":"Poison Potion"},{"floor":16,"key":"Energy Potion"}],"is_trial":false,"path_per_floor":["M","?","M","M","?","R","M","R","T","R","M","M","M","M","R","B",null,"M","$","M","M","?","R","M","M","T","M"],"character_chosen":"DEFECT","items_purchased":["Peace Pipe"],"campfire_rested":2,"item_purchase_floors":[19],"current_hp_per_floor":[75,60,60,60,60,60,42,64,64,64,62,62,61,54,75,26,75,60,60,50,41,27,27,34,15,15,0],"gold":109,"neow_bonus":"THREE_ENEMY_KILL","is_prod":false,"is_daily":false,"chose_seed":false,"campfire_upgraded":2,"win_rate":0.0,"timestamp":1549866478,"path_taken":["M","?","M","M","?","R","M","R","T","R","M","M","M","?","R","BOSS","M","?","M","M","?","R","M","M","T","M"],"build_version":"2019-01-23","purchased_purges":0,"victory":false,"max_hp_per_floor":[75,75,75,75,75,75,75,75,75,75,75,75,75,75,75,75,75,75,75,75,75,80,80,80,80,80,80],"card_choices":[{"not_picked":["Aggregate","Cold Snap"],"picked":"Go for the Eyes","floor":1},{"not_picked":["Conserve Battery","Rip and Tear"],"picked":"Redo","floor":3},{"not_picked":["Consume","Glacier"],"picked":"Reinforced Body","floor":4},{"not_picked":["Aggregate","Go for the Eyes"],"picked":"Compile Driver","floor":7},{"not_picked":["Undo","Heatsinks"],"picked":"Streamline","floor":11},{"not_picked":["Coolheaded","Chaos"],"picked":"Cold Snap","floor":12},{"not_picked":["Cold Snap","Force Field"],"picked":"Capacitor","floor":13},{"not_picked":["Aggregate","Conserve Battery"],"picked":"Rebound","floor":14},{"not_picked":["Amplify","Biased Cognition"],"picked":"Echo Form","floor":16},{"not_picked":["Streamline+1","Redo"],"picked":"Self Repair","floor":18},{"not_picked":["Cold Snap","Rebound"],"picked":"Leap","floor":20},{"not_picked":["Go for the Eyes","Rebound"],"picked":"Hologram+1","floor":21},{"not_picked":["Capacitor","Hologram"],"picked":"Stack","floor":24},{"not_picked":["Hyperbeam","Cold Snap"],"picked":"Defragment","floor":25}],"player_experience":38841,"relics_obtained":[{"floor":9,"key":"Bottled Flame"},{"floor":26,"key":"Smiling Mask"}],"event_choices":[{"damage_healed":0,"gold_gain":0,"player_choice":"Entered Light","damage_taken":15,"max_hp_gain":0,"max_hp_loss":0,"event_name":"Shining Light","floor":2,"gold_loss":0,"cards_upgraded":["Go for the Eyes","Defend_B"]},{"damage_healed":0,"gold_gain":0,"player_choice":"Ignored","damage_taken":0,"max_hp_gain":0,"max_hp_loss":0,"event_name":"NoteForYourself","floor":5,"gold_loss":0},{"damage_healed":0,"gold_gain":0,"player_choice":"Shed Blood","damage_taken":19,"max_hp_gain":5,"max_hp_loss":0,"event_name":"Forgotten Altar","floor":22,"gold_loss":0}],"is_beta":false,"boss_relics":[{"not_picked":["Fusion Hammer","Busted Crown"],"picked":"Sozu"}],"items_purged_floors":[],"is_endless":false,"potions_floor_spawned":[1,12,16,20,21,24],"killed_by":"Snake Plant","ascension_level":0}