{"gold_per_floor":[109,122,133,150,165,190,190,205,205,155,186,186],"floor_reached":12,"playtime":587,"items_purged":[],"score":138,"play_id":"22adf0bf-c5b3-4f74-afb0-80e78a572ccc","local_time":"20190131213451","is_ascension_mode":true,"campfire_choices":[{"floor":7,"key":"REST"}],"neow_cost":"NONE","seed_source_timestamp":1047794771983421,"circlet_count":0,"master_deck":["AscendersBane","Strike_B","Strike_B","Strike_B","Defend_B","Defend_B","Defend_B","Defend_B","Zap","Dualcast+1","Rebound","Redo","Conserve Battery","Glacier","Self Repair","Barrage","Machine Learning"],"relics":["Cracked Core","Smiling Mask","Kunai","Centennial Puzzle"],"potions_floor_usage":[6,11,12,12],"damage_taken":[{"damage":2,"enemies":"Jaw Worm","floor":1,"turns":3},{"damage":8,"enemies":"2 Louse","floor":2,"turns":3},{"damage":0,"enemies":"Cultist","floor":3,"turns":2},{"damage":27,"enemies":"Large Slime","floor":4,"turns":9},{"damage":8,"enemies":"Exordium Wildlife","floor":5,"turns":3},{"damage":6,"enemies":"Lagavulin","floor":6,"turns":9},{"damage":4,"enemies":"3 Louse","floor":8,"turns":4},{"damage":20,"enemies":"3 Sentries","floor":11,"turns":12},{"damage":29,"enemies":"Gremlin Gang","floor":12,"turns":3}],"seed_played":"5216005701397228671","potions_obtained":[{"floor":1,"key":"Ancient Potion"},{"floor":4,"key":"Dexterity Potion"},{"floor":5,"key":"FocusPotion"},{"floor":8,"key":"LiquidBronze"}],"is_trial":false,"path_per_floor":["M","M","M","M","M","E","R","M","T","?","E","M"],"character_chosen":"DEFECT","items_purchased":[],"campfire_rested":1,"item_purchase_floors":[],"current_hp_per_floor":[66,58,58,31,23,17,39,42,42,42,29,0],"gold":186,"neow_bonus":"UPGRADE_CARD","is_prod":false,"is_daily":false,"chose_seed":false,"campfire_upgraded":0,"win_rate":0,"timestamp":1548966891,"path_taken":["M","M","M","M","M","E","R","M","T","?","E","M"],"build_version":"2019-01-23","purchased_purges":0,"victory":false,"max_hp_per_floor":[75,75,75,75,75,75,75,75,75,75,75,75],"card_choices":[{"not_picked":["Skim","Beam Cell"],"picked":"Rebound","floor":1},{"not_picked":["Leap","Go for the Eyes"],"picked":"Redo","floor":2},{"not_picked":["Beam Cell","Go for the Eyes"],"picked":"Conserve Battery","floor":3},{"not_picked":["Chaos","Leap"],"picked":"Glacier","floor":4},{"not_picked":["Compile Driver","Darkness","Gash"],"picked":"SKIP","floor":5},{"not_picked":["Fusion","Leap"],"picked":"Self Repair","floor":6},{"not_picked":["Tempest","Melter"],"picked":"Barrage","floor":8},{"not_picked":["Core Surge","Chaos"],"picked":"Machine Learning","floor":11}],"player_experience":702520,"relics_obtained":[{"floor":6,"key":"Smiling Mask"},{"floor":9,"key":"Kunai"},{"floor":11,"key":"Centennial Puzzle"}],"event_choices":[{"cards_removed":["Strike_B"],"damage_healed":0,"gold_gain":0,"player_choice":"Card Removal","damage_taken":0,"max_hp_gain":0,"max_hp_loss":0,"event_name":"The Cleric","floor":10,"gold_loss":50}],"is_beta":false,"boss_relics":[],"items_purged_floors":[],"is_endless":false,"potions_floor_spawned":[1,4,5,8],"killed_by":"Gremlin Gang","ascension_level":10}