{"gold_per_floor":[15,15,26,44,44,44,69,69,69,80,100,100,100,119,119,214,214,232,247,21,40,40,40,40,40],"floor_reached":25,"playtime":1081,"items_purged":[],"score":305,"play_id":"cdca9917-4993-4a42-80dd-3b6ca896f721","local_time":"20190126171236","is_ascension_mode":true,"campfire_choices":[{"data":"Skewer","floor":6,"key":"SMITH"},{"data":"Neutralize","floor":8,"key":"SMITH"},{"data":"Well Laid Plans","floor":12,"key":"SMITH"},{"data":"Predator","floor":15,"key":"SMITH"},{"data":"Envenom","floor":23,"key":"SMITH"}],"neow_cost":"NO_GOLD","seed_source_timestamp":177438308979500,"circlet_count":0,"master_deck":["AscendersBane","Defend_G","Defend_G","Defend_G","Defend_G","Defend_G","Strike_G","Strike_G","Strike_G","Survivor","Neutralize+1","Burst+1","Skewer+1","Dagger Spray","Predator+1","Terror","Backstab","Well Laid Plans+1","Poisoned Stab","Envenom+1","Blur","Finisher","Infinite Blades","Footwork+1"],"relics":["Ring of the Snake","Calipers","Shuriken","Happy Flower","Nloth\u0027s Gift"],"potions_floor_usage":[7,14,16,18,21],"damage_taken":[{"damage":4,"enemies":"Jaw Worm","floor":1,"turns":11},{"damage":11,"enemies":"Small Slimes","floor":3,"turns":5},{"damage":5,"enemies":"Cultist","floor":4,"turns":4},{"damage":7,"enemies":"3 Sentries","floor":7,"turns":6},{"damage":10,"enemies":"3 Louse","floor":10,"turns":3},{"damage":8,"enemies":"Exordium Thugs","floor":11,"turns":3},{"damage":0,"enemies":"Lots of Slimes","floor":14,"turns":1},{"damage":5,"enemies":"The Guardian","floor":16,"turns":9},{"damage":14,"enemies":"Shell Parasite","floor":18,"turns":5},{"damage":0,"enemies":"Chosen","floor":19,"turns":4},{"damage":24,"enemies":"Snake Plant","floor":21,"turns":4},{"damage":26,"enemies":"3 Cultists","floor":25,"turns":4}],"seed_played":"-5652728383120204039","potions_obtained":[{"floor":4,"key":"SkillPotion"},{"floor":13,"key":"SkillPotion"},{"floor":13,"key":"Strength Potion"},{"floor":13,"key":"Explosive Potion"},{"floor":14,"key":"Block Potion"}],"is_trial":false,"path_per_floor":["M","?","M","M","?","R","E","R","T","M","M","R","?","M","R","B",null,"M","M","$","M","?","R","?","M"],"character_chosen":"THE_SILENT","items_purchased":["Infinite Blades","Happy Flower"],"campfire_rested":0,"item_purchase_floors":[20,20],"current_hp_per_floor":[59,59,48,43,66,66,59,59,59,49,41,41,41,41,41,36,62,48,48,48,24,24,24,24,0],"gold":40,"neow_bonus":"THREE_RARE_CARDS","is_prod":false,"is_daily":false,"chose_seed":false,"campfire_upgraded":5,"win_rate":0,"timestamp":1548519156,"path_taken":["M","?","M","M","?","R","E","R","T","M","M","R","?","M","R","BOSS","M","M","$","M","?","R","?","?"],"build_version":"2019-01-23","purchased_purges":0,"victory":false,"max_hp_per_floor":[70,70,70,70,70,70,70,70,70,70,70,70,70,70,70,70,70,70,70,70,70,70,70,70,70],"card_choices":[{"not_picked":["After Image","Storm of Steel"],"picked":"Burst","floor":0},{"not_picked":["Sucker Punch","Dagger Throw"],"picked":"Skewer","floor":1},{"not_picked":["Expertise","Poisoned Stab"],"picked":"Dagger Spray","floor":3},{"not_picked":["Riddle With Holes","Bane"],"picked":"Predator","floor":4},{"not_picked":["Bane","Skewer"],"picked":"Terror","floor":7},{"not_picked":["PiercingWail","Dodge and Roll"],"picked":"Backstab","floor":10},{"not_picked":["Finisher","Prepared"],"picked":"Well Laid Plans","floor":11},{"not_picked":["Bane","Underhanded Strike"],"picked":"Poisoned Stab","floor":14},{"not_picked":["After Image","Night Terror"],"picked":"Envenom","floor":16},{"not_picked":["Escape Plan+1","Dagger Spray+1"],"picked":"Blur","floor":18},{"not_picked":["Tactician","Setup"],"picked":"Finisher","floor":19},{"not_picked":["Dodge and Roll","Flying Knee+1"],"picked":"Footwork+1","floor":21}],"player_experience":386949,"relics_obtained":[{"floor":7,"key":"Calipers"},{"floor":9,"key":"Shuriken"}],"event_choices":[{"damage_healed":0,"gold_gain":0,"player_choice":"Grow","damage_taken":0,"max_hp_gain":0,"max_hp_loss":0,"event_name":"Living Wall","floor":2,"gold_loss":0,"cards_upgraded":["Burst"]},{"damage_healed":23,"gold_gain":0,"player_choice":"Banana","damage_taken":0,"max_hp_gain":0,"max_hp_loss":0,"event_name":"Big Fish","floor":5,"gold_loss":0},{"damage_healed":0,"gold_gain":0,"player_choice":"Got Potions","damage_taken":0,"max_hp_gain":0,"max_hp_loss":0,"event_name":"Lab","floor":13,"gold_loss":0},{"damage_healed":0,"gold_gain":0,"player_choice":"Ignored","damage_taken":0,"max_hp_gain":0,"max_hp_loss":0,"event_name":"Beggar","floor":22,"gold_loss":0},{"damage_healed":0,"gold_gain":0,"player_choice":"Traded Relic","damage_taken":0,"relics_obtained":["Nloth\u0027s Gift"],"max_hp_gain":0,"max_hp_loss":0,"event_name":"N\u0027loth","floor":24,"relics_lost":["Empty Cage"],"gold_loss":0}],"is_beta":false,"boss_relics":[{"not_picked":["Ectoplasm","Calling Bell"],"picked":"Empty Cage"}],"items_purged_floors":[],"is_endless":false,"potions_floor_spawned":[4,14],"killed_by":"3 Cultists","ascension_level":10}