{"path_per_floor":["M","M","M","?","?","E","T","E","T","M","M","E","R","M","R","B",null,"M","?","?","?","M","E","?","$","T","M","M"],"character_chosen":"THE_SILENT","items_purchased":["Noxious Fumes","Catalyst","Tiny Chest"],"gold_per_floor":[119,130,144,144,244,275,301,335,335,350,364,396,396,410,410,505,535,547,447,447,397,415,442,442,100,100,116,134],"floor_reached":29,"campfire_rested":1,"playtime":2452,"current_hp_per_floor":[70,70,70,70,70,50,50,33,33,30,30,16,16,16,37,19,75,73,73,73,73,63,52,52,52,52,32,36],"items_purged":["Writhe"],"gold":134,"score":291,"play_id":"8e4cb28c-e2f9-47fe-ac7e-c2c1362d8ab5","is_prod":false,"is_daily":false,"is_ascension_mode":false,"campfire_upgraded":1,"path_taken":["M","M","M","?","?","E","?","E","T","?","M","E","R","M","R","BOSS","M","?","?","?","M","E","?","$","T","M","M","E"],"build_version":"2018-02-22-PROD2","purchased_purges":1,"victory":false,"master_deck":["Defend_G","Defend_G","Defend_G","Defend_G","Defend_G","Survivor+1","Neutralize+1","Caltrops","Terror","PiercingWail","Storm of Steel+1","Bullet Time","Well Laid Plans","Endless Agony","A Thousand Cuts","Crippling Poison","Glass Knife","Reflex","Dagger Throw","J.A.X.","Footwork+1","Blade Dance","Bite","Bite","Bite","Bite","Bite","Noxious Fumes","Catalyst","Infinite Blades","Dash"],"max_hp_per_floor":[70,70,70,70,70,70,70,70,70,70,70,70,70,70,70,70,75,75,75,75,75,75,75,75,75,75,75,75],"relics":["Ring of the Snake","Bronze Scales","Happy Flower","Dodecahedron","Du-Vu Doll","Centennial Puzzle","Tiny House","Mercury Hourglass","Tiny Chest","Smiling Mask"],"card_choices":[{"not_picked":["Dagger Spray","Outmaneuver"],"picked":"Caltrops"},{"not_picked":["Accuracy","Flying Knee"],"picked":"Terror"},{"not_picked":["Quick Slash","Finisher"],"picked":"PiercingWail"},{"not_picked":["Deflect","Reflex"],"picked":"Storm of Steel"},{"not_picked":["Dodge and Roll","Deflect"],"picked":"Bullet Time"},{"not_picked":["Deadly Poison","Distraction"],"picked":"Well Laid Plans"},{"not_picked":["Dodge and Roll","Outmaneuver"],"picked":"Endless Agony"},{"not_picked":["Prepared","PiercingWail"],"picked":"A Thousand Cuts"},{"not_picked":["Deadly Poison","Catalyst"],"picked":"Crippling Poison"},{"not_picked":["Bullet Time","Venomology"],"picked":"Glass Knife"},{"not_picked":["Flying Knee","Sucker Punch"],"picked":"Reflex"},{"not_picked":["Sucker Punch","Slice"],"picked":"Dagger Throw"},{"not_picked":["Dagger Throw","Underhanded Strike"],"picked":"Footwork"},{"not_picked":["Terror","Cloak And Dagger"],"picked":"Blade Dance"},{"not_picked":["Poisoned Stab","Riddle With Holes"],"picked":"Infinite Blades"},{"not_picked":["Flying Knee","Noxious Fumes"],"picked":"Dash"}],"player_experience":157321,"potions_floor_usage":[6,23,29,29,29],"damage_taken":[{"damage":0,"enemies":"2 Louse","floor":1,"turns":3},{"damage":0,"enemies":"Cultist","floor":2,"turns":4},{"damage":0,"enemies":"Jaw Worm","floor":3,"turns":5},{"damage":20,"enemies":"Gremlin Nob","floor":6,"turns":4},{"damage":17,"enemies":"3 Sentries","floor":8,"turns":8},{"damage":3,"enemies":"Lots of Slimes","floor":10,"turns":3},{"damage":0,"enemies":"2 Fungi Beasts","floor":11,"turns":4},{"damage":14,"enemies":"Lagavulin","floor":12,"turns":7},{"damage":0,"enemies":"Blue Slaver","floor":14,"turns":1},{"damage":18,"enemies":"The Guardian","floor":16,"turns":9},{"damage":2,"enemies":"Shell Parasite","floor":18,"turns":4},{"damage":10,"enemies":"Spheric Guardian","floor":22,"turns":3},{"damage":11,"enemies":"Book of Stabbing","floor":23,"turns":5},{"damage":30,"enemies":"Slaver and Parasite","floor":27,"turns":5},{"damage":4,"enemies":"Centurion and Healer","floor":28,"turns":4},{"damage":43,"enemies":"Slavers","floor":29,"turns":4}],"event_choices":[{"event_name":"Upgrade Shrine","player_choice":"Upgraded","floor":4,"damage_taken":0},{"event_name":"Golden Shrine","player_choice":"Pray","floor":5,"damage_taken":0},{"event_name":"Drug Dealer","player_choice":"Got JAXXED","floor":19,"damage_taken":0},{"event_name":"The Mausoleum","player_choice":"Yes","floor":20,"damage_taken":0},{"event_name":"The Joust","player_choice":"Bet on Murderer","floor":21,"damage_taken":0},{"event_name":"Vampires","player_choice":"Became a vampire (Vial)","floor":24,"damage_taken":0}],"boss_relics":[{"not_picked":["Eternal Feather","Runic Pyramid"],"picked":"Tiny House"}],"potions_floor_spawned":[1,8,12,14,18,22,27],"seed_played":"-7468323073187149013","killed_by":"Slavers","ascension_level":0,"is_trial":false}