{"gold_per_floor":[113,113,113,38,4,4,23,34,34,34,53,128,128,140,140,244,244,264,264,119,130,130,130,155,155,155,155],"floor_reached":27,"playtime":1231,"items_purged":["Strike_B","Defend_B"],"score":269,"play_id":"291404c5-a0d6-4854-8868-8374061ae7a0","local_time":"20190303131304","is_ascension_mode":false,"campfire_choices":[{"data":"Sunder","floor":6,"key":"SMITH"},{"data":"Dualcast","floor":10,"key":"SMITH"},{"data":"Zap","floor":13,"key":"SMITH"},{"data":"Cold Snap","floor":15,"key":"SMITH"},{"data":"Echo Form","floor":23,"key":"SMITH"},{"data":"Conserve Battery","floor":25,"key":"SMITH"}],"neow_cost":"TEN_PERCENT_HP_LOSS","seed_source_timestamp":86705142736316,"circlet_count":0,"master_deck":["Defend_B","Defend_B","Defend_B","Zap+1","Dualcast+1","Ball Lightning","Sunder+1","Cold Snap+1","Blizzard","Barrage","Echo Form+1","Beam Cell+1","Cold Snap+1","Chaos+1","Reinforced Body+1","RitualDagger","Cold Snap","Conserve Battery+1"],"relics":["Cracked Core","Du-Vu Doll","Meat on the Bone","Astrolabe","Incense Burner","Gremlin Horn"],"potions_floor_usage":[18,18,18],"damage_taken":[{"damage":8,"enemies":"Jaw Worm","floor":1,"turns":3},{"damage":0,"enemies":"2 Louse","floor":7,"turns":2},{"damage":0,"enemies":"Small Slimes","floor":8,"turns":2},{"damage":1,"enemies":"3 Louse","floor":11,"turns":2},{"damage":3,"enemies":"Gremlin Gang","floor":14,"turns":3},{"damage":0,"enemies":"Slime Boss","floor":16,"turns":6},{"damage":6,"enemies":"2 Thieves","floor":18,"turns":3},{"damage":5,"enemies":"3 Byrds","floor":21,"turns":3},{"damage":38,"enemies":"Gremlin Leader","floor":24,"turns":6},{"damage":26,"enemies":"Centurion and Healer","floor":27,"turns":2}],"seed_played":"920739330863729480","potions_obtained":[{"floor":8,"key":"SpeedPotion"},{"floor":11,"key":"Energy Potion"},{"floor":16,"key":"Poison Potion"},{"floor":18,"key":"Ancient Potion"}],"is_trial":false,"path_per_floor":["M","?","?","$","$","R","M","M","T","R","M","?","R","M","R","B",null,"M","?","$","M","?","R","E","R","T","M"],"character_chosen":"DEFECT","items_purchased":["Sunder","Cold Snap"],"campfire_rested":0,"item_purchase_floors":[5,20],"current_hp_per_floor":[60,60,46,46,46,46,46,46,46,46,45,34,34,43,43,43,68,62,56,56,51,51,51,25,25,25,0],"gold":155,"neow_bonus":"ONE_RARE_RELIC","is_prod":false,"is_daily":false,"chose_seed":false,"campfire_upgraded":6,"win_rate":0,"timestamp":1551647584,"path_taken":["M","?","?","?","$","R","?","M","T","R","M","?","R","M","R","BOSS","M","?","$","M","?","R","E","R","T","?"],"build_version":"2019-01-23","purchased_purges":2,"victory":false,"max_hp_per_floor":[68,68,68,68,68,68,68,68,68,68,68,68,68,68,68,68,68,68,68,68,68,68,68,68,68,68,68],"card_choices":[{"not_picked":["Coolheaded","Leap"],"picked":"Ball Lightning","floor":1},{"not_picked":["Undo","Sweeping Beam"],"picked":"Cold Snap","floor":7},{"not_picked":["Force Field","Doom and Gloom"],"picked":"Blizzard","floor":8},{"not_picked":["Skim","Scrape"],"picked":"Barrage","floor":11},{"not_picked":["Turbo","Coolheaded","Compile Driver"],"picked":"SKIP","floor":14},{"not_picked":["Fission","Reboot"],"picked":"Echo Form","floor":16},{"not_picked":["Barrage+1","Redo+1"],"picked":"Reinforced Body+1","floor":18},{"not_picked":["Scrape","Heatsinks","Steam"],"picked":"SKIP","floor":21},{"not_picked":["Scrape","Doom and Gloom"],"picked":"Conserve Battery","floor":24}],"player_experience":261064,"relics_obtained":[{"floor":9,"key":"Meat on the Bone"},{"floor":24,"key":"Incense Burner"},{"floor":26,"key":"Gremlin Horn"}],"event_choices":[{"damage_healed":0,"gold_gain":0,"player_choice":"Fled","damage_taken":0,"max_hp_gain":0,"max_hp_loss":0,"event_name":"Scrap Ooze","floor":2,"gold_loss":0},{"damage_healed":0,"gold_gain":0,"player_choice":"Entered Light","damage_taken":14,"max_hp_gain":0,"max_hp_loss":0,"event_name":"Shining Light","floor":3,"gold_loss":0,"cards_upgraded":["Strike_B","Strike_B"]},{"damage_healed":0,"gold_gain":75,"player_choice":"Gather Gold","damage_taken":11,"max_hp_gain":0,"max_hp_loss":0,"event_name":"World of Goop","floor":12,"gold_loss":0},{"damage_healed":0,"gold_gain":0,"player_choice":"Joined the Cult","damage_taken":6,"max_hp_gain":0,"max_hp_loss":0,"event_name":"Nest","floor":19,"gold_loss":0,"cards_obtained":["RitualDagger"]},{"damage_healed":0,"gold_gain":0,"player_choice":"Ignored","damage_taken":0,"max_hp_gain":0,"max_hp_loss":0,"event_name":"NoteForYourself","floor":22,"gold_loss":0}],"is_beta":false,"boss_relics":[{"not_picked":["Black Star","FrozenCore"],"picked":"Astrolabe"}],"items_purged_floors":[4,20],"is_endless":false,"potions_floor_spawned":[8,11,16,18],"killed_by":"Centurion and Healer","ascension_level":0}