{"path_per_floor":["M","M","?","$","?","M","E","R","T","R","M","M","M","M","R","B",null,"M","M","M","?"],"character_chosen":"DEFECT","items_purchased":["Storm"],"gold_per_floor":[109,127,127,47,47,57,85,85,131,131,143,154,164,176,176,279,279,299,315,328,427,427],"floor_reached":22,"campfire_rested":1,"playtime":1007,"item_purchase_floors":[4],"current_hp_per_floor":[75,75,75,75,68,55,39,39,39,39,8,5,5,5,27,17,75,35,18,3,3,0],"items_purged":[],"gold":427,"score":209,"play_id":"198e93c2-6138-407e-b1ef-0b5b964deaf8","local_time":"20180622005643","is_prod":false,"is_daily":false,"chose_seed":false,"is_ascension_mode":true,"campfire_upgraded":2,"win_rate":0,"timestamp":1529621803,"campfire_choices":[{"data":"Storm","floor":8,"key":"SMITH"},{"data":"Loop","floor":10,"key":"SMITH"},{"floor":15,"key":"REST"}],"path_taken":["M","?","?","$","?","M","E","R","T","R","M","M","M","M","R","BOSS","M","M","M","?","M"],"build_version":"2018-06-14v2","seed_source_timestamp":40355115295222,"purchased_purges":0,"victory":false,"master_deck":["Strike_B","Strike_B","Defend_B","Defend_B","Defend_B","Defend_B","Zap","Dualcast","White Noise","Storm+1","Loop+1","Chill","Tempest","Electrodynamics","Glacier","FTL+1"],"max_hp_per_floor":[75,75,75,75,75,75,75,75,75,75,75,75,75,75,75,75,75,75,75,75,75,75],"relics":["Cracked Core","Vajra","Dream Catcher","Eternal Feather"],"card_choices":[{"not_picked":["Stack","Chaos","Barrage"],"picked":"SKIP","floor":1},{"not_picked":["Conserve Battery","Glacier"],"picked":"White Noise","floor":2},{"not_picked":["Cold Snap","Compile Driver","Gash"],"picked":"SKIP","floor":6},{"not_picked":["Leap","Barrage"],"picked":"Loop","floor":7},{"not_picked":["Coolheaded","Cold Snap","Ball Lightning"],"picked":"SKIP","floor":11},{"not_picked":["Aggregate","Sweeping Beam"],"picked":"Chill","floor":12},{"not_picked":["Redo","Reprogram","Gash"],"picked":"SKIP","floor":13},{"not_picked":["Go for the Eyes","All For One"],"picked":"Tempest","floor":14},{"not_picked":["Machine Learning","Amplify"],"picked":"Electrodynamics","floor":16},{"not_picked":["Ball Lightning","Beam Cell","Cold Snap"],"picked":"SKIP","floor":18},{"not_picked":["Turbo","Steam"],"picked":"Glacier","floor":19},{"not_picked":["Go for the Eyes","Conserve Battery"],"picked":"FTL+1","floor":20}],"player_experience":383351,"potions_floor_usage":[7,12,12,19],"damage_taken":[{"damage":0,"enemies":"Cultist","floor":1,"turns":3},{"damage":0,"enemies":"Small Slimes","floor":2,"turns":3},{"damage":13,"enemies":"Jaw Worm","floor":6,"turns":4},{"damage":16,"enemies":"Lagavulin","floor":7,"turns":6},{"damage":31,"enemies":"Exordium Thugs","floor":11,"turns":5},{"damage":8,"enemies":"3 Louse","floor":12,"turns":2},{"damage":0,"enemies":"Large Slime","floor":13,"turns":4},{"damage":0,"enemies":"Lots of Slimes","floor":14,"turns":5},{"damage":10,"enemies":"Slime Boss","floor":16,"turns":7},{"damage":40,"enemies":"Shell Parasite","floor":18,"turns":7},{"damage":17,"enemies":"Spheric Guardian","floor":19,"turns":3},{"damage":15,"enemies":"Centurion and Healer","floor":20,"turns":8},{"damage":5,"enemies":"Snecko","floor":22,"turns":2}],"relics_obtained":[{"floor":7,"key":"Vajra"},{"floor":9,"key":"Dream Catcher"}],"event_choices":[{"event_name":"The Cleric","player_choice":"Leave","floor":3,"damage_taken":0},{"event_name":"Golden Wing","player_choice":"Card Removal","floor":5,"damage_taken":0},{"event_name":"Nest","player_choice":"Stole From Cult","floor":21,"damage_taken":0}],"boss_relics":[{"not_picked":["Busted Crown","Astrolabe"],"picked":"Eternal Feather"}],"items_purged_floors":[],"is_endless":false,"potions_floor_spawned":[2,6,7,11,13,18],"seed_played":"-6266172963368860736","killed_by":"Snecko","ascension_level":2,"potions_obtained":[{"floor":2,"key":"Strength Potion"},{"floor":6,"key":"PowerPotion"},{"floor":7,"key":"SpeedPotion"},{"floor":11,"key":"Regen Potion"},{"floor":13,"key":"SteroidPotion"},{"floor":18,"key":"SkillPotion"}],"is_trial":false}