{"gold_per_floor":[117,136,155,171,186,186,219,235,317,348,367,367,2,77,77,174,174,185,203,203,203,220,220,250,250,326,346,346],"floor_reached":28,"playtime":1444,"items_purged":["Strike_G"],"score":290,"play_id":"3128e20e-dfff-4930-a501-78f726a4c140","local_time":"20181018163539","is_ascension_mode":true,"campfire_choices":[{"floor":6,"key":"REST"},{"floor":15,"key":"REST"},{"floor":23,"key":"REST"},{"floor":25,"key":"REST"}],"neow_cost":"PERCENT_DAMAGE","seed_source_timestamp":633865534604700,"circlet_count":0,"master_deck":["Defend_G","Defend_G","Defend_G","Defend_G","Defend_G","Strike_G","Strike_G","Strike_G","Strike_G","Survivor","Neutralize","Accuracy","Dagger Spray","Backflip","Acrobatics","Noxious Fumes","Terror","Dagger Spray","Noxious Fumes","Burst","Blade Dance","A Thousand Cuts","Cloak And Dagger","Bouncing Flask","Accuracy+1","Infinite Blades+1","Blade Dance","Cloak And Dagger","Necronomicurse","Leg Sweep","Escape Plan","Deflect"],"relics":["Ring of the Snake","Mango","Bronze Scales","Kunai","Pear","Prayer Wheel","Bottled Lightning","Orrery","Necronomicon","Happy Flower","Sundial"],"potions_floor_usage":[5,7,16,16,18],"damage_taken":[{"damage":0,"enemies":"Jaw Worm","floor":1,"turns":5},{"damage":0,"enemies":"Small Slimes","floor":2,"turns":9},{"damage":0,"enemies":"Cultist","floor":3,"turns":3},{"damage":15,"enemies":"3 Louse","floor":4,"turns":3},{"damage":2,"enemies":"Looter","floor":5,"turns":5},{"damage":13,"enemies":"3 Sentries","floor":7,"turns":7},{"damage":0,"enemies":"Blue Slaver","floor":8,"turns":5},{"damage":1,"enemies":"Lagavulin","floor":10,"turns":9},{"damage":0,"enemies":"2 Fungi Beasts","floor":11,"turns":3},{"damage":31,"enemies":"Hexaghost","floor":16,"turns":8},{"damage":0,"enemies":"Shell Parasite","floor":18,"turns":4},{"damage":2,"enemies":"Chosen","floor":19,"turns":4},{"damage":40,"enemies":"3 Cultists","floor":22,"turns":5},{"damage":34,"enemies":"Book of Stabbing","floor":24,"turns":7},{"damage":27,"enemies":"Snake Plant","floor":27,"turns":4},{"damage":40,"enemies":"Masked Bandits","floor":28,"turns":3}],"seed_played":"6985362707523085516","potions_obtained":[{"floor":1,"key":"SkillPotion"},{"floor":3,"key":"Poison Potion"},{"floor":5,"key":"Explosive Potion"},{"floor":7,"key":"LiquidBronze"},{"floor":11,"key":"Block Potion"},{"floor":18,"key":"SteroidPotion"},{"floor":22,"key":"GamblersBrew"},{"floor":27,"key":"GhostInAJar"}],"is_trial":false,"path_per_floor":["M","M","M","M","M","R","E","M","T","E","M","?","$","?","R","B",null,"M","M","?","?","M","R","E","R","T","M"],"character_chosen":"THE_SILENT","items_purchased":["Noxious Fumes","Bottled Lightning"],"campfire_rested":4,"item_purchase_floors":[13,13],"current_hp_per_floor":[63,63,63,48,46,71,58,58,58,67,67,60,60,51,79,48,94,94,92,92,76,36,64,30,58,58,31,0],"gold":346,"neow_bonus":"ONE_RARE_RELIC","is_prod":false,"is_daily":false,"chose_seed":false,"campfire_upgraded":0,"win_rate":0,"timestamp":1539873339,"path_taken":["M","M","M","M","M","R","E","M","T","E","M","?","$","?","R","BOSS","M","M","?","?","M","R","E","R","T","M","?"],"build_version":"2018-10-11","purchased_purges":1,"victory":false,"max_hp_per_floor":[84,84,84,84,84,84,84,84,84,94,94,94,94,94,94,94,94,94,94,94,94,94,94,94,94,94,94,94],"card_choices":[{"not_picked":["Endless Agony","Slice"],"picked":"Accuracy","floor":1},{"not_picked":["Backstab","Slice"],"picked":"Dagger Spray","floor":2},{"not_picked":["Eviscerate","PiercingWail","Reflex"],"picked":"SKIP","floor":3},{"not_picked":["Underhanded Strike","Dagger Spray"],"picked":"Backflip","floor":4},{"not_picked":["Deadly Poison","Poisoned Stab"],"picked":"Acrobatics","floor":5},{"not_picked":["Heel Hook","Underhanded Strike","Envenom"],"picked":"SKIP","floor":7},{"not_picked":["Infinite Blades","Poisoned Stab"],"picked":"Noxious Fumes","floor":8},{"not_picked":["Flying Knee","Poisoned Stab"],"picked":"Terror","floor":10},{"not_picked":["Acrobatics","Poisoned Stab"],"picked":"Dagger Spray","floor":11},{"not_picked":["Malaise","Tools of the Trade"],"picked":"Burst","floor":16},{"not_picked":["Flechettes","Expertise"],"picked":"Blade Dance","floor":17},{"not_picked":["Finisher","Bane"],"picked":"A Thousand Cuts","floor":17},{"not_picked":["All Out Attack","Accuracy"],"picked":"Cloak And Dagger","floor":17},{"not_picked":["Bane","Masterful Stab"],"picked":"Bouncing Flask","floor":17},{"not_picked":["Sucker Punch+1","Acrobatics+1"],"picked":"Accuracy+1","floor":18},{"not_picked":["Caltrops","Quick Slash"],"picked":"Infinite Blades+1","floor":18},{"not_picked":["Dash+1","Poisoned Stab"],"picked":"Blade Dance","floor":19},{"not_picked":["Venomology","Prepared","Bouncing Flask+1"],"picked":"SKIP","floor":19},{"not_picked":["Quick Slash","Sucker Punch+1"],"picked":"Leg Sweep","floor":22},{"not_picked":["Deadly Poison","Quick Slash"],"picked":"Escape Plan","floor":22},{"not_picked":["All Out Attack","Corpse Explosion","Bane"],"picked":"SKIP","floor":24},{"not_picked":["Bouncing Flask+1","Sucker Punch"],"picked":"Deflect","floor":27},{"not_picked":["Heel Hook+1","Poisoned Stab","PiercingWail"],"picked":"SKIP","floor":27}],"player_experience":155786,"relics_obtained":[{"floor":7,"key":"Bronze Scales"},{"floor":9,"key":"Kunai"},{"floor":10,"key":"Pear"},{"floor":21,"key":"Necronomicon"},{"floor":24,"key":"Happy Flower"},{"floor":26,"key":"Sundial"}],"event_choices":[{"event_name":"Scrap Ooze","player_choice":"success","floor":12,"damage_taken":7},{"event_name":"FaceTrader","player_choice":"Touch","floor":14,"damage_taken":0},{"event_name":"The Library","player_choice":"Read","floor":20,"damage_taken":0},{"event_name":"Cursed Tome","player_choice":"Obtained Book","floor":21,"damage_taken":0},{"event_name":"Masked Bandits","player_choice":"Fought Bandits","floor":28,"damage_taken":0}],"is_beta":false,"boss_relics":[{"not_picked":["Eternal Feather","Empty Cage"],"picked":"Orrery"}],"items_purged_floors":[13],"is_endless":false,"potions_floor_spawned":[1,3,5,7,11,18,22,27],"killed_by":"Masked Bandits","ascension_level":1}