{"path_per_floor":["M","?","M","M","T","E","M","M","T","?","E","M","?","M","R"],"character_chosen":"IRONCLAD","items_purchased":[],"gold_per_floor":[115,290,310,320,320,353,371,388,463,463,495,513,513,527,527],"floor_reached":16,"campfire_rested":0,"playtime":964,"current_hp_per_floor":[87,87,84,87,87,64,56,45,45,38,8,13,13,19,19],"items_purged":[],"gold":527,"score":114,"play_id":"83a174f2-0429-4a30-b81b-a7688feff43d","is_prod":false,"is_daily":false,"is_ascension_mode":false,"campfire_upgraded":1,"path_taken":["M","?","M","M","?","E","M","M","T","?","E","M","?","?","R","BOSS"],"build_version":"2018-02-15-PROD1","purchased_purges":0,"victory":false,"master_deck":["Strike_R","Strike_R","Strike_R","Strike_R","Defend_R","Defend_R","Defend_R","Defend_R","Bash","Juggernaut","Rampage","Battle Trance","Entrench+1","Immolate","Shrug It Off+1","Flame Barrier+1"],"max_hp_per_floor":[87,87,87,87,87,87,87,87,87,87,87,87,87,87,87],"relics":["Burning Blood","Strawberry","Ginger","Champion Belt","Toxic Egg 2","Bronze Scales"],"card_choices":[{"not_picked":["True Grit","Clash"],"picked":"Juggernaut"},{"not_picked":["Twin Strike","Feel No Pain"],"picked":"Rampage"},{"not_picked":["Sever Soul","Intimidate"],"picked":"Battle Trance"},{"not_picked":["Warcry","Clash"],"picked":"Entrench"},{"not_picked":["Pummel","Entrench"],"picked":"Immolate"},{"not_picked":["True Grit","Seeing Red"],"picked":"Shrug It Off"},{"not_picked":["Shrug It Off","Anger"],"picked":"Flame Barrier"}],"player_experience":114395,"potions_floor_usage":[11,12,14],"damage_taken":[{"damage":2,"enemies":"Small Slimes","floor":1,"turns":4},{"damage":9,"enemies":"2 Louse","floor":3,"turns":2},{"damage":3,"enemies":"Cultist","floor":4,"turns":5},{"damage":29,"enemies":"Gremlin Nob","floor":6,"turns":5},{"damage":14,"enemies":"Exordium Wildlife","floor":7,"turns":5},{"damage":17,"enemies":"Large Slime","floor":8,"turns":7},{"damage":36,"enemies":"3 Sentries","floor":11,"turns":11},{"damage":1,"enemies":"2 Fungi Beasts","floor":12,"turns":2},{"damage":0,"enemies":"Looter","floor":14,"turns":3},{"damage":24,"enemies":"The Guardian","floor":16,"turns":2}],"event_choices":[{"event_name":"Liars Game","player_choice":"agreed","floor":2,"damage_taken":0},{"event_name":"Golden Wing","player_choice":"Card Removal","floor":10,"damage_taken":0},{"event_name":"Living Wall","player_choice":"Forget","floor":13,"damage_taken":0}],"boss_relics":[],"potions_floor_spawned":[6,8,11],"seed_played":"-5886192066316985336","killed_by":"The Guardian","ascension_level":0,"is_trial":false}