{"gold_per_floor":[216,216,60,79,130,130,149,149,149,149,168,168,168,187,187,187],"floor_reached":16,"playtime":638,"items_purged":[],"score":90,"play_id":"cb7abd9a-ace2-4dc1-bf30-417596c03c8d","local_time":"20190114134000","is_ascension_mode":false,"campfire_choices":[{"data":"Flame Barrier","floor":6,"key":"SMITH"},{"data":"Ghostly Armor","floor":8,"key":"SMITH"},{"data":"Shrug It Off","floor":13,"key":"SMITH"},{"floor":15,"key":"REST"}],"neow_cost":"NONE","seed_source_timestamp":1488917390900,"circlet_count":0,"master_deck":["Strike_R","Strike_R","Strike_R","Strike_R","Strike_R","Defend_R","Defend_R","Defend_R","Defend_R","Bash+1","Ghostly Armor+1","Flame Barrier+1","Shrug It Off+1"],"relics":["Burning Blood","Lantern","Gremlin Horn","Golden Idol"],"potions_floor_usage":[11,16,16],"damage_taken":[{"damage":10,"enemies":"2 Louse","floor":1,"turns":3},{"damage":6,"enemies":"Jaw Worm","floor":4,"turns":3},{"damage":0,"enemies":"Small Slimes","floor":7,"turns":4},{"damage":4,"enemies":"Exordium Thugs","floor":11,"turns":6},{"damage":10,"enemies":"Large Slime","floor":14,"turns":11},{"damage":80,"enemies":"Slime Boss","floor":16,"turns":14}],"seed_played":"-879210231996785338","potions_obtained":[{"floor":1,"key":"Fire Potion"},{"floor":7,"key":"Weak Potion"},{"floor":14,"key":"Dexterity Potion"}],"is_trial":false,"path_per_floor":["M","?","$","M","?","R","M","R","T","?","M","?","R","M","R","B"],"character_chosen":"IRONCLAD","items_purchased":["Lantern"],"campfire_rested":1,"item_purchase_floors":[3],"current_hp_per_floor":[76,76,76,76,76,76,80,80,80,60,62,62,62,58,80,0],"gold":187,"neow_bonus":"HUNDRED_GOLD","is_prod":false,"is_daily":false,"chose_seed":false,"campfire_upgraded":3,"win_rate":0,"timestamp":1547502000,"path_taken":["M","?","$","M","?","R","M","R","T","?","M","?","R","M","R","BOSS"],"build_version":"2019-01-10","purchased_purges":0,"victory":false,"max_hp_per_floor":[80,80,80,80,80,80,80,80,80,80,80,80,80,80,80,80],"card_choices":[{"not_picked":["Dropkick","Flex"],"picked":"Ghostly Armor","floor":1},{"not_picked":["Bloodletting","Heavy Blade"],"picked":"Flame Barrier","floor":4},{"not_picked":["Havoc","Sentinel","Twin Strike"],"picked":"SKIP","floor":7},{"not_picked":["Iron Wave","Headbutt"],"picked":"Shrug It Off","floor":11},{"not_picked":["True Grit","Havoc","Heavy Blade"],"picked":"SKIP","floor":14}],"player_experience":253244,"relics_obtained":[{"floor":9,"key":"Gremlin Horn"}],"event_choices":[{"damage_healed":0,"gold_gain":0,"player_choice":"Grow","damage_taken":0,"max_hp_gain":0,"max_hp_loss":0,"event_name":"Living Wall","floor":2,"gold_loss":0,"cards_upgraded":["Bash"]},{"damage_healed":0,"gold_gain":51,"player_choice":"Gained Gold","damage_taken":0,"max_hp_gain":0,"max_hp_loss":0,"event_name":"Golden Wing","floor":5,"gold_loss":0},{"damage_healed":0,"gold_gain":0,"player_choice":"Take Damage","damage_taken":20,"relics_obtained":["Golden Idol"],"max_hp_gain":0,"max_hp_loss":0,"event_name":"Golden Idol","floor":10,"gold_loss":0},{"damage_healed":0,"gold_gain":0,"player_choice":"Ignored","damage_taken":0,"max_hp_gain":0,"max_hp_loss":0,"event_name":"NoteForYourself","floor":12,"gold_loss":0}],"is_beta":false,"boss_relics":[],"items_purged_floors":[],"is_endless":false,"potions_floor_spawned":[1,7,14],"killed_by":"Slime Boss","ascension_level":0}