{"gold_per_floor":[112,129,129,129,19,19,53,85,122,134,161,202,214,251,263,371,383,414,437,19,19,36,63,63,88,114,114,114,147,172,190,190,286,286,297,314,21,33,33,33,33,33,60,60,74,74,74,84,84,84],"floor_reached":50,"playtime":1658,"items_purged":["Strike_R","Strike_R"],"score":670,"play_id":"543add55-7af6-4f6a-8eb3-b66fe596d4e1","local_time":"20190224225439","is_ascension_mode":true,"campfire_choices":[{"data":"Whirlwind","floor":6,"key":"SMITH"},{"data":"Clothesline","floor":10,"key":"SMITH"},{"data":"Bash","floor":13,"key":"SMITH"},{"data":"Shrug It Off","floor":15,"key":"SMITH"},{"floor":24,"key":"REST"},{"floor":27,"key":"REST"},{"data":"Finesse","floor":32,"key":"SMITH"},{"data":"Iron Wave","floor":40,"key":"SMITH"},{"data":"Defend_R","floor":44,"key":"SMITH"},{"data":"Defend_R","floor":46,"key":"SMITH"},{"data":"Body Slam","floor":49,"key":"SMITH"}],"neow_cost":"NONE","seed_source_timestamp":52043613738419,"circlet_count":0,"master_deck":["Strike_R","Strike_R+1","Defend_R+1","Defend_R","Defend_R","Defend_R+1","Bash+1","Clothesline+1","Whirlwind+1","Shrug It Off+1","Finesse+1","Body Slam+1","Spot Weakness","Heavy Blade","Twin Strike+1","Immolate","Iron Wave+1","Sword Boomerang+1","Corruption+1","Uppercut+1","Writhe","Fiend Fire","Dropkick","Iron Wave+1","Body Slam+1","Shrug It Off+1"],"relics":["Burning Blood","Blood Vial","MawBank","Anchor","Gremlin Horn","Pen Nib","Mark of Pain","Regal Pillow","TheAbacus","Vajra","WingedGreaves","Whetstone","Lantern","Bag of Marbles","Red Skull","Snecko Eye","PreservedInsect","Happy Flower","Mango"],"potions_floor_usage":[12,14,19,22,25,48,50,50],"damage_taken":[{"damage":1,"enemies":"Cultist","floor":1,"turns":3},{"damage":5,"enemies":"Jaw Worm","floor":2,"turns":4},{"damage":18,"enemies":"Gremlin Nob","floor":7,"turns":4},{"damage":0,"enemies":"2 Louse","floor":8,"turns":1},{"damage":8,"enemies":"Exordium Thugs","floor":11,"turns":5},{"damage":6,"enemies":"3 Sentries","floor":12,"turns":4},{"damage":14,"enemies":"Lagavulin","floor":14,"turns":6},{"damage":71,"enemies":"Hexaghost","floor":16,"turns":10},{"damage":7,"enemies":"2 Thieves","floor":18,"turns":2},{"damage":11,"enemies":"3 Byrds","floor":19,"turns":4},{"damage":0,"enemies":"Cultist and Chosen","floor":22,"turns":3},{"damage":63,"enemies":"Gremlin Leader","floor":23,"turns":5},{"damage":9,"enemies":"Slavers","floor":25,"turns":3},{"damage":15,"enemies":"Book of Stabbing","floor":29,"turns":3},{"damage":0,"enemies":"Centurion and Healer","floor":31,"turns":2},{"damage":31,"enemies":"Collector","floor":33,"turns":5},{"damage":0,"enemies":"Orb Walker","floor":35,"turns":2},{"damage":0,"enemies":"3 Darklings","floor":36,"turns":1},{"damage":10,"enemies":"Writhing Mass","floor":38,"turns":3},{"damage":0,"enemies":"Sphere and 2 Shapes","floor":45,"turns":2},{"damage":0,"enemies":"Spire Growth","floor":48,"turns":2},{"damage":106,"enemies":"Time Eater","floor":50,"turns":10}],"seed_played":"9158482371108102024","potions_obtained":[{"floor":8,"key":"Poison Potion"},{"floor":11,"key":"SteroidPotion"},{"floor":14,"key":"FearPotion"},{"floor":18,"key":"PowerPotion"},{"floor":19,"key":"PowerPotion"},{"floor":22,"key":"Ancient Potion"},{"floor":38,"key":"AttackPotion"},{"floor":48,"key":"LiquidBronze"}],"is_trial":false,"path_per_floor":["M","M","?","?","$","R","E","M","T","R","M","E","R","E","R","B",null,"M","M","$","?","M","E","R","E","T","R","?","E","T","M","R","B",null,"M","M","$","M","$","R","?","$","T","R","M","R","T","M","R","B"],"character_chosen":"IRONCLAD","items_purchased":["Shrug It Off","Finesse","Regal Pillow","TheAbacus","PreservedInsect","Dropkick"],"campfire_rested":2,"item_purchase_floors":[5,5,20,20,37,37],"current_hp_per_floor":[88,88,88,81,81,81,71,79,79,79,79,81,81,75,75,12,69,70,67,67,67,75,20,61,60,60,88,88,79,79,87,87,63,82,88,88,88,84,84,84,84,84,84,84,88,88,102,102,102,0],"gold":84,"neow_bonus":"TEN_PERCENT_HP_BONUS","is_prod":false,"is_daily":false,"chose_seed":false,"campfire_upgraded":9,"win_rate":0,"timestamp":1551070479,"path_taken":["M","M","?","?","$","R","E","M","T","R","M","E","R","E","R","BOSS","M","M","$","?","?","E","R","E","T","R","?","E","?","M","R","BOSS","M","M","$","M","$","R","?","$","T","R","M","R","?","?","R","BOSS"],"build_version":"2019-01-23","purchased_purges":2,"victory":false,"max_hp_per_floor":[88,88,88,88,88,88,88,88,88,88,88,88,88,88,88,88,88,88,88,88,88,88,88,88,88,88,88,88,88,88,88,88,88,88,88,88,88,88,88,88,88,88,88,88,88,88,102,102,102,102],"card_choices":[{"not_picked":["Warcry","Shrug It Off"],"picked":"Clothesline","floor":1},{"not_picked":["Clash","Thunderclap"],"picked":"Whirlwind","floor":2},{"not_picked":["Offering","True Grit"],"picked":"Body Slam","floor":7},{"not_picked":["Armaments","True Grit"],"picked":"Spot Weakness","floor":8},{"not_picked":["True Grit","Reckless Charge"],"picked":"Metallicize","floor":11},{"not_picked":["Cleave","Thunderclap"],"picked":"Heavy Blade","floor":12},{"not_picked":["Wild Strike","Corruption"],"picked":"Twin Strike","floor":14},{"not_picked":["Exhume","Offering"],"picked":"Immolate","floor":16},{"not_picked":["Flex","Wild Strike"],"picked":"Iron Wave","floor":18},{"not_picked":["Infernal Blade","Cleave"],"picked":"Sword Boomerang+1","floor":19},{"not_picked":["Cleave","Flex"],"picked":"Corruption+1","floor":22},{"not_picked":["Immolate","Carnage"],"picked":"Uppercut+1","floor":23},{"not_picked":["Flame Barrier","Anger","Power Through"],"picked":"SKIP","floor":25},{"not_picked":["Carnage+1","Dual Wield+1","Headbutt"],"picked":"SKIP","floor":29},{"not_picked":["Cleave+1","Sword Boomerang","Hemokinesis"],"picked":"SKIP","floor":31},{"not_picked":["Brutality","Offering"],"picked":"Fiend Fire","floor":33},{"not_picked":["Wild Strike","Rage","Thunderclap+1"],"picked":"SKIP","floor":35},{"not_picked":["Wild Strike","Thunderclap","Spot Weakness+1"],"picked":"SKIP","floor":36},{"not_picked":["Dropkick","Clash+1"],"picked":"Iron Wave+1","floor":38},{"not_picked":["Heavy Blade","Clothesline"],"picked":"Body Slam+1","floor":45},{"not_picked":["Headbutt","Feed"],"picked":"Shrug It Off+1","floor":48}],"player_experience":374972,"relics_obtained":[{"floor":7,"key":"MawBank"},{"floor":9,"key":"Anchor"},{"floor":12,"key":"Gremlin Horn"},{"floor":14,"key":"Pen Nib"},{"floor":23,"key":"Vajra"},{"floor":25,"key":"WingedGreaves"},{"floor":26,"key":"Whetstone"},{"floor":29,"key":"Bag of Marbles"},{"floor":30,"key":"Red Skull"},{"floor":43,"key":"Happy Flower"},{"floor":47,"key":"Mango"}],"event_choices":[{"damage_healed":0,"gold_gain":0,"player_choice":"Ignored","damage_taken":0,"max_hp_gain":0,"max_hp_loss":0,"event_name":"Liars Game","floor":3,"gold_loss":0},{"damage_healed":0,"gold_gain":0,"player_choice":"Success","damage_taken":7,"relics_obtained":["Blood Vial"],"max_hp_gain":0,"max_hp_loss":0,"event_name":"Scrap Ooze","floor":4,"gold_loss":0},{"cards_removed":["Strike_R"],"damage_healed":0,"gold_gain":0,"player_choice":"Purged","damage_taken":0,"max_hp_gain":0,"max_hp_loss":0,"event_name":"Purifier","floor":21,"gold_loss":0},{"damage_healed":0,"gold_gain":0,"player_choice":"Opened","damage_taken":0,"relics_obtained":["Lantern"],"max_hp_gain":0,"max_hp_loss":0,"event_name":"The Mausoleum","floor":28,"gold_loss":0,"cards_obtained":["Writhe"]},{"cards_removed":["Metallicize"],"damage_healed":0,"gold_gain":0,"player_choice":"Removed Power","damage_taken":0,"max_hp_gain":0,"max_hp_loss":0,"event_name":"Falling","floor":41,"gold_loss":0}],"is_beta":false,"boss_relics":[{"not_picked":["White Beast Statue","Velvet Choker"],"picked":"Mark of Pain"},{"not_picked":["Tiny House","Black Blood"],"picked":"Snecko Eye"}],"items_purged_floors":[20,37],"is_endless":false,"potions_floor_spawned":[8,11,14,18,19,22,38,48],"killed_by":"Time Eater","ascension_level":5}