{"gold_per_floor":[111,12,32,47,47,72,72,102,126,51,61,75,92,110,110,208,208,225,239,339,339,339],"floor_reached":22,"playtime":792,"items_purged":["Strike_B"],"score":250,"play_id":"dd10fbfd-e8d1-42a7-a713-e5434f1753fc","local_time":"20190306214441","is_ascension_mode":true,"campfire_choices":[{"data":"Redo","floor":7,"key":"SMITH"},{"data":"Darkness","floor":15,"key":"SMITH"}],"neow_cost":"NONE","seed_source_timestamp":1487628662358526,"circlet_count":0,"master_deck":["Strike_B","Strike_B","Strike_B","Defend_B","Defend_B","Defend_B","Defend_B","Zap","Dualcast","Steam","Doom and Gloom","Redo+1","Amplify","Darkness+1","Multi-Cast"],"relics":["Cracked Core","Bronze Scales","PreservedInsect","Bag of Preparation","Bag of Marbles","Blood Vial","Black Star","Nunchaku","Singing Bowl"],"potions_floor_usage":[16,21,22],"damage_taken":[{"damage":4,"enemies":"Small Slimes","floor":1,"turns":3},{"damage":0,"enemies":"Cultist","floor":3,"turns":3},{"damage":0,"enemies":"2 Louse","floor":4,"turns":3},{"damage":25,"enemies":"3 Sentries","floor":6,"turns":5},{"damage":14,"enemies":"Lagavulin","floor":8,"turns":5},{"damage":1,"enemies":"Large Slime","floor":11,"turns":4},{"damage":0,"enemies":"3 Louse","floor":12,"turns":1},{"damage":1,"enemies":"Exordium Wildlife","floor":13,"turns":3},{"damage":0,"enemies":"2 Fungi Beasts","floor":14,"turns":2},{"damage":10,"enemies":"The Guardian","floor":16,"turns":6},{"damage":4,"enemies":"3 Byrds","floor":18,"turns":3},{"damage":1,"enemies":"Chosen","floor":19,"turns":4},{"damage":24,"enemies":"Colosseum Slavers","floor":20,"turns":4},{"damage":35,"enemies":"Colosseum Nobs","floor":20,"turns":4},{"damage":0,"enemies":"Sentry and Sphere","floor":21,"turns":2},{"damage":22,"enemies":"Snake Plant","floor":22,"turns":2}],"seed_played":"-4836864654062078311","potions_obtained":[{"floor":1,"key":"FocusPotion"},{"floor":6,"key":"FocusPotion"},{"floor":12,"key":"SmokeBomb"},{"floor":19,"key":"Regen Potion"}],"is_trial":false,"path_per_floor":["M","?","M","M","$","E","R","E","T","$","M","M","M","M","R","B",null,"M","M","?","M","M"],"character_chosen":"DEFECT","items_purchased":[],"campfire_rested":0,"item_purchase_floors":[],"current_hp_per_floor":[71,71,71,71,71,46,46,32,32,32,33,35,36,38,38,30,64,62,63,10,12,0],"gold":339,"neow_bonus":"RANDOM_COMMON_RELIC","is_prod":false,"is_daily":false,"chose_seed":false,"campfire_upgraded":2,"win_rate":0,"timestamp":1551926681,"path_taken":["M","?","?","M","?","E","R","E","T","$","M","M","M","M","R","BOSS","M","M","?","M","M"],"build_version":"2019-01-23","purchased_purges":1,"victory":false,"max_hp_per_floor":[75,75,75,75,75,75,75,75,75,75,75,75,75,75,75,75,75,75,75,77,77,77],"card_choices":[{"not_picked":["Gash","Double Energy"],"picked":"Steam","floor":1},{"not_picked":["Sweeping Beam","Coolheaded","Compile Driver"],"picked":"SKIP","floor":3},{"not_picked":["Hello World","Rip and Tear"],"picked":"Doom and Gloom","floor":4},{"not_picked":["Turbo","Stack"],"picked":"Redo","floor":6},{"not_picked":["Beam Cell","Streamline","Blizzard"],"picked":"SKIP","floor":8},{"not_picked":["Steam Power","Rebound","Reprogram"],"picked":"SKIP","floor":11},{"not_picked":["Leap","Ball Lightning"],"picked":"Amplify","floor":12},{"not_picked":["Skim","Steam Power","Reprogram"],"picked":"SKIP","floor":13},{"not_picked":["Melter","Barrage"],"picked":"Darkness","floor":14},{"not_picked":["Meteor Strike","Biased Cognition"],"picked":"Multi-Cast","floor":16},{"not_picked":["Ball Lightning+1","Rebound+1","Beam Cell+1"],"picked":"SKIP","floor":18},{"not_picked":["Ball Lightning+1","Melter","Redo"],"picked":"SKIP","floor":19},{"not_picked":["Ball Lightning+1","Melter","Redo"],"picked":"SKIP","floor":19},{"not_picked":["Ball Lightning+1","Melter","Redo"],"picked":"SKIP","floor":19},{"not_picked":["Sunder+1","Compile Driver","Streamline"],"picked":"Singing Bowl","floor":20}],"player_experience":249687,"relics_obtained":[{"floor":6,"key":"Bag of Preparation"},{"floor":8,"key":"Bag of Marbles"},{"floor":9,"key":"Blood Vial"},{"floor":20,"key":"Nunchaku"},{"floor":20,"key":"Singing Bowl"}],"event_choices":[{"damage_healed":0,"gold_gain":0,"player_choice":"Paid Gold","damage_taken":0,"relics_obtained":["PreservedInsect"],"max_hp_gain":0,"max_hp_loss":0,"event_name":"WeMeetAgain","floor":2,"gold_loss":99},{"damage_healed":0,"gold_gain":0,"player_choice":"Fight","damage_taken":0,"max_hp_gain":0,"max_hp_loss":0,"event_name":"Colosseum","floor":20,"gold_loss":0},{"damage_healed":0,"gold_gain":0,"player_choice":"Fought Nobs","damage_taken":0,"max_hp_gain":0,"max_hp_loss":0,"event_name":"Colosseum","floor":20,"gold_loss":0}],"is_beta":false,"boss_relics":[{"not_picked":["Cursed Key","Sozu"],"picked":"Black Star"}],"items_purged_floors":[10],"is_endless":false,"potions_floor_spawned":[1,6,12,13,14,19,21],"killed_by":"Snake Plant","ascension_level":5}