{"gold_per_floor":[118,118,118,118,136,136,161,184,237,237,251,274,274,288,288,411,411,434,72,72,46,66,66,66,66,66,84,84,97,118,6,6,135,135,160,175,189,213,231,231,252,252,252,275,275,275],"floor_reached":46,"playtime":2238,"items_purged":["Strike_B"],"score":418,"play_id":"2be6220d-a9da-40b1-8d3b-791bed1b4dff","local_time":"20190219004846","is_ascension_mode":false,"campfire_choices":[{"floor":6,"key":"REST"},{"data":"Zap","floor":10,"key":"SMITH"},{"floor":13,"key":"REST"},{"data":"Dualcast","floor":15,"key":"SMITH"},{"floor":23,"key":"REST"},{"data":"Buffer","floor":25,"key":"SMITH"},{"data":"Double Energy","floor":28,"key":"SMITH"},{"floor":32,"key":"REST"},{"floor":40,"key":"REST"},{"floor":42,"key":"REST"},{"floor":45,"key":"REST"}],"neow_cost":"TEN_PERCENT_HP_LOSS","seed_source_timestamp":50960097446516,"circlet_count":0,"master_deck":["Strike_B","Strike_B+1","Strike_B","Defend_B","Defend_B","Defend_B","Defend_B+1","Zap+1","Dualcast+1","Gash+1","Stack","Buffer+1","Redo+1","Ball Lightning","Leap","Double Energy+1","Tempest","Reinforced Body","Scrape","Multi-Cast","Electrodynamics","Gash","Auto Shields","Conserve Battery+1","Skim","Gash+1","Defragment+1","Barrage"],"relics":["Cracked Core","Emotion Chip","Golden Idol","Oddly Smooth Stone","Inserter","Ice Cream","Nunchaku","Orrery","Shuriken"],"potions_floor_usage":[14,16,16,16,27,37,38,44],"damage_taken":[{"damage":1,"enemies":"Jaw Worm","floor":1,"turns":3},{"damage":1,"enemies":"2 Louse","floor":5,"turns":3},{"damage":0,"enemies":"Cultist","floor":7,"turns":3},{"damage":1,"enemies":"Exordium Thugs","floor":8,"turns":4},{"damage":1,"enemies":"3 Louse","floor":11,"turns":2},{"damage":4,"enemies":"Looter","floor":12,"turns":2},{"damage":0,"enemies":"Exordium Wildlife","floor":14,"turns":4},{"damage":14,"enemies":"Hexaghost","floor":16,"turns":9},{"damage":12,"enemies":"Shell Parasite","floor":18,"turns":9},{"damage":7,"enemies":"Colosseum Slavers","floor":20,"turns":5},{"damage":11,"enemies":"2 Thieves","floor":22,"turns":5},{"damage":6,"enemies":"3 Cultists","floor":27,"turns":5},{"damage":25,"enemies":"Snake Plant","floor":29,"turns":5},{"damage":0,"enemies":"Centurion and Healer","floor":30,"turns":7},{"damage":25,"enemies":"Champ","floor":33,"turns":16},{"damage":5,"enemies":"3 Darklings","floor":35,"turns":4},{"damage":0,"enemies":"Orb Walker","floor":36,"turns":3},{"damage":0,"enemies":"Transient","floor":37,"turns":5},{"damage":26,"enemies":"Spire Growth","floor":38,"turns":6},{"damage":20,"enemies":"3 Darklings","floor":39,"turns":5},{"damage":30,"enemies":"Writhing Mass","floor":41,"turns":6},{"damage":24,"enemies":"Spire Growth","floor":44,"turns":4},{"damage":36,"enemies":"Jaw Worm Horde","floor":46,"turns":4}],"seed_played":"645434473505130567","potions_obtained":[{"floor":7,"key":"PowerPotion"},{"floor":11,"key":"SpeedPotion"},{"floor":12,"key":"GamblersBrew"},{"floor":14,"key":"Ancient Potion"},{"floor":22,"key":"AttackPotion"},{"floor":33,"key":"Regen Potion"},{"floor":36,"key":"PowerPotion"},{"floor":41,"key":"Dexterity Potion"}],"is_trial":false,"path_per_floor":["M","?","?","?","M","R","M","M","T","R","M","M","R","M","R","B",null,"M","$","?","$","M","R","?","R","T","M","R","M","M","$","R","B",null,"M","M","M","M","M","R","M","R","T","M","R","M"],"character_chosen":"DEFECT","items_purchased":["Ice Cream","Ball Lightning","Leap","Scrape"],"campfire_rested":7,"item_purchase_floors":[19,19,21,31],"current_hp_per_floor":[67,50,50,36,35,55,55,54,54,54,53,49,68,68,68,54,68,56,56,49,49,38,58,58,58,58,52,52,27,27,27,47,22,68,63,63,63,46,26,46,16,36,36,12,32,0],"gold":275,"neow_bonus":"ONE_RARE_RELIC","is_prod":false,"is_daily":false,"chose_seed":false,"campfire_upgraded":4,"win_rate":0,"timestamp":1550558926,"path_taken":["M","?","?","?","M","R","M","M","T","R","M","M","R","?","R","BOSS","M","?","?","$","M","R","?","R","T","M","R","M","M","$","R","BOSS","M","M","M","M","M","R","M","R","T","M","R","M"],"build_version":"2019-01-23","purchased_purges":1,"victory":false,"max_hp_per_floor":[68,68,68,68,68,68,68,68,68,68,68,68,68,68,68,68,68,68,68,68,68,68,68,68,68,68,68,68,68,68,68,68,68,68,68,68,68,68,68,68,68,68,68,68,68,68],"card_choices":[{"not_picked":["Loop","Barrage"],"picked":"Gash","floor":1},{"not_picked":["Blizzard","Heatsinks","Beam Cell"],"picked":"SKIP","floor":5},{"not_picked":["Steam","Rebound","Compile Driver"],"picked":"SKIP","floor":7},{"not_picked":["Steam Power","Doom and Gloom","Darkness"],"picked":"SKIP","floor":8},{"not_picked":["Turbo","Doom and Gloom","Sweeping Beam"],"picked":"SKIP","floor":11},{"not_picked":["Turbo","Doom and Gloom","Steam Power"],"picked":"SKIP","floor":12},{"not_picked":["Steam","Storm"],"picked":"Stack","floor":14},{"not_picked":["Multi-Cast","Amplify"],"picked":"Buffer","floor":16},{"not_picked":["Lockon","Heatsinks"],"picked":"Redo+1","floor":18},{"not_picked":["Hologram","Compile Driver+1","Streamline+1"],"picked":"SKIP","floor":22},{"not_picked":["Stack+1","Sunder"],"picked":"Double Energy","floor":27},{"not_picked":["Conserve Battery","Self Repair"],"picked":"Tempest","floor":29},{"not_picked":["Double Energy","Heatsinks"],"picked":"Reinforced Body","floor":30},{"not_picked":["Biased Cognition","Fission"],"picked":"Multi-Cast","floor":33},{"not_picked":["Conserve Battery+1","Hello World"],"picked":"Electrodynamics","floor":34},{"not_picked":["Reinforced Body+1","Ball Lightning"],"picked":"Gash","floor":34},{"not_picked":["Redo","Conserve Battery+1"],"picked":"Auto Shields","floor":34},{"not_picked":["Streamline+1","Cold Snap+1"],"picked":"Conserve Battery+1","floor":34},{"not_picked":["Rebound+1","Ball Lightning","Coolheaded"],"picked":"SKIP","floor":35},{"not_picked":["Redo","Undo"],"picked":"Skim","floor":36},{"not_picked":["Turbo","Redo+1"],"picked":"Gash+1","floor":37},{"not_picked":["Cold Snap+1","Gash"],"picked":"Defragment+1","floor":38},{"not_picked":["Meteor Strike","Chaos+1"],"picked":"Barrage","floor":39},{"not_picked":["Sweeping Beam","Barrage","Steam Power+1"],"picked":"SKIP","floor":41},{"not_picked":["Go for the Eyes","Rebound","Barrage"],"picked":"SKIP","floor":44}],"player_experience":231744,"relics_obtained":[{"floor":9,"key":"Oddly Smooth Stone"},{"floor":26,"key":"Nunchaku"},{"floor":43,"key":"Shuriken"}],"event_choices":[{"damage_healed":0,"gold_gain":0,"player_choice":"Take Damage","damage_taken":17,"relics_obtained":["Golden Idol"],"max_hp_gain":0,"max_hp_loss":0,"event_name":"Golden Idol","floor":2,"gold_loss":0},{"damage_healed":0,"gold_gain":0,"player_choice":"Grow","damage_taken":0,"max_hp_gain":0,"max_hp_loss":0,"event_name":"Living Wall","floor":3,"gold_loss":0,"cards_upgraded":["Gash"]},{"damage_healed":0,"gold_gain":0,"player_choice":"Entered Light","damage_taken":14,"max_hp_gain":0,"max_hp_loss":0,"event_name":"Shining Light","floor":4,"gold_loss":0,"cards_upgraded":["Strike_B","Defend_B"]},{"damage_healed":0,"gold_gain":0,"player_choice":"Fight","damage_taken":0,"max_hp_gain":0,"max_hp_loss":0,"event_name":"Colosseum","floor":20,"gold_loss":0},{"damage_healed":0,"gold_gain":0,"player_choice":"Fled From Nobs","damage_taken":0,"max_hp_gain":0,"max_hp_loss":0,"event_name":"Colosseum","floor":20,"gold_loss":0},{"damage_healed":0,"gold_gain":0,"player_choice":"Ignored","damage_taken":0,"max_hp_gain":0,"max_hp_loss":0,"event_name":"Beggar","floor":24,"gold_loss":0}],"is_beta":false,"boss_relics":[{"not_picked":["Runic Pyramid","Calling Bell"],"picked":"Inserter"},{"not_picked":["Snecko Eye","Tiny House"],"picked":"Orrery"}],"items_purged_floors":[31],"is_endless":false,"potions_floor_spawned":[7,11,12,14,20,22,33,36,41],"killed_by":"Jaw Worm Horde","ascension_level":0}