{"path_per_floor":["M","M","?","$","?","R","M","M","T","M","R","M","M","$","R","B",null,"M","$","M","T","?","R","?","R","T","R","M","M","R","?","R","B",null,"M","?","?","?","?","E","R","M","T","E","?","$","M","M","R","B"],"character_chosen":"THE_SILENT","items_purchased":["Oddly Smooth Stone","Bouncing Flask","Tough Bandages","Bottled Lightning","Prepared"],"gold_per_floor":[212,228,228,73,73,73,86,102,102,115,115,129,150,75,75,194,194,179,45,60,60,60,60,60,60,106,106,124,144,144,69,69,188,188,212,212,212,212,212,251,251,276,276,316,649,6,19,36,36,36],"floor_reached":51,"campfire_rested":2,"playtime":6023,"current_hp_per_floor":[63,60,60,60,43,43,42,40,40,40,40,40,40,40,40,28,70,68,68,68,68,52,52,52,52,52,52,52,42,42,42,42,22,70,69,69,69,69,70,28,49,48,48,46,46,46,45,5,26,21],"items_purged":["Decay","Strike_G","Regret"],"gold":36,"play_id":"b199e9f4-8c84-4094-87a1-3355eb439845","is_prod":false,"is_daily":false,"campfire_rituals":0,"campfire_upgraded":8,"is_hardmode":false,"path_taken":["M","M","?","$","?","R","M","M","T","?","R","M","?","$","R","BOSS","M","$","M","?","?","R","?","R","T","R","M","M","R","?","R","BOSS","M","?","?","?","?","E","R","M","T","E","?","$","M","M","R","BOSS"],"build_version":"2018-01-18-PROD4","purchased_purges":3,"victory":true,"master_deck":["Defend_G","Defend_G","Defend_G","Defend_G","Defend_G","Strike_G","Strike_G","Survivor","Neutralize","Prepared","Leg Sweep","Terror","Deflect","Footwork","Noxious Fumes","Escape Plan","Tools of the Trade","Bane","Bouncing Flask","Backflip","Parasite","Caltrops","Adrenaline","Injury","Writhe","Escape Plan","Poisoned Stab","Regret","Prepared","PiercingWail","Acrobatics"],"max_hp_per_floor":[70,70,70,70,70,70,70,70,70,70,70,70,70,70,70,70,70,70,70,70,70,70,70,70,70,70,70,70,70,70,70,70,70,70,70,70,70,70,70,70,70,70,70,70,70,70,70,70,70,70],"relics":["Ring of the Snake","Oddly Smooth Stone","Frozen Eye","Cursed Key","Unceasing Top","Nilry\u0027s Codex","Juzu Bracelet","The Specimen","Happy Flower","Ice Cream","Letter Opener","Tough Bandages","Bottled Lightning"],"campfire_meditates":0,"card_choices":[{"not_picked":["Underhanded Strike","Blade Dance"],"picked":"Prepared"},{"not_picked":["Poisoned Stab","Deadly Poison"],"picked":"Leg Sweep"},{"not_picked":["Cloak And Dagger","Dagger Throw"],"picked":"Terror"},{"not_picked":["Acrobatics","Accuracy"],"picked":"Deflect"},{"not_picked":["Outmaneuver","Deflect"],"picked":"Footwork"},{"not_picked":["PiercingWail","Skewer"],"picked":"Noxious Fumes"},{"not_picked":["Flying Knee","Heel Hook"],"picked":"Escape Plan"},{"not_picked":["Doppelganger","Unload"],"picked":"Tools of the Trade"},{"not_picked":["Infinite Blades","Blade Dance"],"picked":"Bane"},{"not_picked":["Bane","Cloak And Dagger"],"picked":"Backflip"},{"not_picked":["PiercingWail","Underhanded Strike"],"picked":"Caltrops"},{"not_picked":["Phantasmal Killer","Tools of the Trade"],"picked":"Adrenaline"},{"not_picked":["Dodge and Roll","Underhanded Strike"],"picked":"Acrobatics"},{"not_picked":["PiercingWail","Underhanded Strike"],"picked":"Escape Plan"},{"not_picked":["Slice","Endless Agony"],"picked":"Poisoned Stab"},{"not_picked":["Deadly Poison","Dagger Spray"],"picked":"PiercingWail"},{"not_picked":["Caltrops","Deadly Poison"],"picked":"Acrobatics"}],"player_experience":67089,"potions_floor_usage":[8,16,28,40,40,44,50,50],"damage_taken":[{"damage":7,"enemies":"Jaw Worm","floor":1,"turns":5},{"damage":3,"enemies":"Blue Slaver","floor":2,"turns":5},{"damage":1,"enemies":"2 Louse","floor":7,"turns":4},{"damage":2,"enemies":"Looter","floor":8,"turns":4},{"damage":0,"enemies":"2 Fungi Beasts","floor":10,"turns":6},{"damage":0,"enemies":"Exordium Thugs","floor":12,"turns":6},{"damage":0,"enemies":"Lots of Slimes","floor":13,"turns":6},{"damage":12,"enemies":"Hexaghost","floor":16,"turns":14},{"damage":2,"enemies":"2 Thieves","floor":18,"turns":4},{"damage":0,"enemies":"Shell Parasite","floor":20,"turns":5},{"damage":0,"enemies":"Snake Plant","floor":28,"turns":5},{"damage":10,"enemies":"Centurion and Healer","floor":29,"turns":6},{"damage":20,"enemies":"Automaton","floor":33,"turns":11},{"damage":1,"enemies":"Orb Walker","floor":35,"turns":5},{"damage":42,"enemies":"2 Orb Walkers","floor":40,"turns":7},{"damage":1,"enemies":"3 Shapes","floor":42,"turns":5},{"damage":2,"enemies":"Giant Head","floor":44,"turns":10},{"damage":1,"enemies":"Maw","floor":47,"turns":7},{"damage":40,"enemies":"4 Shapes","floor":48,"turns":5},{"damage":5,"enemies":"Awakened One","floor":50,"turns":13}],"event_choices":[{"event_name":"Wheel of Change","player_choice":"Curse","floor":3,"damage_taken":0},{"event_name":"Golden Idol","player_choice":"Take Damage","floor":5,"damage_taken":0},{"event_name":"Cursed Tome","player_choice":"Obtained Book","floor":22,"damage_taken":0},{"event_name":"Back to Basics","player_choice":"Elegance","floor":24,"damage_taken":0},{"event_name":"Beggar","player_choice":"Gave Gold","floor":31,"damage_taken":0},{"event_name":"Match and Keep!","player_choice":"1 cards matched","floor":36,"damage_taken":0},{"event_name":"Tomb of Lord Red Mask","player_choice":"Ignored","floor":37,"damage_taken":0},{"event_name":"Winding Halls","player_choice":"Writhe","floor":39,"damage_taken":0},{"event_name":"The Moai Head","player_choice":"Gave Idol","floor":45,"damage_taken":0}],"boss_relics":[{"not_picked":["Runic Dome","Eternal Feather"],"picked":"Cursed Key"},{"not_picked":["Orrery","White Beast Statue"],"picked":"The Specimen"}],"potions_floor_spawned":[1,12,13,28,33,42,44,48],"seed_played":"7464831919818405773","is_trial":false}