{"gold_per_floor":[110,110,35,55,55,55,73,107,185,185,218,218,218,238,238,359,359,382,133,48,67,92,92,116,116,116,139,119,0,23,39,39,158,158,172,505,515,259,274,274,292,309,332,344,344,359,359,379,379,379],"floor_reached":50,"playtime":3087,"items_purged":["Normality","Strike_B"],"score":569,"play_id":"95c966ce-779a-4eab-9336-477cabc40527","local_time":"20181019202749","is_ascension_mode":true,"campfire_choices":[{"floor":6,"key":"REST"},{"floor":10,"key":"REST"},{"floor":12,"key":"REST"},{"data":"Zap","floor":15,"key":"SMITH"},{"floor":23,"key":"REST"},{"data":"Dualcast","floor":25,"key":"SMITH"},{"floor":32,"key":"REST"},{"data":"Blizzard","floor":40,"key":"SMITH"},{"data":"Loop","floor":45,"key":"SMITH"},{"data":"Echo Form","floor":47,"key":"SMITH"},{"floor":49,"key":"REST"}],"neow_cost":"CURSE","seed_source_timestamp":732570148435300,"circlet_count":0,"master_deck":["Strike_B+1","Strike_B","Defend_B","Defend_B","Defend_B","Defend_B","Zap+1","Dualcast+1","Panacea","Bandage Up","Self Repair","Blizzard+1","Hologram","Barrage","Barrage","Echo Form+1","FTL+1","FTL","Blizzard+1","Conserve Battery+1","Loop+1","Seek","Cold Snap","Loop+1","Hologram+1","Seek","Parasite","Double Energy+1","Barrage+1"],"relics":["FrozenCore","Whetstone","Symbiotic Virus","Odd Mushroom","Blue Candle","Bronze Scales","Oddly Smooth Stone","Bag of Preparation","Velvet Choker","Cables","Art of War"],"potions_floor_usage":[8,14,16,18,24,24,30,33,33,48,50,50,50],"damage_taken":[{"damage":3,"enemies":"Small Slimes","floor":1,"turns":3},{"damage":7,"enemies":"Jaw Worm","floor":4,"turns":3},{"damage":0,"enemies":"2 Louse","floor":7,"turns":2},{"damage":55,"enemies":"3 Sentries","floor":8,"turns":11},{"damage":24,"enemies":"The Mushroom Lair","floor":11,"turns":4},{"damage":0,"enemies":"Blue Slaver","floor":14,"turns":3},{"damage":46,"enemies":"Hexaghost","floor":16,"turns":8},{"damage":33,"enemies":"2 Thieves","floor":18,"turns":4},{"damage":12,"enemies":"Spheric Guardian","floor":21,"turns":5},{"damage":30,"enemies":"Snecko","floor":22,"turns":7},{"damage":2,"enemies":"Shelled Parasite and Fungi","floor":24,"turns":3},{"damage":21,"enemies":"Snake Plant","floor":27,"turns":4},{"damage":19,"enemies":"3 Cultists","floor":30,"turns":6},{"damage":13,"enemies":"Centurion and Healer","floor":31,"turns":8},{"damage":42,"enemies":"Champ","floor":33,"turns":13},{"damage":12,"enemies":"Orb Walker","floor":35,"turns":5},{"damage":11,"enemies":"3 Shapes","floor":37,"turns":6},{"damage":23,"enemies":"Jaw Worm Horde","floor":39,"turns":5},{"damage":28,"enemies":"3 Darklings","floor":41,"turns":6},{"damage":0,"enemies":"Spire Growth","floor":42,"turns":6},{"damage":23,"enemies":"4 Shapes","floor":44,"turns":6},{"damage":9,"enemies":"Writhing Mass","floor":46,"turns":4},{"damage":10,"enemies":"Spire Growth","floor":48,"turns":6},{"damage":77,"enemies":"Donu and Deca","floor":50,"turns":12}],"seed_played":"8142628519802049279","potions_obtained":[{"floor":1,"key":"SneckoOil"},{"floor":7,"key":"Block Potion"},{"floor":14,"key":"Poison Potion"},{"floor":16,"key":"Explosive Potion"},{"floor":18,"key":"Dexterity Potion"},{"floor":21,"key":"Explosive Potion"},{"floor":22,"key":"Fire Potion"},{"floor":27,"key":"SmokeBomb"},{"floor":28,"key":"Fire Potion"},{"floor":30,"key":"Fire Potion"},{"floor":33,"key":"GamblersBrew"},{"floor":37,"key":"Weak Potion"},{"floor":41,"key":"Dexterity Potion"},{"floor":48,"key":"AttackPotion"}],"is_trial":false,"path_per_floor":["M","?","$","M","?","R","M","E","T","R","?","R","T","M","R","B",null,"M","$","?","M","M","R","M","R","T","M","?","?","M","M","R","B",null,"M","?","M","$","M","R","M","M","T","M","R","M","R","M","R"],"character_chosen":"DEFECT","items_purchased":["Bronze Scales","Cables"],"campfire_rested":6,"item_purchase_floors":[19,38],"current_hp_per_floor":[72,72,72,65,47,69,69,25,25,47,34,56,56,60,60,25,75,49,49,49,48,29,51,53,53,53,43,43,43,35,33,55,28,75,70,70,74,74,58,58,41,52,52,40,40,42,42,43,65,0],"gold":379,"neow_bonus":"RANDOM_COLORLESS_2","is_prod":false,"is_daily":false,"chose_seed":false,"campfire_upgraded":5,"win_rate":0,"timestamp":1539973669,"path_taken":["M","?","$","M","?","R","M","E","T","R","?","R","?","M","R","BOSS","M","$","?","M","M","R","M","R","T","?","?","?","M","M","R","BOSS","M","?","M","$","M","R","?","M","T","M","R","M","R","M","R","BOSS"],"build_version":"2018-10-18","purchased_purges":2,"victory":false,"max_hp_per_floor":[75,75,75,75,75,75,75,75,75,75,75,75,75,75,75,75,75,75,75,75,75,75,75,75,75,75,75,75,75,75,75,75,75,75,75,75,75,75,75,75,75,75,75,75,75,75,75,75,75,75],"card_choices":[{"not_picked":["Melter","Coolheaded","Streamline"],"picked":"SKIP","floor":1},{"not_picked":["BootSequence","Consume"],"picked":"Self Repair","floor":4},{"not_picked":["Beam Cell","Rip and Tear"],"picked":"Blizzard","floor":7},{"not_picked":["Go for the Eyes","Tempest"],"picked":"Hologram","floor":8},{"not_picked":["Rainbow","Sunder"],"picked":"Barrage","floor":11},{"not_picked":["Rebound","Compile Driver"],"picked":"Barrage","floor":14},{"not_picked":["Core Surge","Hyperbeam"],"picked":"Echo Form","floor":16},{"not_picked":["Stack","BootSequence"],"picked":"FTL+1","floor":18},{"not_picked":["Doom and Gloom","Hello World"],"picked":"FTL","floor":21},{"not_picked":["Ball Lightning+1","Storm"],"picked":"Blizzard","floor":22},{"not_picked":["Static Discharge","White Noise"],"picked":"Conserve Battery+1","floor":24},{"not_picked":["Gash","Recycle","Beam Cell+1"],"picked":"SKIP","floor":27},{"not_picked":["Compile Driver","Scrape+1"],"picked":"Loop","floor":30},{"not_picked":["Steam Power","Gash","Sweeping Beam"],"picked":"SKIP","floor":31},{"not_picked":["Core Surge","Thunder Strike"],"picked":"Seek","floor":33},{"not_picked":["Redo","White Noise"],"picked":"Cold Snap","floor":35},{"not_picked":["Force Field","Reprogram+1","Turbo+1"],"picked":"SKIP","floor":37},{"not_picked":["Ball Lightning","Doom and Gloom+1"],"picked":"Loop+1","floor":39},{"not_picked":["Turbo+1","Melter+1","Beam Cell"],"picked":"SKIP","floor":41},{"not_picked":["Streamline","Fusion"],"picked":"Hologram+1","floor":42},{"not_picked":["Sunder","Recycle"],"picked":"Seek","floor":44},{"not_picked":["Hologram+1","Darkness+1"],"picked":"Double Energy+1","floor":46},{"not_picked":["Steam+1","Genetic Algorithm+1"],"picked":"Barrage+1","floor":48}],"player_experience":173990,"relics_obtained":[{"floor":8,"key":"Whetstone"},{"floor":9,"key":"Symbiotic Virus"},{"floor":11,"key":"Odd Mushroom"},{"floor":13,"key":"Blue Candle"},{"floor":26,"key":"Bag of Preparation"},{"floor":43,"key":"Art of War"}],"event_choices":[{"cards_removed":["Strike_B"],"damage_healed":0,"gold_gain":0,"player_choice":"Forget","damage_taken":0,"max_hp_gain":0,"max_hp_loss":0,"event_name":"Living Wall","floor":2,"gold_loss":0},{"damage_healed":0,"gold_gain":0,"player_choice":"Take Damage","damage_taken":18,"relics_obtained":["Golden Idol"],"max_hp_gain":0,"max_hp_loss":0,"event_name":"Golden Idol","floor":5,"gold_loss":0},{"damage_healed":0,"gold_gain":0,"player_choice":"Fought Mushrooms","damage_taken":0,"max_hp_gain":0,"max_hp_loss":0,"event_name":"Mushrooms","floor":11,"gold_loss":0},{"damage_healed":0,"gold_gain":0,"player_choice":"Obtained Relic","damage_taken":0,"relics_obtained":["Oddly Smooth Stone"],"max_hp_gain":0,"max_hp_loss":0,"event_name":"Addict","floor":20,"gold_loss":85},{"damage_healed":0,"gold_gain":0,"player_choice":"Bought 1 Potion","damage_taken":0,"max_hp_gain":0,"max_hp_loss":0,"event_name":"The Woman in Blue","floor":28,"gold_loss":0},{"damage_healed":0,"gold_gain":0,"player_choice":"Paid Fearfully","damage_taken":0,"max_hp_gain":0,"max_hp_loss":0,"event_name":"Masked Bandits","floor":29,"gold_loss":119},{"damage_healed":0,"gold_gain":333,"player_choice":"Gave Idol","damage_taken":0,"max_hp_gain":0,"max_hp_loss":0,"event_name":"The Moai Head","floor":36,"relics_lost":["Golden Idol"],"gold_loss":0}],"is_beta":false,"boss_relics":[{"not_picked":["Philosopher\u0027s Stone","Empty Cage"],"picked":"FrozenCore"},{"not_picked":["Calling Bell","White Beast Statue"],"picked":"Velvet Choker"}],"items_purged_floors":[3,19],"is_endless":false,"potions_floor_spawned":[1,7,14,16,18,21,22,27,30,33,37,41,48],"killed_by":"Donu and Deca","ascension_level":3}