{"gold_per_floor":[111,123,123,123,22,22,53,53,53,84,84,97,131,150,150,245,245,257,271,14,25,25,51,51,71,122,135,154,154,188,199,199,303,303,318,329,390,406,417,417,417],"floor_reached":41,"playtime":1969,"items_purged":["Strike_B"],"score":551,"play_id":"d2c53046-17e9-4c65-b1cd-23221f3aca19","local_time":"20190225121353","is_ascension_mode":true,"campfire_choices":[{"floor":6,"key":"REST"},{"floor":8,"key":"REST"},{"data":"Dualcast","floor":11,"key":"SMITH"},{"floor":15,"key":"REST"},{"floor":24,"key":"REST"},{"floor":29,"key":"REST"},{"floor":32,"key":"REST"},{"floor":40,"key":"REST"}],"neow_cost":"NONE","seed_source_timestamp":6294850641495,"circlet_count":0,"master_deck":["Strike_B","Strike_B","Strike_B+1","Defend_B","Defend_B","Defend_B","Defend_B+1","Zap+1","Dualcast+1","Defragment+1","Stack","Ball Lightning","Leap","Ball Lightning","Leap","Conserve Battery","Chill","Biased Cognition","Stack","Darkness","Scrape","Auto Shields","BootSequence","Core Surge","Rebound+1","Self Repair","FTL","Ball Lightning+1","Gash+1","FTL+1","Glacier","Undo+1","Seek","Writhe","Self Repair+1","Leap+1","Parasite","Coolheaded+1","Melter+1"],"relics":["Cracked Core","DataDisk","Omamori","Potion Belt","Pantograph","Orrery","Strange Spoon","SsserpentHead","Happy Flower","Dream Catcher","Vajra","Calling Bell","Blood Vial","The Courier","Torii"],"potions_floor_usage":[7,10,19,23,23,23,23,27,37,41,41],"damage_taken":[{"damage":11,"enemies":"Small Slimes","floor":1,"turns":3},{"damage":7,"enemies":"Jaw Worm","floor":2,"turns":3},{"damage":12,"enemies":"Lagavulin","floor":7,"turns":4},{"damage":18,"enemies":"Gremlin Nob","floor":10,"turns":3},{"damage":0,"enemies":"Cultist","floor":12,"turns":2},{"damage":13,"enemies":"Lagavulin","floor":13,"turns":5},{"damage":6,"enemies":"Looter","floor":14,"turns":2},{"damage":31,"enemies":"Hexaghost","floor":16,"turns":8},{"damage":0,"enemies":"Spheric Guardian","floor":18,"turns":3},{"damage":0,"enemies":"Shell Parasite","floor":19,"turns":5},{"damage":5,"enemies":"Chosen and Byrds","floor":21,"turns":7},{"damage":26,"enemies":"Book of Stabbing","floor":23,"turns":6},{"damage":2,"enemies":"Cultist and Chosen","floor":25,"turns":7},{"damage":1,"enemies":"3 Cultists","floor":27,"turns":5},{"damage":11,"enemies":"Snecko","floor":28,"turns":4},{"damage":40,"enemies":"Slavers","floor":30,"turns":10},{"damage":3,"enemies":"Centurion and Healer","floor":31,"turns":5},{"damage":40,"enemies":"Automaton","floor":33,"turns":12},{"damage":1,"enemies":"Orb Walker","floor":35,"turns":3},{"damage":7,"enemies":"3 Shapes","floor":36,"turns":3},{"damage":7,"enemies":"Writhing Mass","floor":37,"turns":11},{"damage":34,"enemies":"Spire Growth","floor":38,"turns":6},{"damage":47,"enemies":"Maw","floor":39,"turns":12},{"damage":72,"enemies":"Reptomancer","floor":41,"turns":3}],"seed_played":"-1612994589830718622","potions_obtained":[{"floor":1,"key":"GamblersBrew"},{"floor":2,"key":"Poison Potion"},{"floor":10,"key":"Explosive Potion"},{"floor":14,"key":"Swift Potion"},{"floor":16,"key":"EssenceOfSteel"},{"floor":19,"key":"SteroidPotion"},{"floor":21,"key":"PowerPotion"},{"floor":23,"key":"FairyPotion"},{"floor":28,"key":"Ancient Potion"},{"floor":30,"key":"Ancient Potion"},{"floor":35,"key":"Swift Potion"},{"floor":39,"key":"PowerPotion"}],"is_trial":false,"path_per_floor":["M","M","?","?","$","R","E","R","T","E","R","M","E","M","R","B",null,"M","M","$","M","?","E","R","M","T","M","M","R","E","M","R","B",null,"M","M","M","M","M","R","E"],"character_chosen":"DEFECT","items_purchased":["Ball Lightning","Strange Spoon","Block Potion"],"campfire_rested":7,"item_purchase_floors":[5,20,20],"current_hp_per_floor":[64,57,42,42,42,64,52,74,74,56,56,56,43,37,59,44,75,75,75,75,70,70,44,66,71,71,70,59,75,42,46,68,42,75,74,75,75,58,30,52,0],"gold":417,"neow_bonus":"UPGRADE_CARD","is_prod":false,"is_daily":false,"chose_seed":false,"campfire_upgraded":1,"win_rate":0,"timestamp":1551118433,"path_taken":["M","M","?","?","$","R","E","R","T","E","R","M","E","M","R","BOSS","M","M","$","M","?","E","R","M","T","M","M","R","E","M","R","BOSS","M","M","?","M","M","R","E"],"build_version":"2019-01-23","purchased_purges":1,"victory":false,"max_hp_per_floor":[75,75,75,75,75,75,75,75,75,75,75,75,75,75,75,75,75,75,75,75,75,75,75,75,75,75,75,75,75,75,75,75,75,75,75,75,75,75,75,75,75],"card_choices":[{"not_picked":["Self Repair","Compile Driver"],"picked":"Defragment","floor":1},{"not_picked":["Capacitor","Sweeping Beam"],"picked":"Stack","floor":2},{"not_picked":["Reboot","Ball Lightning"],"picked":"Leap","floor":7},{"not_picked":["Steam Power","Meteor Strike"],"picked":"Ball Lightning","floor":10},{"not_picked":["Streamline","Coolheaded"],"picked":"Leap","floor":12},{"not_picked":["Reboot","Capacitor"],"picked":"Conserve Battery","floor":13},{"not_picked":["FTL","Ball Lightning"],"picked":"Chill","floor":14},{"not_picked":["Machine Learning","Amplify"],"picked":"Biased Cognition","floor":16},{"not_picked":["Sweeping Beam","Cold Snap"],"picked":"Stack","floor":17},{"not_picked":["Recycle","Ball Lightning"],"picked":"Darkness","floor":17},{"not_picked":["Aggregate","Gash"],"picked":"Scrape","floor":17},{"not_picked":["Sweeping Beam","Stack"],"picked":"Auto Shields","floor":17},{"not_picked":["Go for the Eyes","Stack"],"picked":"BootSequence","floor":17},{"not_picked":["Cold Snap+1","Sweeping Beam+1"],"picked":"Core Surge","floor":18},{"not_picked":["Steam","Hologram"],"picked":"Rebound+1","floor":19},{"not_picked":["Sweeping Beam","Beam Cell","Auto Shields"],"picked":"SKIP","floor":21},{"not_picked":["Cold Snap","Steam"],"picked":"Self Repair","floor":23},{"not_picked":["Conserve Battery","Chill","Stack"],"picked":"SKIP","floor":25},{"not_picked":["Redo","Go for the Eyes"],"picked":"FTL","floor":27},{"not_picked":["Hologram","Redo"],"picked":"Ball Lightning+1","floor":28},{"not_picked":["Capacitor","Hologram"],"picked":"Gash+1","floor":29},{"not_picked":["Stack","Hyperbeam"],"picked":"FTL+1","floor":30},{"not_picked":["Capacitor","Sweeping Beam"],"picked":"Glacier","floor":31},{"not_picked":["Redo","BootSequence"],"picked":"Undo+1","floor":32},{"not_picked":["Core Surge","Reboot"],"picked":"Seek","floor":33},{"not_picked":["Sunder+1","Stack"],"picked":"Self Repair+1","floor":35},{"not_picked":["Sweeping Beam","Conserve Battery+1"],"picked":"Leap+1","floor":36},{"not_picked":["BootSequence","Sweeping Beam+1"],"picked":"Coolheaded+1","floor":37},{"not_picked":["Gash","Ball Lightning+1"],"picked":"Melter+1","floor":38},{"not_picked":["Ball Lightning","Steam","Steam Power"],"picked":"SKIP","floor":39}],"player_experience":387568,"relics_obtained":[{"floor":7,"key":"DataDisk"},{"floor":9,"key":"Omamori"},{"floor":10,"key":"Potion Belt"},{"floor":13,"key":"Pantograph"},{"floor":23,"key":"Happy Flower"},{"floor":26,"key":"Dream Catcher"},{"floor":30,"key":"Vajra"},{"floor":34,"key":"Blood Vial"},{"floor":34,"key":"The Courier"},{"floor":34,"key":"Torii"}],"event_choices":[{"damage_healed":0,"gold_gain":0,"player_choice":"Entered Light","damage_taken":15,"max_hp_gain":0,"max_hp_loss":0,"event_name":"Shining Light","floor":3,"gold_loss":0,"cards_upgraded":["Defend_B","Strike_B"]},{"damage_healed":0,"gold_gain":0,"player_choice":"Grow","damage_taken":0,"max_hp_gain":0,"max_hp_loss":0,"event_name":"Living Wall","floor":4,"gold_loss":0,"cards_upgraded":["Defragment"]},{"damage_healed":0,"gold_gain":0,"player_choice":"Trade","damage_taken":0,"relics_obtained":["SsserpentHead"],"max_hp_gain":0,"max_hp_loss":0,"event_name":"FaceTrader","floor":22,"gold_loss":0}],"is_beta":false,"boss_relics":[{"not_picked":["Lizard Tail","Inserter"],"picked":"Orrery"},{"not_picked":["Sozu","Runic Pyramid"],"picked":"Calling Bell"}],"items_purged_floors":[5],"is_endless":false,"potions_floor_spawned":[1,2,10,14,16,19,21,23,28,30,35,39],"killed_by":"Reptomancer","ascension_level":3}