{"gold_per_floor":[110,124,142,142,2,28,39,39,39,64,76,151,151,38,38,141,141,159,159,170,35,35,64,64,64,87,87,118,130,142,172,184,295,307,330,355,5,5,16,51,51,63,86,102,116,116,116,80,80,80],"floor_reached":51,"playtime":3541,"items_purged":["Strike_G","Slice","Well Laid Plans+1"],"score":799,"play_id":"aaa7449c-e171-40da-9306-aa46449ea0b1","local_time":"20190304033648","is_ascension_mode":true,"campfire_choices":[{"data":"A Thousand Cuts","floor":8,"key":"SMITH"},{"floor":13,"key":"REST"},{"data":"Dash","floor":15,"key":"SMITH"},{"floor":25,"key":"REST"},{"data":"Caltrops","floor":27,"key":"SMITH"},{"floor":32,"key":"REST"},{"floor":41,"key":"REST"},{"floor":47,"key":"REST"},{"floor":49,"key":"REST"}],"neow_cost":"NONE","seed_source_timestamp":1246784345009265,"circlet_count":0,"master_deck":["Defend_G","Defend_G","Defend_G","Survivor","Neutralize","Crippling Poison","Dodge and Roll","Caltrops+1","A Thousand Cuts+1","Adrenaline","Dash+1","Crippling Poison","Glass Knife","Noxious Fumes+1","Acrobatics","Noxious Fumes+1","Deadly Poison","Leg Sweep","Burst","Dodge and Roll+1","Footwork+1","Bane","Deadly Poison+1","Footwork+1"],"relics":["Velvet Choker","Bottled Lightning","Frozen Egg 2","Shuriken","Empty Cage","Nunchaku","Omamori","MawBank","Runic Pyramid","Juzu Bracelet","Anchor","Bronze Scales"],"potions_floor_usage":[10,23,33,45,50],"damage_taken":[{"damage":2,"enemies":"Cultist","floor":1,"turns":5},{"damage":1,"enemies":"Small Slimes","floor":2,"turns":4},{"damage":0,"enemies":"2 Louse","floor":3,"turns":3},{"damage":15,"enemies":"3 Sentries","floor":6,"turns":9},{"damage":3,"enemies":"Large Slime","floor":7,"turns":6},{"damage":14,"enemies":"Gremlin Nob","floor":10,"turns":4},{"damage":1,"enemies":"Red Slaver","floor":11,"turns":4},{"damage":18,"enemies":"Slime Boss","floor":16,"turns":8},{"damage":5,"enemies":"Shell Parasite","floor":18,"turns":6},{"damage":2,"enemies":"Chosen","floor":20,"turns":5},{"damage":28,"enemies":"Slavers","floor":23,"turns":4},{"damage":30,"enemies":"Gremlin Leader","floor":28,"turns":6},{"damage":11,"enemies":"Sentry and Sphere","floor":31,"turns":5},{"damage":32,"enemies":"Collector","floor":33,"turns":7},{"damage":9,"enemies":"3 Shapes","floor":35,"turns":4},{"damage":12,"enemies":"3 Darklings","floor":36,"turns":5},{"damage":11,"enemies":"4 Shapes","floor":39,"turns":4},{"damage":25,"enemies":"Giant Head","floor":40,"turns":11},{"damage":3,"enemies":"Spire Growth","floor":42,"turns":5},{"damage":18,"enemies":"Writhing Mass","floor":44,"turns":6},{"damage":4,"enemies":"4 Shapes","floor":45,"turns":5},{"damage":15,"enemies":"Time Eater","floor":50,"turns":11}],"seed_played":"-7503422729367669832","potions_obtained":[{"floor":1,"key":"Ancient Potion"},{"floor":2,"key":"GamblersBrew"},{"floor":3,"key":"Poison Potion"},{"floor":11,"key":"Energy Potion"},{"floor":30,"key":"AttackPotion"},{"floor":30,"key":"GhostInAJar"},{"floor":33,"key":"Swift Potion"},{"floor":35,"key":"SpeedPotion"},{"floor":40,"key":"Dexterity Potion"}],"is_trial":false,"path_per_floor":["M","M","M","?","$","E","M","R","T","E","M","?","R","$","R","B",null,"M","?","M","$","?","E","$","R","T","R","E","?","?","M","R","B",null,"M","M","$","?","M","E","R","M","T","M","M","?","R","$","R","B",null],"character_chosen":"THE_SILENT","items_purchased":["A Thousand Cuts","Well Laid Plans+1","Noxious Fumes+1","Footwork+1","Juzu Bracelet","Footwork+1"],"campfire_rested":6,"item_purchase_floors":[5,14,21,37,37,48],"current_hp_per_floor":[68,67,67,67,67,52,49,49,49,35,34,23,44,44,44,26,70,65,65,63,63,63,35,35,56,56,56,26,26,26,15,36,4,70,61,49,49,49,38,13,34,31,31,13,9,9,28,28,47,32],"gold":80,"neow_bonus":"BOSS_RELIC","is_prod":false,"is_daily":false,"chose_seed":false,"campfire_upgraded":3,"win_rate":0,"timestamp":1551688608,"path_taken":["M","M","?","?","$","E","M","R","T","E","M","?","R","$","R","BOSS","M","?","?","$","?","E","$","R","T","R","E","?","?","M","R","BOSS","M","?","$","?","M","E","R","M","T","M","M","?","R","$","R","BOSS"],"build_version":"2019-01-23","purchased_purges":3,"victory":true,"max_hp_per_floor":[70,70,70,70,70,70,70,70,70,70,70,70,70,70,70,70,70,70,70,70,70,70,70,70,70,70,70,70,70,70,70,70,70,70,70,70,70,70,70,70,70,70,70,70,70,66,66,66,66,66],"card_choices":[{"not_picked":["Quick Slash","Calculated Gamble"],"picked":"Crippling Poison","floor":1},{"not_picked":["Backstab","Blade Dance"],"picked":"Dodge and Roll","floor":2},{"not_picked":["Calculated Gamble","Deadly Poison"],"picked":"Caltrops","floor":3},{"not_picked":["Adrenaline","Outmaneuver","Bane"],"picked":"SKIP","floor":6},{"not_picked":["Outmaneuver","Bane"],"picked":"Adrenaline","floor":6},{"not_picked":["Underhanded Strike","Tactician"],"picked":"Dash","floor":7},{"not_picked":["Dodge and Roll","Quick Slash","Reflex"],"picked":"SKIP","floor":10},{"not_picked":["Escape Plan","Reflex"],"picked":"Crippling Poison","floor":11},{"not_picked":["Doppelganger","Unload"],"picked":"Glass Knife","floor":16},{"not_picked":["Blade Dance","Prepared","Distraction"],"picked":"SKIP","floor":18},{"not_picked":["Reflex","Sucker Punch","Tactician"],"picked":"SKIP","floor":20},{"not_picked":["Wraith Form v2+1","Sucker Punch"],"picked":"Noxious Fumes+1","floor":23},{"not_picked":["Endless Agony","Accuracy+1"],"picked":"Deadly Poison","floor":28},{"not_picked":["Blade Dance","Sucker Punch"],"picked":"Leg Sweep","floor":31},{"not_picked":["Grand Finale","Bullet Time"],"picked":"Burst","floor":33},{"not_picked":["Dagger Throw+1","Choke+1"],"picked":"Dodge and Roll+1","floor":35},{"not_picked":["Sucker Punch","Poisoned Stab+1","Concentrate"],"picked":"SKIP","floor":36},{"not_picked":["Underhanded Strike+1","Tactician","Deflect"],"picked":"SKIP","floor":39},{"not_picked":["Quick Slash","Underhanded Strike","Poisoned Stab+1"],"picked":"SKIP","floor":40},{"not_picked":["Expertise","Slice","Calculated Gamble"],"picked":"SKIP","floor":42},{"not_picked":["Masterful Stab","Bouncing Flask"],"picked":"Deadly Poison+1","floor":44},{"not_picked":["Prepared","Phantasmal Killer","Dagger Spray"],"picked":"SKIP","floor":45}],"player_experience":223129,"relics_obtained":[{"floor":6,"key":"Bottled Lightning"},{"floor":9,"key":"Frozen Egg 2"},{"floor":10,"key":"Shuriken"},{"floor":23,"key":"Nunchaku"},{"floor":26,"key":"Omamori"},{"floor":28,"key":"MawBank"},{"floor":40,"key":"Anchor"},{"floor":43,"key":"Bronze Scales"}],"event_choices":[{"cards_removed":["Strike_G"],"damage_healed":0,"gold_gain":0,"player_choice":"Forget","damage_taken":0,"max_hp_gain":0,"max_hp_loss":0,"event_name":"Living Wall","floor":4,"gold_loss":0},{"damage_healed":0,"gold_gain":75,"player_choice":"Gather Gold","damage_taken":11,"max_hp_gain":0,"max_hp_loss":0,"event_name":"World of Goop","floor":12,"gold_loss":0},{"damage_healed":0,"gold_gain":0,"cards_transformed":["Strike_G"],"player_choice":"Transformed","damage_taken":0,"max_hp_gain":0,"max_hp_loss":0,"event_name":"Transmorgrifier","floor":19,"gold_loss":0,"cards_obtained":["Slice"]},{"damage_healed":0,"gold_gain":0,"cards_transformed":["Defend_G","Defend_G"],"player_choice":"Became Test Subject","damage_taken":0,"max_hp_gain":0,"max_hp_loss":0,"event_name":"Drug Dealer","floor":22,"gold_loss":0,"cards_obtained":["Acrobatics","Underhanded Strike"]},{"damage_healed":0,"gold_gain":0,"player_choice":"Ignored","damage_taken":0,"max_hp_gain":0,"max_hp_loss":0,"event_name":"Vampires","floor":29,"gold_loss":0},{"damage_healed":0,"gold_gain":0,"player_choice":"Got Potions","damage_taken":0,"max_hp_gain":0,"max_hp_loss":0,"event_name":"Lab","floor":30,"gold_loss":0},{"damage_healed":0,"gold_gain":0,"cards_transformed":["Underhanded Strike"],"player_choice":"Transformed","damage_taken":0,"max_hp_gain":0,"max_hp_loss":0,"event_name":"Transmorgrifier","floor":38,"gold_loss":0,"cards_obtained":["Bane"]},{"damage_healed":0,"gold_gain":0,"player_choice":"Max HP","damage_taken":0,"max_hp_gain":0,"max_hp_loss":4,"event_name":"Winding Halls","floor":46,"gold_loss":0}],"is_beta":false,"boss_relics":[{"not_picked":["Runic Dome","White Beast Statue"],"picked":"Empty Cage"},{"not_picked":["Lizard Tail","Fusion Hammer"],"picked":"Runic Pyramid"}],"items_purged_floors":[14,21,37],"is_endless":false,"potions_floor_spawned":[1,2,3,7,11,18,31,33,35,40,42],"ascension_level":3}