{"path_per_floor":["M","M","M","?","M","E","R","?","T","M","E","R","?","M","R"],"character_chosen":"IRONCLAD","items_purchased":[],"gold_per_floor":[118,128,148,148,166,200,200,375,375,394,434,434,464,482,482,482],"floor_reached":16,"campfire_rested":1,"playtime":1094,"current_hp_per_floor":[80,80,80,60,47,35,35,35,35,35,19,19,9,8,32,0],"items_purged":[],"gold":482,"score":112,"play_id":"1904512a-d848-4532-8c03-e938fdbe9442","local_time":"20180521015050","is_prod":false,"is_daily":false,"chose_seed":false,"is_ascension_mode":false,"campfire_upgraded":2,"timestamp":1526860250,"campfire_choices":[{"data":"Blood for Blood","floor":7,"key":"SMITH"},{"data":"Barricade","floor":12,"key":"SMITH"},{"floor":15,"key":"REST"}],"path_taken":["M","M","M","?","M","E","R","?","T","M","E","R","?","M","R","BOSS"],"build_version":"2018-05-17","seed_source_timestamp":13733039894276,"purchased_purges":0,"victory":false,"master_deck":["Strike_R","Strike_R","Strike_R","Strike_R","Defend_R","Defend_R","Defend_R","Defend_R","Bash","Fire Breathing","Blood for Blood+1","Rage","Uppercut","Barricade+1","Blood for Blood","Doubt","Thunderclap","Berserk","Disarm"],"max_hp_per_floor":[80,80,80,80,80,80,80,80,80,80,80,80,80,80,80,80],"relics":["Burning Blood","Golden Idol","Smiling Mask","Mummified Hand","Juzu Bracelet","Odd Mushroom"],"card_choices":[{"not_picked":["Flex","Headbutt"],"picked":"Blood for Blood","floor":1},{"not_picked":["Rupture","Flex"],"picked":"Rage","floor":2},{"not_picked":["Rage","Seeing Red"],"picked":"Uppercut","floor":3},{"not_picked":["Feel No Pain","Headbutt"],"picked":"Barricade","floor":5},{"not_picked":["Cleave","Second Wind"],"picked":"Blood for Blood","floor":6},{"not_picked":["Perfected Strike","Heavy Blade"],"picked":"Thunderclap","floor":10},{"not_picked":["Thunderclap","Evolve"],"picked":"Berserk","floor":11},{"not_picked":["Burning Pact","Body Slam"],"picked":"Disarm","floor":13},{"not_picked":["Anger","Armaments","Body Slam"],"picked":"SKIP","floor":14}],"player_experience":251552,"potions_floor_usage":[6,13,13,16],"damage_taken":[{"damage":3,"enemies":"Cultist","floor":1,"turns":5},{"damage":0,"enemies":"2 Louse","floor":2,"turns":3},{"damage":3,"enemies":"Small Slimes","floor":3,"turns":4},{"damage":19,"enemies":"Exordium Thugs","floor":5,"turns":6},{"damage":18,"enemies":"Gremlin Nob","floor":6,"turns":4},{"damage":6,"enemies":"Exordium Wildlife","floor":10,"turns":4},{"damage":22,"enemies":"3 Sentries","floor":11,"turns":6},{"damage":16,"enemies":"The Mushroom Lair","floor":13,"turns":4},{"damage":7,"enemies":"3 Louse","floor":14,"turns":5},{"damage":32,"enemies":"Slime Boss","floor":16,"turns":9}],"relics_obtained":[{"floor":6,"key":"Smiling Mask"},{"floor":9,"key":"Mummified Hand"},{"floor":11,"key":"Juzu Bracelet"},{"floor":13,"key":"Odd Mushroom"}],"event_choices":[{"event_name":"Golden Idol","player_choice":"Take Damage","floor":4,"damage_taken":0},{"event_name":"Liars Game","player_choice":"agreed","floor":8,"damage_taken":0},{"event_name":"Mushrooms","player_choice":"Fought Mushrooms","floor":13,"damage_taken":0}],"boss_relics":[],"potions_floor_spawned":[1,2,3,14],"seed_played":"-7507262713660500839","killed_by":"Slime Boss","ascension_level":0,"potions_obtained":[{"floor":1,"key":"EssenceOfSteel"},{"floor":2,"key":"Weak Potion"},{"floor":3,"key":"PowerPotion"},{"floor":14,"key":"EssenceOfSteel"}],"is_trial":false}