{"path_per_floor":["M","?","M","M","M","E","M","M","T"],"character_chosen":"DEFECT","items_purchased":[],"gold_per_floor":[113,113,124,141,159,187,203,219,271,271],"floor_reached":10,"campfire_rested":0,"playtime":390,"item_purchase_floors":[],"current_hp_per_floor":[75,68,68,68,66,18,18,5,5,0],"items_purged":[],"gold":271,"score":72,"play_id":"2a4e5954-cd90-438b-a14b-222bcf093cfb","local_time":"20180605195440","is_prod":false,"is_daily":false,"chose_seed":false,"is_ascension_mode":false,"campfire_upgraded":0,"win_rate":0.0,"timestamp":1528221280,"campfire_choices":[],"path_taken":["M","?","M","?","M","E","?","M","T","E"],"build_version":"2018-05-31","seed_source_timestamp":328262972529095,"purchased_purges":0,"victory":false,"master_deck":["Strike_B","Strike_B","Strike_B","Strike_B","Defend_B","Defend_B","Defend_B","Defend_B","Zap","Dualcast","Auto Shields","Defragment","Reinforced Body","Genetic Algorithm"],"max_hp_per_floor":[75,75,75,75,75,75,75,75,75,75],"relics":["Cracked Core","Bag of Marbles","Regal Pillow","Juzu Bracelet"],"card_choices":[{"not_picked":["Hologram","Chaos"],"picked":"Auto Shields","floor":1},{"not_picked":["Gash","Beam Cell","Conserve Battery"],"picked":"SKIP","floor":3},{"not_picked":["Leap","Undo"],"picked":"Defragment","floor":4},{"not_picked":["Rip and Tear","Rebound"],"picked":"Reinforced Body","floor":5},{"not_picked":["Cold Snap","Rebound","Gash"],"picked":"SKIP","floor":6},{"not_picked":["Gash","Steam","Compile Driver"],"picked":"SKIP","floor":7},{"not_picked":["Gash","Hologram"],"picked":"Genetic Algorithm","floor":8}],"player_experience":322603,"potions_floor_usage":[6],"damage_taken":[{"damage":0,"enemies":"Jaw Worm","floor":1,"turns":3},{"damage":0,"enemies":"Cultist","floor":3,"turns":3},{"damage":0,"enemies":"Small Slimes","floor":4,"turns":3},{"damage":2,"enemies":"Red Slaver","floor":5,"turns":4},{"damage":48,"enemies":"Gremlin Nob","floor":6,"turns":5},{"damage":0,"enemies":"2 Fungi Beasts","floor":7,"turns":3},{"damage":13,"enemies":"Large Slime","floor":8,"turns":6},{"damage":8,"enemies":"Lagavulin","floor":10,"turns":4}],"relics_obtained":[{"floor":6,"key":"Regal Pillow"},{"floor":9,"key":"Juzu Bracelet"}],"event_choices":[{"event_name":"Scrap Ooze","player_choice":"success","floor":2,"damage_taken":7}],"boss_relics":[],"items_purged_floors":[],"potions_floor_spawned":[4,7,8],"seed_played":"-5228030114308869626","killed_by":"Lagavulin","ascension_level":0,"potions_obtained":[{"floor":4,"key":"Energy Potion"},{"floor":7,"key":"Strength Potion"},{"floor":8,"key":"FocusPotion"}],"is_trial":false}