{"path_per_floor":["M","?","T","M","M","R","M","R","T","E","M","?","E","M","R","B",null,"M","$","?","?","?","R","E","R","T","E","?","?","R","?","R","B",null,"M","?","M","$","?","R","E","R","T","R","?","M","M","?","R","B"],"character_chosen":"THE_SILENT","items_purchased":["Bottled Lightning","Juzu Bracelet"],"gold_per_floor":[114,114,164,179,194,194,209,209,259,289,304,318,348,363,363,463,463,478,3,3,3,3,3,33,33,58,88,11,11,11,11,11,111,111,126,126,141,41,41,41,71,71,121,121,0,15,30,30,30,30],"floor_reached":51,"campfire_rested":0,"playtime":2969,"current_hp_per_floor":[70,70,70,70,70,70,70,70,70,64,63,65,60,62,62,64,70,70,70,54,54,54,54,56,56,56,58,58,68,68,68,68,15,82,67,67,71,71,84,84,59,59,66,66,66,65,69,105,105,83],"items_purged":["Caltrops","Grand Finale"],"gold":30,"score":892,"play_id":"e80228a6-6ae3-4586-9bae-f8b1c5e8885b","local_time":"20180421214257","daily_mods":["Insanity","Binary","Night Terrors"],"is_prod":false,"is_daily":true,"chose_seed":false,"is_ascension_mode":false,"campfire_upgraded":11,"timestamp":1524361377,"path_taken":["M","?","?","?","M","R","M","R","T","E","M","?","E","M","R","BOSS","M","$","?","?","?","R","E","R","T","E","?","?","R","?","R","BOSS","M","?","M","$","?","R","E","R","T","R","?","M","M","?","R","BOSS"],"build_version":"2018-04-19","seed_source_timestamp":0,"purchased_purges":2,"victory":true,"master_deck":["Flechettes","Tactician","Caltrops","Calculated Gamble","Envenom+1","Defend_G","Concentrate","Endless Agony","Underhanded Strike","Prepared+1","Blade Dance","Unload","After Image+1","Skewer","Slice","Expertise","Catalyst","Prepared","Tools of the Trade","Wraith Form v2","Flechettes","Leg Sweep+1","Backstab+1","Defend_G","Predator","Reflex","Dodge and Roll","Slice","Riddle With Holes+1","Backstab+1","Calculated Gamble","Unload","Riddle With Holes","Terror","Deflect","Riddle With Holes","Escape Plan","Corpse Explosion","Poisoned Stab","Expertise","Dagger Throw","Backflip","Dash","Deadly Poison","Adrenaline+1","Heel Hook","Choke","Well Laid Plans","Riddle With Holes+1","Backstab+1","Die Die Die+1","J.A.X.","Decay","Night Terror+1","Malaise+1","Writhe","Acrobatics"],"max_hp_per_floor":[70,70,70,70,70,70,70,70,70,70,70,70,70,70,70,70,70,70,70,70,70,70,70,70,70,70,72,72,82,82,82,82,82,82,82,82,84,84,84,84,86,86,93,93,93,93,95,105,105,105],"relics":["Ring of the Snake","Blood Vial","Ancient Tea Set","Vajra","Odd Mushroom","Molten Egg 2","Runic Dome","Bottled Lightning","Juzu Bracelet","Enchiridion","Oddly Smooth Stone","Snake Skull","Singing Bowl","Pear","Black Star","Gremlin Horn","Shuriken","Strawberry","Red Mask"],"card_choices":[{"not_picked":["Dagger Throw"],"picked":"Well Laid Plans","floor":5},{"not_picked":["Flying Knee"],"picked":"Riddle With Holes","floor":10},{"not_picked":["Phantasmal Killer"],"picked":"Backstab","floor":11},{"not_picked":["Envenom"],"picked":"Die Die Die","floor":16},{"not_picked":["Grand Finale"],"picked":"Night Terror","floor":33},{"not_picked":["Flying Knee"],"picked":"Malaise","floor":35},{"not_picked":["Riddle With Holes"],"picked":"Acrobatics","floor":46}],"player_experience":204080,"potions_floor_usage":[5,16,33,33,50,50,50],"damage_taken":[{"damage":0,"enemies":"Jaw Worm","floor":1,"turns":2},{"damage":0,"enemies":"Cultist","floor":4,"turns":2},{"damage":0,"enemies":"Small Slimes","floor":5,"turns":1},{"damage":0,"enemies":"Blue Slaver","floor":7,"turns":1},{"damage":6,"enemies":"Lagavulin","floor":10,"turns":5},{"damage":3,"enemies":"Exordium Wildlife","floor":11,"turns":2},{"damage":0,"enemies":"The Mushroom Lair","floor":12,"turns":2},{"damage":7,"enemies":"3 Sentries","floor":13,"turns":3},{"damage":0,"enemies":"3 Louse","floor":14,"turns":1},{"damage":0,"enemies":"Slime Boss","floor":16,"turns":5},{"damage":0,"enemies":"Shell Parasite","floor":18,"turns":2},{"damage":0,"enemies":"Slavers","floor":24,"turns":3},{"damage":2,"enemies":"Book of Stabbing","floor":27,"turns":2},{"damage":55,"enemies":"Automaton","floor":33,"turns":7},{"damage":15,"enemies":"3 Darklings","floor":35,"turns":5},{"damage":0,"enemies":"Orb Walker","floor":37,"turns":2},{"damage":27,"enemies":"2 Orb Walkers","floor":41,"turns":5},{"damage":3,"enemies":"Maw","floor":46,"turns":3},{"damage":0,"enemies":"4 Shapes","floor":47,"turns":2},{"damage":22,"enemies":"Time Eater","floor":50,"turns":9}],"event_choices":[{"event_name":"Living Wall","player_choice":"Grow","floor":2,"damage_taken":0},{"event_name":"Mushrooms","player_choice":"Fought Mushrooms","floor":12,"damage_taken":0},{"event_name":"Cursed Tome","player_choice":"Obtained Book","floor":20,"damage_taken":0},{"event_name":"Ghosts","player_choice":"Ignored","floor":21,"damage_taken":0},{"event_name":"N\u0027loth","player_choice":"Ignored","floor":22,"damage_taken":0},{"event_name":"Drug Dealer","player_choice":"Got JAXXED","floor":28,"damage_taken":0},{"event_name":"The Mausoleum","player_choice":"Yes","floor":29,"damage_taken":0},{"event_name":"Forgotten Altar","player_choice":"Smashed Altar","floor":31,"damage_taken":0},{"event_name":"Mysterious Sphere","player_choice":"Ignore","floor":36,"damage_taken":0},{"event_name":"Winding Halls","player_choice":"Writhe","floor":39,"damage_taken":0},{"event_name":"Tomb of Lord Red Mask","player_choice":"Paid","floor":45,"damage_taken":0},{"event_name":"Bonfire Elementals","player_choice":"RARE","floor":48,"damage_taken":0}],"boss_relics":[{"not_picked":["Velvet Choker","Astrolabe"],"picked":"Runic Dome"},{"not_picked":["Philosopher\u0027s Stone","Cursed Key"],"picked":"Black Star"}],"potions_floor_spawned":[4,5,11,14,16,18,24,27,35,46,47],"seed_played":"2287316117940418271","ascension_level":0,"is_trial":false}