{"gold_per_floor":[119,129,129,139,153,153,185,196,196,196,234,255,255,289,289,410,410,431,431,376,394,412,445,464,241,241,276,276,276,276,311,311,442,442,465,303,403,422,72,111,111,130,130,170,188,188,211,235,235,235,235,235,39,82,82],"floor_reached":56,"playtime":7071,"items_purged":["Parasite","Strike_G"],"score":1389,"play_id":"0377910f-fdbd-43e8-9755-3f21606c1315","local_time":"20190306162047","is_ascension_mode":true,"campfire_choices":[{"data":"Footwork","floor":6,"key":"SMITH"},{"data":"Neutralize","floor":15,"key":"SMITH"},{"floor":28,"key":"DIG"},{"floor":30,"key":"DIG"},{"floor":32,"key":"DIG"},{"floor":41,"key":"DIG"},{"floor":49,"key":"RECALL"},{"floor":52,"key":"DIG"}],"neow_cost":"NONE","seed_source_timestamp":1889177349835153,"circlet_count":0,"master_deck":["Defend_G+1","Defend_G+1","Defend_G+1","Defend_G+1","Defend_G+1","Strike_G+1","Strike_G+1","Strike_G+1","Strike_G+1","Survivor+1","Neutralize+1","Backstab+1","Dodge and Roll+1","Footwork+1","Leg Sweep+1","Terror+1","Dash+1","Die Die Die+1","Backflip+1","A Thousand Cuts+1","Skewer+1","Necronomicurse","Well Laid Plans+1","Caltrops+1","Deflect+1","Malaise+1","Panache+1","Quick Slash+1","Adrenaline+1","Calculated Gamble+1","Decay","Noxious Fumes+1","Footwork+1"],"relics":["Ring of the Snake","Bag of Preparation","Ornamental Fan","Golden Idol","Torii","Mercury Hourglass","Fusion Hammer","Necronomicon","Tiny Chest","Dream Catcher","Bag of Marbles","Pantograph","Shovel","Thread and Needle","Ice Cream","Ginger","Prayer Wheel","Cursed Key","Bottled Lightning","Bird Faced Urn","Bronze Scales","Mango","Mark of the Bloom","Ninja Scroll","Pen Nib","Tough Bandages"],"potions_floor_usage":[7,11,44,50,54,55],"damage_taken":[{"damage":0,"enemies":"2 Louse","floor":1,"turns":3},{"damage":1,"enemies":"Jaw Worm","floor":2,"turns":6},{"damage":2,"enemies":"Small Slimes","floor":4,"turns":3},{"damage":3,"enemies":"Blue Slaver","floor":5,"turns":5},{"damage":2,"enemies":"Lagavulin","floor":7,"turns":11},{"damage":6,"enemies":"Exordium Wildlife","floor":8,"turns":5},{"damage":12,"enemies":"3 Sentries","floor":11,"turns":14},{"damage":0,"enemies":"2 Fungi Beasts","floor":12,"turns":2},{"damage":4,"enemies":"Gremlin Nob","floor":14,"turns":6},{"damage":28,"enemies":"Slime Boss","floor":16,"turns":16},{"damage":2,"enemies":"Chosen","floor":18,"turns":5},{"damage":0,"enemies":"Shell Parasite","floor":21,"turns":2},{"damage":0,"enemies":"Centurion and Healer","floor":22,"turns":8},{"damage":2,"enemies":"Slavers","floor":23,"turns":5},{"damage":0,"enemies":"Snecko","floor":24,"turns":2},{"damage":2,"enemies":"Book of Stabbing","floor":27,"turns":4},{"damage":7,"enemies":"Slavers","floor":31,"turns":5},{"damage":1,"enemies":"Collector","floor":33,"turns":8},{"damage":0,"enemies":"3 Darklings","floor":35,"turns":5},{"damage":0,"enemies":"Orb Walker","floor":38,"turns":1},{"damage":1,"enemies":"Nemesis","floor":40,"turns":5},{"damage":0,"enemies":"Maw","floor":42,"turns":5},{"damage":0,"enemies":"Reptomancer","floor":44,"turns":4},{"damage":0,"enemies":"Spire Growth","floor":45,"turns":3},{"damage":0,"enemies":"Writhing Mass","floor":47,"turns":2},{"damage":0,"enemies":"4 Shapes","floor":48,"turns":3},{"damage":0,"enemies":"Donu and Deca","floor":50,"turns":7},{"damage":16,"enemies":"Shield and Spear","floor":54,"turns":5},{"damage":34,"enemies":"The Heart","floor":55,"turns":8}],"seed_played":"4086540370787203268","potions_obtained":[{"floor":2,"key":"Fire Potion"},{"floor":5,"key":"EssenceOfSteel"},{"floor":7,"key":"Ancient Potion"},{"floor":16,"key":"FairyPotion"},{"floor":21,"key":"FairyPotion"},{"floor":22,"key":"LiquidBronze"},{"floor":24,"key":"SkillPotion"},{"floor":27,"key":"AttackPotion"},{"floor":44,"key":"EssenceOfSteel"},{"floor":54,"key":"SpeedPotion"}],"is_trial":false,"path_per_floor":["M","M","?","M","M","R","E","M","T","?","E","M","?","E","R","B",null,"M","?","?","M","M","E","M","$","T","E","R","?","R","E","R","B",null,"M","$","?","M","$","E","R","M","T","E","M","?","M","M","R","B",null,"R","$","E","B",null],"character_chosen":"THE_SILENT","items_purchased":["Bag of Marbles","Panache","Bottled Lightning","Pen Nib","Block Potion"],"campfire_rested":0,"item_purchase_floors":[25,36,39,53,53],"current_hp_per_floor":[77,76,76,74,71,71,69,63,63,63,51,51,68,64,64,36,71,69,53,53,53,53,51,51,51,51,49,49,68,68,61,61,67,68,68,68,68,68,68,67,67,68,68,82,82,82,82,82,82,82,82,82,82,66,32],"gold":82,"neow_bonus":"TEN_PERCENT_HP_BONUS","is_prod":false,"is_daily":false,"chose_seed":false,"campfire_upgraded":2,"win_rate":0,"timestamp":1551907247,"path_taken":["M","M","?","M","M","R","E","M","T","?","E","M","?","E","R","BOSS","M","?","?","M","M","E","M","$","T","E","R","?","R","E","R","BOSS","M","$","?","M","$","E","R","M","T","E","?","?","M","M","R","BOSS","R","$","E","BOSS"],"build_version":"2019-01-23","purchased_purges":2,"victory":true,"max_hp_per_floor":[77,77,77,77,77,77,77,77,77,71,71,71,71,71,71,71,71,71,71,71,71,71,71,71,68,68,68,68,68,68,68,68,68,68,68,68,68,68,68,68,68,68,68,82,82,82,82,82,82,82,82,82,82,82,82],"card_choices":[{"not_picked":["Flying Knee","Poisoned Stab"],"picked":"Backstab","floor":1},{"not_picked":["Distraction","Outmaneuver"],"picked":"Dodge and Roll","floor":2},{"not_picked":["Escape Plan","Caltrops"],"picked":"Footwork","floor":4},{"not_picked":["Skewer","Expertise"],"picked":"Leg Sweep","floor":5},{"not_picked":["Accuracy","Prepared"],"picked":"Terror","floor":7},{"not_picked":["Deflect","Choke"],"picked":"Dash","floor":8},{"not_picked":["Expertise","Dagger Throw"],"picked":"Die Die Die","floor":11},{"not_picked":["Flying Knee","Deadly Poison"],"picked":"Backflip","floor":12},{"not_picked":["Expertise","Flying Knee","Endless Agony"],"picked":"SKIP","floor":14},{"not_picked":["Malaise","Die Die Die"],"picked":"A Thousand Cuts","floor":16},{"not_picked":["Prepared+1","Outmaneuver"],"picked":"Skewer+1","floor":18},{"not_picked":["Outmaneuver","Riddle With Holes","Bouncing Flask"],"picked":"SKIP","floor":21},{"not_picked":["Deadly Poison","Sucker Punch"],"picked":"Well Laid Plans","floor":22},{"not_picked":["Endless Agony+1","Acrobatics+1"],"picked":"Caltrops+1","floor":23},{"not_picked":["Reflex","Dodge and Roll+1"],"picked":"Deflect+1","floor":24},{"not_picked":["Underhanded Strike+1","Catalyst","Bouncing Flask"],"picked":"SKIP","floor":27},{"not_picked":["Corpse Explosion","Slice","Deflect"],"picked":"SKIP","floor":31},{"not_picked":["Envenom","Unload"],"picked":"Malaise","floor":33},{"not_picked":["Deadly Poison+1","Dagger Throw","Underhanded Strike+1"],"picked":"SKIP","floor":35},{"not_picked":["Catalyst","Backflip+1","All Out Attack"],"picked":"SKIP","floor":35},{"not_picked":["Underhanded Strike","Bane+1"],"picked":"Quick Slash+1","floor":38},{"not_picked":["Poisoned Stab+1","Underhanded Strike+1"],"picked":"Adrenaline","floor":38},{"not_picked":["Underhanded Strike+1","Reflex+1","Dagger Spray+1"],"picked":"SKIP","floor":40},{"not_picked":["Dash+1","Choke"],"picked":"Calculated Gamble+1","floor":42},{"not_picked":["Dagger Spray+1","Blade Dance","Acrobatics+1"],"picked":"SKIP","floor":42},{"not_picked":["Deflect","Deadly Poison"],"picked":"Noxious Fumes+1","floor":44},{"not_picked":["Heel Hook+1","Poisoned Stab+1","Acrobatics+1"],"picked":"SKIP","floor":45},{"not_picked":["PiercingWail+1","Sucker Punch+1","Venomology"],"picked":"SKIP","floor":45},{"not_picked":["Eviscerate+1","Quick Slash","Backflip"],"picked":"SKIP","floor":47},{"not_picked":["Sucker Punch+1","Prepared","Underhanded Strike"],"picked":"SKIP","floor":47},{"not_picked":["Slice","Poisoned Stab"],"picked":"Footwork+1","floor":48},{"not_picked":["Bouncing Flask","Outmaneuver","Bane+1"],"picked":"SKIP","floor":48},{"not_picked":["Wraith Form v2","Deadly Poison+1","Storm of Steel"],"picked":"SKIP","floor":54}],"player_experience":78999,"relics_obtained":[{"floor":7,"key":"Bag of Preparation"},{"floor":9,"key":"Ornamental Fan"},{"floor":11,"key":"Torii"},{"floor":14,"key":"Mercury Hourglass"},{"floor":19,"key":"Necronomicon"},{"floor":23,"key":"Dream Catcher"},{"floor":26,"key":"Pantograph"},{"floor":27,"key":"Shovel"},{"floor":28,"key":"Thread and Needle"},{"floor":30,"key":"Ice Cream"},{"floor":31,"key":"Ginger"},{"floor":32,"key":"Prayer Wheel"},{"floor":40,"key":"Bird Faced Urn"},{"floor":41,"key":"Bronze Scales"},{"floor":44,"key":"Mango"},{"floor":52,"key":"Ninja Scroll"},{"floor":54,"key":"Tough Bandages"}],"event_choices":[{"damage_healed":0,"gold_gain":0,"player_choice":"Ignored","damage_taken":0,"max_hp_gain":0,"max_hp_loss":0,"event_name":"Shining Light","floor":3,"gold_loss":0},{"damage_healed":0,"gold_gain":0,"player_choice":"Lose Max HP","damage_taken":0,"relics_obtained":["Golden Idol"],"max_hp_gain":0,"max_hp_loss":6,"event_name":"Golden Idol","floor":10,"gold_loss":0},{"damage_healed":17,"gold_gain":0,"player_choice":"Healed and dodged fight","damage_taken":0,"max_hp_gain":0,"max_hp_loss":0,"event_name":"Mushrooms","floor":13,"gold_loss":0,"cards_obtained":["Parasite"]},{"damage_healed":0,"gold_gain":0,"player_choice":"Obtained Book","damage_taken":16,"max_hp_gain":0,"max_hp_loss":0,"event_name":"Cursed Tome","floor":19,"gold_loss":0},{"damage_healed":0,"gold_gain":0,"player_choice":"Obtained Relic","damage_taken":0,"relics_obtained":["Tiny Chest"],"max_hp_gain":0,"max_hp_loss":0,"event_name":"Addict","floor":20,"gold_loss":85},{"damage_healed":22,"gold_gain":0,"player_choice":"Heal","damage_taken":0,"max_hp_gain":0,"max_hp_loss":0,"event_name":"The Library","floor":29,"gold_loss":0},{"damage_healed":0,"gold_gain":100,"player_choice":"Pray","damage_taken":0,"max_hp_gain":0,"max_hp_loss":0,"event_name":"Golden Shrine","floor":37,"gold_loss":0},{"damage_healed":0,"gold_gain":0,"player_choice":"Upgrade","damage_taken":0,"relics_obtained":["Mark of the Bloom"],"max_hp_gain":0,"max_hp_loss":0,"event_name":"MindBloom","floor":46,"gold_loss":0,"cards_upgraded":["Defend_G","Defend_G","Defend_G","Defend_G","Defend_G","Strike_G","Strike_G","Strike_G","Strike_G","Survivor","Backstab","Dodge and Roll","Leg Sweep","Terror","Dash","Die Die Die","Backflip","A Thousand Cuts","Well Laid Plans","Malaise","Panache","Adrenaline"]}],"is_beta":false,"boss_relics":[{"not_picked":["Ectoplasm","Orrery"],"picked":"Fusion Hammer"},{"not_picked":["Empty Cage","White Beast Statue"],"picked":"Cursed Key"}],"items_purged_floors":[25,39],"is_endless":false,"potions_floor_spawned":[2,5,7,16,21,22,24,27,42,44,45,47,54],"ascension_level":1}