{"gold_per_floor":[111,124,142,142,155,190,190,47,47,67,32,58,78,111,111,214,214,232,245,245,256,85,114,128,155,155,487,487,498,510,522,522,620,620,640,653,672,692,706,732,732,765,810,922,934,122,152,58,58,58],"floor_reached":51,"playtime":3961,"items_purged":["Strike_B","Strike_B","Strike_B"],"score":1182,"play_id":"596b9c99-f6f2-4e42-b036-3a45fd1df259","local_time":"20190201163342","is_ascension_mode":true,"campfire_choices":[{"data":"Streamline","floor":7,"key":"SMITH"},{"data":"Barrage","floor":15,"key":"SMITH"},{"floor":28,"key":"REST"},{"data":"Capacitor","floor":32,"key":"SMITH"},{"data":"Buffer","floor":41,"key":"SMITH"},{"data":"Creative AI","floor":45,"key":"SMITH"},{"data":"Strike_B","floor":49,"key":"PURGE"}],"neow_cost":"NONE","seed_source_timestamp":1112729559577055,"circlet_count":0,"master_deck":["AscendersBane","Defend_B","Defend_B","Defend_B","Defend_B","Zap","Dualcast","Coolheaded+1","Glacier","Glacier","Streamline+1","Self Repair","Sunder","Barrage+1","Creative AI+1","Loop","Static Discharge+1","Conserve Battery","Capacitor+1","Buffer+1","Loop+1","Fusion+1","Self Repair","Chill+1"],"relics":["FrozenCore","Mercury Hourglass","Pocketwatch","Bird Faced Urn","Gambling Chip","Nuclear Battery","Question Card","StoneCalendar","Vajra","Sundial","Old Coin","Juzu Bracelet","Pen Nib","MawBank","Peace Pipe","Orichalcum","DataDisk","Chemical X","Lantern","Cables"],"potions_floor_usage":[6,33,42,42,42],"damage_taken":[{"damage":0,"enemies":"Small Slimes","floor":1,"turns":4},{"damage":0,"enemies":"Jaw Worm","floor":2,"turns":3},{"damage":0,"enemies":"Cultist","floor":3,"turns":4},{"damage":0,"enemies":"Red Slaver","floor":5,"turns":5},{"damage":6,"enemies":"Lagavulin","floor":6,"turns":16},{"damage":10,"enemies":"Lots of Slimes","floor":10,"turns":5},{"damage":19,"enemies":"Gremlin Nob","floor":12,"turns":4},{"damage":0,"enemies":"Looter","floor":13,"turns":3},{"damage":13,"enemies":"3 Sentries","floor":14,"turns":7},{"damage":31,"enemies":"Slime Boss","floor":16,"turns":12},{"damage":0,"enemies":"Spheric Guardian","floor":18,"turns":3},{"damage":14,"enemies":"2 Thieves","floor":19,"turns":5},{"damage":13,"enemies":"Snake Plant","floor":21,"turns":3},{"damage":37,"enemies":"Book of Stabbing","floor":23,"turns":8},{"damage":3,"enemies":"3 Cultists","floor":24,"turns":6},{"damage":15,"enemies":"Gremlin Leader","floor":25,"turns":8},{"damage":58,"enemies":"Slavers","floor":27,"turns":3},{"damage":10,"enemies":"Sentry and Sphere","floor":29,"turns":6},{"damage":2,"enemies":"Snecko","floor":30,"turns":6},{"damage":6,"enemies":"Snake Plant","floor":31,"turns":7},{"damage":32,"enemies":"Automaton","floor":33,"turns":12},{"damage":18,"enemies":"3 Shapes","floor":35,"turns":7},{"damage":36,"enemies":"Orb Walker","floor":36,"turns":8},{"damage":77,"enemies":"Jaw Worm Horde","floor":37,"turns":6},{"damage":21,"enemies":"4 Shapes","floor":38,"turns":7},{"damage":15,"enemies":"Spire Growth","floor":39,"turns":7},{"damage":2,"enemies":"Nemesis","floor":40,"turns":9},{"damage":89,"enemies":"Reptomancer","floor":42,"turns":7},{"damage":1,"enemies":"Mind Bloom Boss Battle","floor":44,"turns":13},{"damage":38,"enemies":"Giant Head","floor":47,"turns":11},{"damage":76,"enemies":"Time Eater","floor":50,"turns":22}],"seed_played":"4235597637283366582","potions_obtained":[{"floor":2,"key":"GamblersBrew"},{"floor":3,"key":"LiquidBronze"},{"floor":5,"key":"Ancient Potion"},{"floor":6,"key":"EssenceOfSteel"},{"floor":14,"key":"SteroidPotion"},{"floor":25,"key":"Weak Potion"},{"floor":29,"key":"FocusPotion"},{"floor":30,"key":"Regen Potion"},{"floor":31,"key":"FocusPotion"},{"floor":36,"key":"Weak Potion"},{"floor":40,"key":"SpeedPotion"}],"is_trial":false,"path_per_floor":["M","M","M","?","M","E","R","$","T","M","$","E","M","E","R","B",null,"M","M","T","M","$","E","M","E","T","E","R","M","M","M","R","B",null,"M","M","M","M","M","E","R","E","T","?","R","$","E","?","R","B",null],"character_chosen":"DEFECT","items_purchased":["Self Repair","Sunder","Loop","Orichalcum","DataDisk","FairyPotion","Fire Potion","SkillPotion","Chemical X"],"campfire_rested":1,"item_purchase_floors":[8,11,22,46,46,46,46,46,46],"current_hp_per_floor":[75,75,75,75,75,69,69,69,69,66,66,54,63,59,59,37,71,80,75,75,71,71,45,55,63,63,11,35,50,73,77,77,82,82,82,82,26,36,50,81,81,8,8,82,82,82,74,74,74,82],"gold":58,"neow_bonus":"TEN_PERCENT_HP_BONUS","is_prod":false,"is_daily":false,"chose_seed":false,"campfire_upgraded":5,"win_rate":0,"timestamp":1549035222,"path_taken":["M","M","M","?","M","E","R","$","T","M","?","E","?","E","R","BOSS","M","M","?","M","$","E","M","E","T","E","R","M","M","M","R","BOSS","M","M","M","M","M","E","R","E","T","?","R","$","E","?","R","BOSS"],"build_version":"2019-01-23","purchased_purges":3,"victory":true,"max_hp_per_floor":[82,82,82,82,82,82,82,82,82,82,82,82,82,82,82,82,82,82,82,82,82,82,82,82,82,82,82,82,82,82,82,82,82,82,82,82,82,82,82,82,82,82,82,82,82,82,82,82,82,82],"card_choices":[{"not_picked":["Gash","Hologram"],"picked":"Coolheaded","floor":1},{"not_picked":["Darkness","Reprogram"],"picked":"Glacier","floor":2},{"not_picked":["Hello World","Hologram","Leap"],"picked":"SKIP","floor":3},{"not_picked":["Reprogram","Rip and Tear"],"picked":"Glacier","floor":5},{"not_picked":["Reinforced Body","Compile Driver"],"picked":"Streamline","floor":6},{"not_picked":["Scrape","Compile Driver","Turbo"],"picked":"SKIP","floor":10},{"not_picked":["Coolheaded","Multi-Cast"],"picked":"Barrage","floor":12},{"not_picked":["Beam Cell","Undo","Hologram"],"picked":"SKIP","floor":13},{"not_picked":["Turbo","Cold Snap","Gash"],"picked":"SKIP","floor":14},{"not_picked":["Fission","Core Surge"],"picked":"Creative AI","floor":16},{"not_picked":["Stack+1","Genetic Algorithm","Rebound"],"picked":"SKIP","floor":18},{"not_picked":["Compile Driver","Turbo","Rebound"],"picked":"SKIP","floor":19},{"not_picked":["Cold Snap","Reinforced Body","Doom and Gloom","Aggregate"],"picked":"SKIP","floor":21},{"not_picked":["Stack","BootSequence","Skim"],"picked":"Static Discharge+1","floor":23},{"not_picked":["Go for the Eyes","Turbo","Barrage"],"picked":"Conserve Battery","floor":24},{"not_picked":["Electrodynamics","Steam","Undo+1"],"picked":"Capacitor","floor":25},{"not_picked":["Static Discharge+1","Reinforced Body+1","Streamline","Go for the Eyes"],"picked":"SKIP","floor":27},{"not_picked":["Cold Snap+1","Melter+1","Stack","Turbo+1"],"picked":"SKIP","floor":29},{"not_picked":["Fusion","Lockon","Doom and Gloom","Melter"],"picked":"SKIP","floor":30},{"not_picked":["Beam Cell","Glacier","Redo","Cold Snap+1"],"picked":"SKIP","floor":31},{"not_picked":["Amplify","Electrodynamics","Creative AI"],"picked":"Buffer","floor":33},{"not_picked":["Heatsinks","Stack+1","Steam Power+1","Conserve Battery+1"],"picked":"SKIP","floor":35},{"not_picked":["Steam","Cold Snap","Ball Lightning+1","Leap"],"picked":"SKIP","floor":36},{"not_picked":["Conserve Battery","Chaos","Coolheaded"],"picked":"Loop+1","floor":37},{"not_picked":["BootSequence","Sweeping Beam","Double Energy"],"picked":"Fusion+1","floor":38},{"not_picked":["Rebound","Auto Shields+1","Seek","Reprogram+1"],"picked":"SKIP","floor":39},{"not_picked":["Steam+1","Coolheaded+1","Lockon+1","Stack"],"picked":"SKIP","floor":40},{"not_picked":["Static Discharge+1","Gash","Steam+1"],"picked":"Self Repair","floor":42},{"not_picked":["Genetic Algorithm","Self Repair","Steam"],"picked":"Chill+1","floor":44},{"not_picked":["Beam Cell","Coolheaded+1","Chill","Hologram"],"picked":"SKIP","floor":47}],"player_experience":703473,"relics_obtained":[{"floor":6,"key":"Mercury Hourglass"},{"floor":9,"key":"Pocketwatch"},{"floor":12,"key":"Bird Faced Urn"},{"floor":14,"key":"Gambling Chip"},{"floor":20,"key":"Question Card"},{"floor":23,"key":"StoneCalendar"},{"floor":25,"key":"Vajra"},{"floor":26,"key":"Sundial"},{"floor":27,"key":"Old Coin"},{"floor":40,"key":"Juzu Bracelet"},{"floor":42,"key":"Pen Nib"},{"floor":43,"key":"MawBank"},{"floor":44,"key":"Peace Pipe"},{"floor":47,"key":"Lantern"}],"event_choices":[{"damage_healed":0,"gold_gain":0,"player_choice":"Grow","damage_taken":0,"max_hp_gain":0,"max_hp_loss":0,"event_name":"Living Wall","floor":4,"gold_loss":0,"cards_upgraded":["Coolheaded"]},{"damage_healed":0,"gold_gain":0,"player_choice":"Fight","damage_taken":0,"max_hp_gain":0,"max_hp_loss":0,"event_name":"MindBloom","floor":44,"gold_loss":0},{"damage_healed":0,"gold_gain":0,"player_choice":"Paid Gold","damage_taken":0,"relics_obtained":["Cables"],"max_hp_gain":0,"max_hp_loss":0,"event_name":"WeMeetAgain","floor":48,"gold_loss":94}],"is_beta":false,"boss_relics":[{"not_picked":["Astrolabe","Tiny House"],"picked":"Nuclear Battery"},{"not_picked":["Busted Crown","Lizard Tail"],"picked":"FrozenCore"}],"items_purged_floors":[8,22,46],"is_endless":false,"potions_floor_spawned":[2,3,5,6,14,23,25,29,30,31,36,38,40,47],"ascension_level":10}