{"path_per_floor":["M","M","?","M","M","E","M","E","T","M","?","M","R","$","R","B",null,"M","?","?","?","M","E","M","M","T","$","M","M","R","M","R","B",null,"M","?","M","?","?","E","M","E","T","$","M","$","$","T","R","B"],"character_chosen":"DEFECT","items_purchased":["Mercury Hourglass","Buffer","Bag of Preparation"],"gold_per_floor":[117,130,130,140,157,185,205,239,239,250,250,260,260,18,18,119,119,138,138,138,138,149,176,187,202,228,153,166,181,181,198,198,296,296,306,354,372,372,372,407,417,447,471,371,381,156,31,31,31,31],"floor_reached":51,"campfire_rested":3,"playtime":2800,"item_purchase_floors":[14,46,46],"current_hp_per_floor":[71,71,71,65,61,45,33,27,27,14,14,14,36,36,36,32,75,74,74,60,80,70,61,68,47,47,47,32,22,46,46,46,46,80,80,80,80,80,70,70,70,62,62,62,47,47,47,47,71,60],"items_purged":["Strike_B","Regret","Strike_B"],"gold":31,"score":841,"play_id":"5f8d090f-5500-4e79-b2de-e7e53406ec9a","local_time":"20180607150817","is_prod":false,"is_daily":false,"chose_seed":false,"is_ascension_mode":false,"campfire_upgraded":2,"win_rate":0.0,"timestamp":1528376897,"campfire_choices":[{"floor":13,"key":"REST"},{"data":"Echo Form","floor":15,"key":"SMITH"},{"floor":30,"key":"REST"},{"data":"Buffer","floor":32,"key":"SMITH"},{"floor":49,"key":"REST"}],"path_taken":["M","M","?","M","M","E","M","E","T","M","?","M","R","$","R","BOSS","M","?","?","?","M","E","M","M","T","$","M","M","R","M","R","BOSS","M","?","M","?","?","E","M","E","T","$","?","?","$","?","R","BOSS"],"build_version":"2018-05-31","seed_source_timestamp":91172618854236,"purchased_purges":3,"victory":true,"master_deck":["Strike_B","Strike_B","Defend_B","Defend_B","Defend_B","Defend_B","Zap+1","Dualcast","Echo Form+1","White Noise","Tempest","Loop","White Noise","Buffer+1","Reinforced Body","Storm","Auto Shields","Heatsinks","Loop","Defragment+1","Thunder Strike","Defragment+1","Madness","Madness","Static Discharge","Buffer","Pain"],"max_hp_per_floor":[75,75,75,75,75,75,75,75,75,75,75,75,75,75,75,75,75,75,75,80,80,80,80,80,80,80,80,80,80,80,80,80,80,80,80,80,80,80,80,80,80,80,80,80,80,80,80,80,80,80],"relics":["Cracked Core","Orichalcum","Mummified Hand","DataDisk","Ice Cream","Torii","Mercury Hourglass","White Beast Statue","Gambling Chip","Anchor","Cursed Key","Peace Pipe","Letter Opener","Unceasing Top","Pen Nib","Bag of Preparation","Turnip"],"card_choices":[{"not_picked":["Coolheaded","Barrage"],"picked":"Melter","floor":1},{"not_picked":["Coolheaded","Steam","Go for the Eyes"],"picked":"SKIP","floor":2},{"not_picked":["Doom and Gloom","Redo"],"picked":"Echo Form","floor":4},{"not_picked":["Loop","Skim"],"picked":"White Noise","floor":5},{"not_picked":["Conserve Battery","Seek"],"picked":"Tempest","floor":6},{"not_picked":["Steam Power","Aggregate","Cold Snap"],"picked":"SKIP","floor":7},{"not_picked":["Compile Driver","Doom and Gloom"],"picked":"Loop","floor":8},{"not_picked":["Recycle","Rebound","Hello World"],"picked":"SKIP","floor":10},{"not_picked":["Gash","Reprogram"],"picked":"White Noise","floor":12},{"not_picked":["Rainbow","Amplify"],"picked":"Buffer","floor":16},{"not_picked":["Reprogram","Barrage"],"picked":"Reinforced Body","floor":18},{"not_picked":["Steam","Chaos"],"picked":"Storm","floor":22},{"not_picked":["Sweeping Beam","Ball Lightning"],"picked":"Auto Shields","floor":23},{"not_picked":["Cold Snap","Stack","Steam Power"],"picked":"SKIP","floor":24},{"not_picked":["Gash","Cold Snap"],"picked":"Heatsinks","floor":25},{"not_picked":["Compile Driver","Lockon"],"picked":"Loop","floor":28},{"not_picked":["Gash","Leap","Beam Cell"],"picked":"SKIP","floor":29},{"not_picked":["Lockon","Doom and Gloom"],"picked":"Defragment+1","floor":31},{"not_picked":["Amplify","Reboot"],"picked":"Thunder Strike","floor":33},{"not_picked":["Gash+1","Ball Lightning","Streamline+1"],"picked":"SKIP","floor":35},{"not_picked":["Reinforced Body+1","Streamline+1"],"picked":"Defragment+1","floor":37},{"not_picked":["Hologram","Reinforced Body","Chill+1"],"picked":"SKIP","floor":40},{"not_picked":["Gash+1","Consume+1","Go for the Eyes"],"picked":"SKIP","floor":41},{"not_picked":["Aggregate+1","Double Energy+1"],"picked":"Static Discharge","floor":42},{"not_picked":["Turbo","Recycle+1","Leap"],"picked":"SKIP","floor":45}],"player_experience":333284,"potions_floor_usage":[16,22,23,25,25,28,35,42,50],"damage_taken":[{"damage":4,"enemies":"Small Slimes","floor":1,"turns":4},{"damage":0,"enemies":"Cultist","floor":2,"turns":3},{"damage":6,"enemies":"Jaw Worm","floor":4,"turns":2},{"damage":4,"enemies":"3 Louse","floor":5,"turns":3},{"damage":16,"enemies":"Lagavulin","floor":6,"turns":7},{"damage":12,"enemies":"Gremlin Gang","floor":7,"turns":3},{"damage":13,"enemies":"3 Sentries","floor":8,"turns":5},{"damage":13,"enemies":"Exordium Thugs","floor":10,"turns":4},{"damage":0,"enemies":"Large Slime","floor":12,"turns":4},{"damage":4,"enemies":"Hexaghost","floor":16,"turns":6},{"damage":1,"enemies":"Shell Parasite","floor":18,"turns":5},{"damage":10,"enemies":"2 Thieves","floor":22,"turns":4},{"damage":9,"enemies":"Gremlin Leader","floor":23,"turns":4},{"damage":0,"enemies":"Cultist and Chosen","floor":24,"turns":4},{"damage":21,"enemies":"Slaver and Parasite","floor":25,"turns":6},{"damage":22,"enemies":"Snake Plant","floor":28,"turns":3},{"damage":10,"enemies":"Chosen and Byrds","floor":29,"turns":4},{"damage":0,"enemies":"Centurion and Healer","floor":31,"turns":3},{"damage":0,"enemies":"Champ","floor":33,"turns":8},{"damage":0,"enemies":"Orb Walker","floor":35,"turns":2},{"damage":0,"enemies":"Mysterious Sphere","floor":36,"turns":3},{"damage":0,"enemies":"3 Shapes","floor":37,"turns":2},{"damage":0,"enemies":"Nemesis","floor":40,"turns":3},{"damage":0,"enemies":"Maw","floor":41,"turns":5},{"damage":8,"enemies":"2 Orb Walkers","floor":42,"turns":3},{"damage":15,"enemies":"4 Shapes","floor":45,"turns":2},{"damage":11,"enemies":"Donu and Deca","floor":50,"turns":5}],"relics_obtained":[{"floor":6,"key":"Mummified Hand"},{"floor":8,"key":"DataDisk"},{"floor":9,"key":"Ice Cream"},{"floor":23,"key":"Gambling Chip"},{"floor":26,"key":"Anchor"},{"floor":36,"key":"Peace Pipe"},{"floor":40,"key":"Letter Opener"},{"floor":42,"key":"Unceasing Top"},{"floor":43,"key":"Pen Nib"},{"floor":48,"key":"Turnip"}],"event_choices":[{"event_name":"Upgrade Shrine","player_choice":"Upgraded","floor":3,"damage_taken":0},{"event_name":"Accursed Blacksmith","player_choice":"Rummage","floor":11,"damage_taken":0},{"event_name":"Ghosts","player_choice":"Ignored","floor":19,"damage_taken":0},{"event_name":"Forgotten Altar","player_choice":"Shed Blood","floor":20,"damage_taken":0},{"event_name":"Wheel of Change","player_choice":"Full Heal","floor":21,"damage_taken":0},{"event_name":"Mysterious Sphere","player_choice":"Fight","floor":36,"damage_taken":0},{"event_name":"Winding Halls","player_choice":"Embrace Madness","floor":39,"damage_taken":0}],"boss_relics":[{"not_picked":["Runic Pyramid","Snecko Eye"],"picked":"White Beast Statue"},{"not_picked":["Philosopher\u0027s Stone","Velvet Choker"],"picked":"Cursed Key"}],"items_purged_floors":[27,44,47],"potions_floor_spawned":[4,6,8,12,16,18,22,23,24,25,28,29,31,33,35,36,37,40,41,42,45],"seed_played":"-4995443051869320784","ascension_level":0,"potions_obtained":[{"floor":4,"key":"GamblersBrew"},{"floor":6,"key":"SteroidPotion"},{"floor":8,"key":"Swift Potion"},{"floor":12,"key":"Block Potion"},{"floor":16,"key":"EssenceOfSteel"},{"floor":18,"key":"Fire Potion"},{"floor":22,"key":"SteroidPotion"},{"floor":23,"key":"Dexterity Potion"},{"floor":24,"key":"AttackPotion"},{"floor":25,"key":"PowerPotion"},{"floor":28,"key":"Dexterity Potion"},{"floor":29,"key":"Explosive Potion"},{"floor":33,"key":"PowerPotion"},{"floor":35,"key":"Dexterity Potion"},{"floor":40,"key":"Weak Potion"},{"floor":42,"key":"Swift Potion"},{"floor":45,"key":"Block Potion"}],"is_trial":false}