{"gold_per_floor":[118,129,129,0,18,18,32,32,32,32,51,69,69,85,85,184,184,200,20,20,38,38,38,53,53,53,68,87,106,120,139,139,139],"floor_reached":33,"playtime":2072,"items_purged":["Normality"],"score":270,"play_id":"2296a421-d4cb-4785-b1e6-71e97ed0a62d","local_time":"20190305141207","is_ascension_mode":false,"campfire_choices":[{"data":"Poisoned Stab","floor":6,"key":"SMITH"},{"data":"Neutralize","floor":8,"key":"SMITH"},{"data":"Dagger Spray","floor":13,"key":"SMITH"},{"floor":15,"key":"REST"},{"floor":23,"key":"RECALL"},{"floor":25,"key":"REST"},{"floor":32,"key":"REST"}],"neow_cost":"CURSE","seed_source_timestamp":15493246283076,"circlet_count":0,"master_deck":["Defend_G","Defend_G","Defend_G","Defend_G","Defend_G","Strike_G+1","Strike_G+1","Strike_G+1","Strike_G","Survivor+1","Neutralize+1","Underhanded Strike","Quick Slash","Poisoned Stab+1","Backflip","Blur","Dagger Spray+1","Cloak And Dagger","PiercingWail","Die Die Die","Backflip+1","Flying Knee","Terror","PiercingWail+1","Dodge and Roll","Acrobatics+1"],"relics":["Ring of the Serpent","Singing Bowl","Anchor","Whetstone","Mercury Hourglass"],"potions_floor_usage":[16,18,24,24,24,30,33],"damage_taken":[{"damage":0,"enemies":"Small Slimes","floor":1,"turns":3},{"damage":0,"enemies":"Jaw Worm","floor":2,"turns":4},{"damage":0,"enemies":"Cultist","floor":5,"turns":3},{"damage":0,"enemies":"Looter","floor":7,"turns":3},{"damage":3,"enemies":"Gremlin Gang","floor":11,"turns":6},{"damage":0,"enemies":"3 Louse","floor":12,"turns":4},{"damage":7,"enemies":"Exordium Thugs","floor":14,"turns":4},{"damage":17,"enemies":"Slime Boss","floor":16,"turns":10},{"damage":2,"enemies":"2 Thieves","floor":18,"turns":5},{"damage":20,"enemies":"Spheric Guardian","floor":21,"turns":6},{"damage":10,"enemies":"Chosen and Byrds","floor":24,"turns":5},{"damage":15,"enemies":"Snecko","floor":27,"turns":4},{"damage":2,"enemies":"Centurion and Healer","floor":28,"turns":6},{"damage":0,"enemies":"Chosen and Byrds","floor":29,"turns":5},{"damage":9,"enemies":"Snake Plant","floor":30,"turns":5},{"damage":0,"enemies":"Snecko","floor":31,"turns":4},{"damage":107,"enemies":"Champ","floor":33,"turns":17}],"seed_played":"4477530272602146741","potions_obtained":[{"floor":2,"key":"SpeedPotion"},{"floor":5,"key":"Strength Potion"},{"floor":16,"key":"Explosive Potion"},{"floor":21,"key":"Weak Potion"},{"floor":24,"key":"Fruit Juice"},{"floor":29,"key":"Energy Potion"},{"floor":31,"key":"Explosive Potion"}],"is_trial":false,"path_per_floor":["M","M","?","$","M","R","M","R","T","?","M","M","R","M","R","B",null,"M","$","?","M","?","R","M","R","T","M","M","M","M","M","R","B"],"character_chosen":"THE_SILENT","items_purchased":["Poisoned Stab","Whetstone","Flying Knee"],"campfire_rested":3,"item_purchase_floors":[4,19,19],"current_hp_per_floor":[84,84,67,67,67,67,67,67,67,67,64,64,64,57,82,65,84,82,82,82,64,64,64,61,88,88,75,73,73,64,66,95,0],"gold":139,"neow_bonus":"TWENTY_PERCENT_HP_BONUS","is_prod":false,"is_daily":false,"chose_seed":false,"campfire_upgraded":3,"win_rate":0,"timestamp":1551816727,"path_taken":["M","M","?","$","M","R","M","R","T","?","M","?","R","M","R","BOSS","M","$","?","?","?","R","M","R","T","M","M","M","M","M","R","BOSS"],"build_version":"2019-01-23","purchased_purges":1,"victory":false,"max_hp_per_floor":[84,84,84,84,84,84,84,84,84,84,84,84,84,84,84,84,84,84,84,84,86,86,86,93,93,93,95,95,95,95,97,97,97],"card_choices":[{"not_picked":["Setup","Deadly Poison"],"picked":"Underhanded Strike","floor":1},{"not_picked":["Sucker Punch","Underhanded Strike"],"picked":"Quick Slash","floor":2},{"not_picked":["Prepared","Distraction"],"picked":"Backflip","floor":5},{"not_picked":["Deflect","Prepared"],"picked":"Blur","floor":7},{"not_picked":["Backstab","Storm of Steel"],"picked":"Dagger Spray","floor":11},{"not_picked":["Escape Plan","Slice"],"picked":"Cloak And Dagger","floor":12},{"not_picked":["Reflex","Backflip"],"picked":"PiercingWail","floor":14},{"not_picked":["Doppelganger","Unload"],"picked":"Die Die Die","floor":16},{"not_picked":["Concentrate","Reflex+1"],"picked":"Backflip+1","floor":18},{"not_picked":["Outmaneuver+1","Finisher","Flechettes"],"picked":"Singing Bowl","floor":21},{"not_picked":["Concentrate","Setup","Prepared"],"picked":"Singing Bowl","floor":24},{"not_picked":["Bane","Concentrate","Dagger Throw"],"picked":"Singing Bowl","floor":27},{"not_picked":["Dagger Throw","Deadly Poison"],"picked":"PiercingWail+1","floor":28},{"not_picked":["Acrobatics+1","Outmaneuver"],"picked":"Dodge and Roll","floor":29},{"not_picked":["Bane","Outmaneuver"],"picked":"Acrobatics+1","floor":30},{"not_picked":["Catalyst","Blade Dance","Endless Agony"],"picked":"Singing Bowl","floor":31}],"player_experience":551545,"relics_obtained":[{"floor":9,"key":"Singing Bowl"},{"floor":10,"key":"Anchor"},{"floor":26,"key":"Mercury Hourglass"}],"event_choices":[{"damage_healed":0,"gold_gain":0,"player_choice":"Entered Light","damage_taken":17,"max_hp_gain":0,"max_hp_loss":0,"event_name":"Shining Light","floor":3,"gold_loss":0,"cards_upgraded":["Survivor","Strike_G"]},{"damage_healed":0,"gold_gain":0,"player_choice":"Relic","damage_taken":0,"max_hp_gain":0,"max_hp_loss":0,"event_name":"Wheel of Change","floor":10,"gold_loss":0},{"cards_removed":["Strike_G"],"damage_healed":0,"gold_gain":0,"player_choice":"Purged","damage_taken":0,"max_hp_gain":0,"max_hp_loss":0,"event_name":"Purifier","floor":20,"gold_loss":0},{"damage_healed":0,"gold_gain":0,"player_choice":"Read","damage_taken":0,"max_hp_gain":0,"max_hp_loss":0,"event_name":"The Library","floor":22,"gold_loss":0,"cards_obtained":["Terror"]}],"is_beta":false,"boss_relics":[{"not_picked":["Black Star","Busted Crown"],"picked":"Ring of the Serpent"}],"items_purged_floors":[4],"is_endless":false,"potions_floor_spawned":[2,5,16,21,24,29,31],"killed_by":"Champ","ascension_level":0}