{"path_per_floor":["M","?","M","?","$","R","E","M","T","M","E","M","M","M","R","B",null,"M","$","M","M","?","R","M","R","T","?","M","E","M","E","R","B",null,"M","?","?","$","M","?","M","$","T","M","?","M","$","E","R","B"],"character_chosen":"DEFECT","items_purchased":["Capacitor","Emotion Chip","Toolbox","Pear","Dodecahedron","Ice Cream","Rip and Tear"],"gold_per_floor":[144,144,189,189,114,114,204,249,249,294,384,429,474,519,519,819,819,864,10,55,55,55,55,100,100,100,100,145,235,235,325,325,625,625,670,670,670,570,615,615,660,285,285,330,330,375,39,39,39,39],"floor_reached":51,"campfire_rested":3,"playtime":5266,"current_hp_per_floor":[75,75,79,93,93,94,96,104,104,96,88,100,100,104,104,75,104,104,114,114,113,89,89,83,83,83,83,104,116,119,108,119,119,119,124,108,108,108,118,118,122,122,122,124,124,124,124,124,124,100],"items_purged":["Regret","Defend_B","Defend_B"],"gold":39,"score":881,"play_id":"aec58420-c604-475e-84e4-d2402d67a0ad","local_time":"20180508202820","daily_mods":["Brewmaster","Midas","Time Dilation"],"is_prod":false,"is_daily":true,"chose_seed":false,"is_ascension_mode":false,"campfire_upgraded":0,"timestamp":1525825700,"path_taken":["M","?","M","?","$","R","E","M","T","M","E","M","M","M","R","BOSS","M","$","M","M","?","R","?","R","T","?","?","E","M","E","R","BOSS","M","?","?","?","M","?","?","$","T","M","?","M","$","E","R","BOSS"],"build_version":"2018-05-07","seed_source_timestamp":4792877481239,"purchased_purges":4,"victory":true,"master_deck":["Strike_B","Strike_B","Strike_B","Defend_B","Zap","Dualcast","Venomology","Venomology","Venomology","Venomology","Venomology","Cold Snap","Capacitor","Consume","Cold Snap","Seek","Glacier","Beam Cell","Fission","Rebound","Capacitor","Leap+1","Blizzard","Reinforced Body","Coolheaded","Rip and Tear","Madness","Madness","Chaos","Coolheaded","Seek","Chaos+1","Coolheaded","Rip and Tear","Streamline"],"max_hp_per_floor":[75,75,80,94,94,94,104,104,104,104,104,104,104,104,104,104,104,104,114,114,114,119,119,119,119,119,119,119,119,119,119,119,119,119,124,124,124,124,124,124,124,124,124,124,124,124,124,124,124,129],"relics":["Cracked Core","White Beast Statue","Toy Ornithopter","Mango","Dream Catcher","Girya","Thread and Needle","Velvet Choker","Emotion Chip","Toolbox","Pear","Mercury Hourglass","Prayer Wheel","Shuriken","Inserter","Dodecahedron","Torii","Ice Cream"],"card_choices":[{"not_picked":["Coolheaded","Axe Kick"],"picked":"Cold Snap","floor":1},{"not_picked":["Sweeping Beam","Impulse"],"picked":"Capacitor","floor":3},{"not_picked":["Cold Snap","Coolheaded"],"picked":"Consume","floor":7},{"not_picked":["Melter","Skim"],"picked":"Cold Snap","floor":8},{"not_picked":["Skim","Go for the Eyes"],"picked":"Seek","floor":11},{"not_picked":["Axe Kick","Streamline"],"picked":"Glacier","floor":12},{"not_picked":["Barrage","Stack"],"picked":"Beam Cell","floor":14},{"not_picked":["Seek","Machine Learning"],"picked":"Fission","floor":16},{"not_picked":["Impulse","Barrage"],"picked":"Rebound","floor":18},{"not_picked":["Go for the Eyes","Axe Kick"],"picked":"Leap","floor":20},{"not_picked":["Genetic Algorithm","Capacitor"],"picked":"Reinforced Body","floor":31},{"not_picked":["Hologram","Tempest"],"picked":"Coolheaded","floor":32},{"not_picked":["Leap","Streamline"],"picked":"Rip and Tear","floor":35},{"not_picked":["Sweeping Beam","Capacitor"],"picked":"Coolheaded","floor":39},{"not_picked":["Leap","Beam Cell"],"picked":"Seek","floor":41},{"not_picked":["Hologram","Impulse"],"picked":"Chaos","floor":43},{"not_picked":["Leap","Reinforced Body"],"picked":"Coolheaded","floor":44},{"not_picked":["Conserve Battery","Glacier"],"picked":"Streamline","floor":49}],"player_experience":246139,"potions_floor_usage":[3,7,7,7,8,8,8,10,11,11,11,11,11,12,12,12,12,14,14,16,16,16,16,16,16,18,18,18,18,20,20,20,21,24,28,28,28,28,28,28,29,29,29,29,29,30,30,31,31,31,31,33,33,33,33,33,33,35,35,35,35,39,39,39,39,41,41,41,41,44,44,44,48,48,48,50,50],"damage_taken":[{"damage":0,"enemies":"2 Louse","floor":1,"turns":3},{"damage":1,"enemies":"Cultist","floor":3,"turns":3},{"damage":17,"enemies":"Gremlin Nob","floor":7,"turns":4},{"damage":0,"enemies":"Small Slimes","floor":8,"turns":3},{"damage":8,"enemies":"Looter","floor":10,"turns":4},{"damage":23,"enemies":"3 Sentries","floor":11,"turns":11},{"damage":0,"enemies":"3 Louse","floor":12,"turns":3},{"damage":0,"enemies":"2 Fungi Beasts","floor":13,"turns":4},{"damage":0,"enemies":"Lots of Slimes","floor":14,"turns":7},{"damage":57,"enemies":"Hexaghost","floor":16,"turns":17},{"damage":0,"enemies":"Shell Parasite","floor":18,"turns":6},{"damage":0,"enemies":"Chosen","floor":20,"turns":7},{"damage":4,"enemies":"Centurion and Healer","floor":21,"turns":4},{"damage":9,"enemies":"Snecko","floor":24,"turns":6},{"damage":8,"enemies":"3 Cultists","floor":28,"turns":4},{"damage":10,"enemies":"Gremlin Leader","floor":29,"turns":8},{"damage":1,"enemies":"Cultist and Chosen","floor":30,"turns":4},{"damage":17,"enemies":"Book of Stabbing","floor":31,"turns":6},{"damage":0,"enemies":"Champ","floor":33,"turns":16},{"damage":0,"enemies":"3 Shapes","floor":35,"turns":5},{"damage":9,"enemies":"3 Darklings","floor":39,"turns":6},{"damage":2,"enemies":"Maw","floor":41,"turns":9},{"damage":0,"enemies":"Flame Bruiser 2 Orb","floor":44,"turns":4},{"damage":0,"enemies":"Sphere and 2 Shapes","floor":46,"turns":6},{"damage":0,"enemies":"Giant Head","floor":48,"turns":11},{"damage":32,"enemies":"Time Eater","floor":50,"turns":13}],"event_choices":[{"event_name":"Wheel of Change","player_choice":"Card Removal","floor":2,"damage_taken":0},{"event_name":"Big Fish","player_choice":"Box","floor":4,"damage_taken":0},{"event_name":"Forgotten Altar","player_choice":"Shed Blood","floor":22,"damage_taken":0},{"event_name":"The Library","player_choice":"Read","floor":27,"damage_taken":0},{"event_name":"Winding Halls","player_choice":"Embrace Madness","floor":36,"damage_taken":0},{"event_name":"Transmorgrifier","player_choice":"Transform","floor":37,"damage_taken":0},{"event_name":"Tomb of Lord Red Mask","player_choice":"Ignored","floor":40,"damage_taken":0},{"event_name":"Mysterious Sphere","player_choice":"Ignore","floor":45,"damage_taken":0}],"boss_relics":[{"not_picked":["Ectoplasm","Sozu"],"picked":"Velvet Choker"},{"not_picked":["Runic Dome","Eternal Feather"],"picked":"Inserter"}],"potions_floor_spawned":[1,3,7,8,10,11,12,13,14,16,18,20,21,24,28,29,30,31,33,35,39,41,44,46,48],"seed_played":"1506148265124497157","ascension_level":0,"is_trial":false}