{"gold_per_floor":[367,367,383,383,403,403,438,438,492,510,527,527,540,82,82,181,181,195,177,277,287,304,304,304,304,358,378,378,4,21,35,35,131,131,147,147,160,179,179,205,205,258,258,273,12,12],"floor_reached":46,"playtime":2686,"items_purged":[],"score":529,"play_id":"bfbb69b9-72d0-4169-a2b7-684baf30f6f3","local_time":"20190304102841","is_ascension_mode":false,"campfire_choices":[{"floor":6,"key":"REST"},{"floor":8,"key":"REST"},{"floor":12,"key":"REST"},{"data":"Noxious Fumes","floor":15,"key":"SMITH"},{"floor":23,"key":"REST"},{"floor":28,"key":"REST"},{"data":"Blade Dance","floor":32,"key":"SMITH"},{"floor":41,"key":"REST"}],"neow_cost":"PERCENT_DAMAGE","seed_source_timestamp":508642242401,"circlet_count":0,"master_deck":["Defend_G+1","Defend_G","Defend_G","Defend_G+1","Defend_G","Strike_G","Strike_G","Strike_G","Survivor","Neutralize","PiercingWail","Outmaneuver","Poisoned Stab","Distraction","Infinite Blades","Deflect","Backstab","Dagger Spray","Skewer","Noxious Fumes+1","Flying Knee","Blur","Adrenaline","Underhanded Strike+1","Deflect","Cloak And Dagger","Blade Dance+1","Blur","Blade Dance+1","Writhe","Cloak And Dagger","Corpse Explosion","Footwork","PiercingWail+1","Endless Agony","Adrenaline","Blade Dance+1","Blade Dance","Distraction+1","Magnetism","Finisher","Blur","Blade Dance","Infinite Blades","Cloak And Dagger"],"relics":["Ring of the Snake","Dream Catcher","Tiny Chest","Ornamental Fan","Lizard Tail","Bird Faced Urn","Pear","Dodecahedron","Art of War","Regal Pillow","Unceasing Top","Black Star","Question Card","Letter Opener","Anchor","Ginger"],"potions_floor_usage":[7,16,19,20,27,33,37,38,40,44,46,46,46],"damage_taken":[{"damage":0,"enemies":"Jaw Worm","floor":1,"turns":4},{"damage":0,"enemies":"2 Louse","floor":3,"turns":4},{"damage":0,"enemies":"Small Slimes","floor":5,"turns":4},{"damage":20,"enemies":"Lagavulin","floor":7,"turns":12},{"damage":5,"enemies":"Red Slaver","floor":10,"turns":4},{"damage":0,"enemies":"Exordium Wildlife","floor":11,"turns":5},{"damage":0,"enemies":"2 Fungi Beasts","floor":13,"turns":3},{"damage":54,"enemies":"The Guardian","floor":16,"turns":11},{"damage":14,"enemies":"Shell Parasite","floor":18,"turns":8},{"damage":2,"enemies":"2 Thieves","floor":19,"turns":4},{"damage":8,"enemies":"Colosseum Slavers","floor":20,"turns":2},{"damage":46,"enemies":"Colosseum Nobs","floor":20,"turns":6},{"damage":3,"enemies":"Centurion and Healer","floor":21,"turns":10},{"damage":20,"enemies":"Cultist and Chosen","floor":22,"turns":8},{"damage":14,"enemies":"3 Cultists","floor":27,"turns":6},{"damage":0,"enemies":"Chosen and Byrds","floor":30,"turns":6},{"damage":14,"enemies":"Centurion and Healer","floor":31,"turns":11},{"damage":40,"enemies":"Collector","floor":33,"turns":10},{"damage":5,"enemies":"3 Shapes","floor":35,"turns":4},{"damage":5,"enemies":"3 Darklings","floor":37,"turns":4},{"damage":25,"enemies":"Spire Growth","floor":38,"turns":5},{"damage":57,"enemies":"Reptomancer","floor":40,"turns":7},{"damage":11,"enemies":"Jaw Worm Horde","floor":44,"turns":6},{"damage":59,"enemies":"Nemesis","floor":46,"turns":8}],"seed_played":"-6087812294531867619","potions_obtained":[{"floor":3,"key":"Block Potion"},{"floor":7,"key":"Weak Potion"},{"floor":16,"key":"GhostInAJar"},{"floor":18,"key":"Swift Potion"},{"floor":20,"key":"Dexterity Potion"},{"floor":21,"key":"Strength Potion"},{"floor":30,"key":"Fire Potion"},{"floor":31,"key":"Poison Potion"},{"floor":33,"key":"AttackPotion"},{"floor":35,"key":"Energy Potion"},{"floor":40,"key":"AttackPotion"}],"is_trial":false,"path_per_floor":["M","?","M","?","M","R","E","R","T","M","M","R","M","$","R","B",null,"M","M","?","M","M","R","?","?","T","M","R","$","M","M","R","B",null,"M","?","M","M","?","E","R","T","T","M","$","E"],"character_chosen":"THE_SILENT","items_purchased":["Noxious Fumes","Ornamental Fan","Flying Knee","Blur","Footwork","Unceasing Top","Infinite Blades","Fire Potion","Poison Potion","Regen Potion","Cloak And Dagger"],"campfire_rested":6,"item_purchase_floors":[14,14,14,14,29,29,45,45,45,45,45],"current_hp_per_floor":[49,35,35,28,28,49,29,50,50,45,45,66,66,66,66,12,70,56,54,45,46,30,54,54,54,54,44,80,80,80,70,70,36,80,75,75,72,53,53,2,41,41,41,36,36,0],"gold":12,"neow_bonus":"TWO_FIFTY_GOLD","is_prod":false,"is_daily":false,"chose_seed":false,"campfire_upgraded":2,"win_rate":0,"timestamp":1551716921,"path_taken":["M","?","M","?","M","R","E","R","T","M","M","R","M","$","R","BOSS","M","M","?","M","M","R","?","?","T","M","R","$","M","?","R","BOSS","M","?","M","M","?","E","R","?","T","M","$","E"],"build_version":"2019-01-23","purchased_purges":0,"victory":false,"max_hp_per_floor":[70,70,70,70,70,70,70,70,70,70,70,70,70,70,70,70,70,70,70,80,80,80,80,80,80,80,80,80,80,80,80,80,80,80,80,80,80,80,80,80,80,80,80,80,80,80],"card_choices":[{"not_picked":["Blade Dance","Dagger Throw"],"picked":"PiercingWail","floor":1},{"not_picked":["Sucker Punch","Masterful Stab"],"picked":"Outmaneuver","floor":3},{"not_picked":["Bane","Finisher"],"picked":"Poisoned Stab","floor":5},{"not_picked":["Sucker Punch","Quick Slash"],"picked":"Distraction","floor":7},{"not_picked":["Riddle With Holes","Catalyst"],"picked":"Infinite Blades","floor":8},{"not_picked":["Backflip","Flechettes"],"picked":"Deflect","floor":10},{"not_picked":["Backflip","Bullet Time"],"picked":"Backstab","floor":11},{"not_picked":["Eviscerate","Deadly Poison"],"picked":"Dagger Spray","floor":12},{"not_picked":["Acrobatics","Prepared"],"picked":"Skewer","floor":13},{"not_picked":["Bullet Time","Venomology"],"picked":"Adrenaline","floor":16},{"not_picked":["Slice","Flechettes+1"],"picked":"Underhanded Strike+1","floor":18},{"not_picked":["Dagger Throw","Dagger Spray"],"picked":"Deflect","floor":19},{"not_picked":["Doppelganger","Sucker Punch"],"picked":"Cloak And Dagger","floor":20},{"not_picked":["Sucker Punch","PiercingWail"],"picked":"Blade Dance+1","floor":21},{"not_picked":["Backflip+1","Flying Knee+1"],"picked":"Blur","floor":22},{"not_picked":["Dagger Spray","Prepared"],"picked":"Blade Dance","floor":23},{"not_picked":["Outmaneuver","Concentrate"],"picked":"Cloak And Dagger","floor":27},{"not_picked":["Backflip+1","Crippling Poison"],"picked":"Corpse Explosion","floor":28},{"not_picked":["Sucker Punch","Deflect"],"picked":"PiercingWail+1","floor":30},{"not_picked":["Choke","Escape Plan"],"picked":"Endless Agony","floor":31},{"not_picked":["Malaise","Venomology"],"picked":"Adrenaline","floor":33},{"not_picked":["Sucker Punch","Underhanded Strike+1"],"picked":"Blade Dance+1","floor":35},{"not_picked":["Dodge and Roll","Heel Hook+1"],"picked":"Blade Dance","floor":37},{"not_picked":["Backflip","Bouncing Flask"],"picked":"Distraction+1","floor":38},{"not_picked":["PanicButton","Master of Strategy"],"picked":"Magnetism","floor":39},{"not_picked":["Dash","Eviscerate+1"],"picked":"Finisher","floor":40},{"not_picked":["Deadly Poison","Dagger Spray","Slice"],"picked":"Blur","floor":41},{"not_picked":["Calculated Gamble+1","Dagger Throw","Sucker Punch+1"],"picked":"Blade Dance","floor":44}],"player_experience":499363,"relics_obtained":[{"floor":7,"key":"Dream Catcher"},{"floor":9,"key":"Tiny Chest"},{"floor":20,"key":"Bird Faced Urn"},{"floor":20,"key":"Pear"},{"floor":26,"key":"Regal Pillow"},{"floor":40,"key":"Question Card"},{"floor":40,"key":"Letter Opener"},{"floor":42,"key":"Anchor"},{"floor":43,"key":"Ginger"}],"event_choices":[{"damage_healed":0,"gold_gain":0,"player_choice":"Entered Light","damage_taken":14,"max_hp_gain":0,"max_hp_loss":0,"event_name":"Shining Light","floor":2,"gold_loss":0,"cards_upgraded":["Defend_G","Defend_G"]},{"cards_removed":["Strike_G"],"damage_healed":0,"gold_gain":0,"player_choice":"Card Removal","damage_taken":7,"max_hp_gain":0,"max_hp_loss":0,"event_name":"Golden Wing","floor":4,"gold_loss":0},{"damage_healed":0,"gold_gain":0,"player_choice":"Fight","damage_taken":0,"max_hp_gain":0,"max_hp_loss":0,"event_name":"Colosseum","floor":20,"gold_loss":0},{"damage_healed":0,"gold_gain":0,"player_choice":"Fought Nobs","damage_taken":0,"max_hp_gain":0,"max_hp_loss":0,"event_name":"Colosseum","floor":20,"gold_loss":0},{"damage_healed":0,"gold_gain":0,"player_choice":"Opened","damage_taken":0,"relics_obtained":["Dodecahedron"],"max_hp_gain":0,"max_hp_loss":0,"event_name":"The Mausoleum","floor":24,"gold_loss":0,"cards_obtained":["Writhe"]},{"damage_healed":0,"gold_gain":0,"player_choice":"Gave Potion","damage_taken":0,"relics_obtained":["Art of War"],"max_hp_gain":0,"max_hp_loss":0,"event_name":"WeMeetAgain","floor":25,"gold_loss":0},{"cards_removed":["Strike_G"],"damage_healed":0,"gold_gain":0,"player_choice":"Removed Attack","damage_taken":0,"max_hp_gain":0,"max_hp_loss":0,"event_name":"Falling","floor":36,"gold_loss":0},{"damage_healed":0,"gold_gain":0,"player_choice":"Memory 1","damage_taken":0,"max_hp_gain":0,"max_hp_loss":0,"event_name":"SensoryStone","floor":39,"gold_loss":0}],"is_beta":false,"boss_relics":[{"not_picked":["Pandora\u0027s Box","Busted Crown"],"picked":"Lizard Tail"},{"not_picked":["Calling Bell","Snecko Eye"],"picked":"Black Star"}],"items_purged_floors":[],"is_endless":false,"potions_floor_spawned":[3,7,16,18,20,21,30,31,33,35,40],"killed_by":"Nemesis","ascension_level":0}