{"gold_per_floor":[109,109,124,136,147,147,166,166,166,91,91,91,91,121,121,221,221,241,241,241,69,87,87,116,116,197,216,216,228,245,245,245,340,340,352,352,352,369,369,369,396,396,422,422,437,453,453,105,105,105],"floor_reached":50,"playtime":2928,"items_purged":["Strike_B","Go for the Eyes"],"score":742,"play_id":"5f619bf2-eab6-4f86-b2fa-bb36adb9cf9b","local_time":"20190104191511","is_ascension_mode":true,"campfire_choices":[{"data":"Zap","floor":6.0,"key":"SMITH"},{"data":"Dualcast","floor":8.0,"key":"SMITH"},{"data":"Coolheaded","floor":11.0,"key":"SMITH"},{"data":"Leap","floor":15.0,"key":"SMITH"},{"data":"Buffer","floor":23.0,"key":"SMITH"},{"floor":25.0,"key":"REST"},{"data":"Defragment","floor":32.0,"key":"SMITH"},{"data":"Fission","floor":40.0,"key":"SMITH"},{"data":"Seek","floor":42.0,"key":"SMITH"},{"data":"Madness","floor":44.0,"key":"SMITH"},{"data":"Madness","floor":47,"key":"SMITH"},{"floor":49,"key":"REST"}],"neow_cost":"NONE","seed_source_timestamp":23269229423003,"circlet_count":0,"master_deck":["AscendersBane","Zap+1","Dualcast+1","Leap+1","Coolheaded+1","Ball Lightning+1","Core Surge","Buffer+1","Seek+1","Biased Cognition","Undo","Self Repair","Defragment+1","Barrage+1","Cold Snap+1","Steam+1","Fission+1","Buffer+1","Meteor Strike+1","Madness+1","Madness+1","Reprogram","Core Surge"],"special_seed":0,"relics":["Cracked Core","Anchor","Bottled Flame","Ornamental Fan","Letter Opener","Pandora\u0027s Box","Ancient Tea Set","Kunai","MutagenicStrength","Astrolabe","Vajra","Oddly Smooth Stone","Torii"],"potions_floor_usage":[45,50,50,50],"damage_taken":[{"damage":0.0,"enemies":"Jaw Worm","floor":1.0,"turns":3.0},{"damage":0.0,"enemies":"Cultist","floor":3.0,"turns":3.0},{"damage":0.0,"enemies":"2 Louse","floor":4.0,"turns":3.0},{"damage":3.0,"enemies":"Looter","floor":5.0,"turns":4.0},{"damage":0.0,"enemies":"3 Louse","floor":7.0,"turns":4.0},{"damage":5.0,"enemies":"The Guardian","floor":16.0,"turns":9.0},{"damage":0.0,"enemies":"Spheric Guardian","floor":18.0,"turns":2.0},{"damage":8.0,"enemies":"3 Byrds","floor":22.0,"turns":3.0},{"damage":51.0,"enemies":"Slavers","floor":24.0,"turns":5.0},{"damage":0.0,"enemies":"Sentry and Sphere","floor":27.0,"turns":6.0},{"damage":9.0,"enemies":"Snake Plant","floor":29.0,"turns":4.0},{"damage":2.0,"enemies":"Cultist and Chosen","floor":30.0,"turns":7.0},{"damage":4.0,"enemies":"Champ","floor":33.0,"turns":11.0},{"damage":0.0,"enemies":"3 Shapes","floor":35.0,"turns":4.0},{"damage":11.0,"enemies":"3 Darklings","floor":38.0,"turns":4.0},{"damage":14.0,"enemies":"Nemesis","floor":41.0,"turns":11.0},{"damage":27,"enemies":"Spire Growth","floor":45,"turns":5},{"damage":0,"enemies":"Maw","floor":46,"turns":6},{"damage":79,"enemies":"Time Eater","floor":50,"turns":11}],"seed_played":"-4169774739414153418","potions_obtained":[{"floor":1.0,"key":"Dexterity Potion"},{"floor":5.0,"key":"Poison Potion"},{"floor":16.0,"key":"PowerPotion"},{"floor":18.0,"key":"GamblersBrew"},{"floor":27.0,"key":"EntropicBrew"},{"floor":30.0,"key":"SkillPotion"},{"floor":35.0,"key":"FearPotion"},{"floor":46,"key":"Dexterity Potion"}],"is_trial":false,"path_per_floor":["M","?","M","M","M","R","M","R","T","$","R","?","?","?","R","B",null,"M","?","?","$","M","R","E","R","T","M","?","M","M","?","R","B",null,"M","?","?","M","?","R","E","R","T","R","M","M","R","$","R","B"],"character_chosen":"DEFECT","items_purchased":["Defragment","Torii","Strength Potion"],"campfire_rested":2,"item_purchase_floors":[21,48,48],"current_hp_per_floor":[68,68,68,68,65,65,65,65,65,65,65,47,32,32,32,27,63,63,63,63,63,55,55,11,33,33,33,33,31,36,36,36,39,66,66,66,57,53,53,53,46,46,46,46,38,45,45,45,67,0],"gold":105,"neow_bonus":"RANDOM_COMMON_RELIC","is_prod":false,"is_daily":false,"chose_seed":false,"campfire_upgraded":10,"win_rate":0,"timestamp":1546647311,"path_taken":["M","?","M","M","M","R","?","R","T","$","R","?","?","?","R","BOSS","M","?","?","$","M","R","E","R","T","M","?","?","M","?","R","BOSS","M","?","?","M","?","R","E","R","T","R","?","M","R","?","R","BOSS"],"build_version":"2019-01-03v4","purchased_purges":2,"victory":false,"max_hp_per_floor":[75,75,75,75,75,75,75,75,75,75,75,75,75,75,75,75,75,75,75,75,75,75,75,75,75,75,75,75,75,75,75,75,75,75,75,75,75,75,75,75,75,75,75,75,75,75,75,75,75,75],"card_choices":[{"not_picked":["Rebound","Redo"],"picked":"Leap","floor":1.0},{"not_picked":["Steam Power","Redo"],"picked":"Coolheaded","floor":3.0},{"not_picked":["Undo","Sweeping Beam"],"picked":"Ball Lightning","floor":4.0},{"not_picked":["Sweeping Beam","Steam","Rebound"],"picked":"SKIP","floor":5.0},{"not_picked":["Amplify","Compile Driver","Turbo"],"picked":"SKIP","floor":7.0},{"not_picked":["Hyperbeam","Fission"],"picked":"Core Surge","floor":16.0},{"not_picked":["Barrage","Skim","Turbo"],"picked":"SKIP","floor":18.0},{"not_picked":["Redo","Go for the Eyes"],"picked":"Barrage+1","floor":22.0},{"not_picked":["Turbo","Doom and Gloom+1"],"picked":"Cold Snap+1","floor":24.0},{"not_picked":["Ball Lightning","Reprogram"],"picked":"Steam+1","floor":27.0},{"not_picked":["Stack","Rebound","Cold Snap"],"picked":"SKIP","floor":29.0},{"not_picked":["Ball Lightning","Beam Cell","Sweeping Beam"],"picked":"SKIP","floor":30.0},{"not_picked":["Thunder Strike","Multi-Cast"],"picked":"Fission","floor":33.0},{"not_picked":["Tempest+1","Barrage","Beam Cell+1"],"picked":"SKIP","floor":35.0},{"not_picked":["Beam Cell+1","Ball Lightning+1","Chill"],"picked":"SKIP","floor":38.0},{"not_picked":["Beam Cell+1","Turbo","Rebound"],"picked":"SKIP","floor":41.0},{"not_picked":["Redo+1","Coolheaded+1"],"picked":"Core Surge","floor":45},{"not_picked":["Blizzard","Auto Shields+1","Compile Driver"],"picked":"SKIP","floor":46}],"player_experience":448916,"relics_obtained":[{"floor":9.0,"key":"Bottled Flame"},{"floor":24.0,"key":"Ancient Tea Set"},{"floor":26.0,"key":"Kunai"},{"floor":41.0,"key":"Vajra"},{"floor":43.0,"key":"Oddly Smooth Stone"}],"event_choices":[{"damage_healed":0.0,"max_hp_gain":0.0,"max_hp_loss":0.0,"gold_gain":0.0,"cards_transformed":["Strike_B"],"event_name":"Transmorgrifier","player_choice":"Transformed","floor":2.0,"gold_loss":0.0,"damage_taken":0.0,"cards_obtained":["Hologram"]},{"damage_healed":0.0,"max_hp_gain":0.0,"max_hp_loss":0.0,"gold_gain":0.0,"event_name":"Scrap Ooze","player_choice":"Success","floor":12.0,"gold_loss":0.0,"damage_taken":18.0,"relics_obtained":["Ornamental Fan"]},{"damage_healed":0.0,"max_hp_gain":0.0,"max_hp_loss":0.0,"gold_gain":0.0,"event_name":"Shining Light","player_choice":"Entered Light","floor":13.0,"gold_loss":0.0,"damage_taken":15.0,"cards_upgraded":["Strike_B","Ball Lightning"]},{"damage_healed":0.0,"max_hp_gain":0.0,"max_hp_loss":0.0,"gold_gain":30.0,"event_name":"Dead Adventurer","player_choice":"Searched \u00272\u0027 times","floor":14.0,"gold_loss":0.0,"damage_taken":0.0,"relics_obtained":["Letter Opener"]},{"damage_healed":0.0,"max_hp_gain":0.0,"max_hp_loss":0.0,"gold_gain":0.0,"event_name":"Vampires","player_choice":"Ignored","floor":19.0,"gold_loss":0.0,"damage_taken":0.0},{"damage_healed":0.0,"max_hp_gain":0.0,"max_hp_loss":0.0,"gold_gain":0.0,"event_name":"The Library","player_choice":"Read","floor":20.0,"gold_loss":0.0,"damage_taken":0.0,"cards_obtained":["Self Repair"]},{"damage_healed":0.0,"max_hp_gain":0.0,"max_hp_loss":0.0,"gold_gain":0.0,"event_name":"Match and Keep!","player_choice":"1 cards matched","floor":28.0,"gold_loss":0.0,"damage_taken":0.0,"cards_obtained":["Machine Learning"]},{"damage_healed":0.0,"max_hp_gain":0.0,"max_hp_loss":0.0,"gold_gain":0.0,"event_name":"Drug Dealer","player_choice":"Inject Mutagens","floor":31.0,"gold_loss":0.0,"damage_taken":0.0,"relics_obtained":["MutagenicStrength"]},{"damage_healed":0.0,"max_hp_gain":0.0,"max_hp_loss":0.0,"gold_gain":0.0,"event_name":"Mysterious Sphere","player_choice":"Ignored","floor":36.0,"gold_loss":0.0,"damage_taken":0.0},{"damage_healed":0.0,"max_hp_gain":0.0,"max_hp_loss":0.0,"gold_gain":0.0,"event_name":"Winding Halls","player_choice":"Embrace Madness","floor":37.0,"gold_loss":0.0,"damage_taken":9.0,"cards_obtained":["Madness","Madness"]},{"damage_healed":0.0,"max_hp_gain":0.0,"max_hp_loss":0.0,"gold_gain":0.0,"cards_transformed":["Doom and Gloom"],"event_name":"Transmorgrifier","player_choice":"Transformed","floor":39.0,"gold_loss":0.0,"damage_taken":0.0,"cards_obtained":["Reprogram"]}],"is_beta":true,"boss_relics":[{"not_picked":["Black Star","Runic Pyramid"],"picked":"Pandora\u0027s Box"},{"not_picked":["Eternal Feather","FrozenCore"],"picked":"Astrolabe"}],"items_purged_floors":[10,21],"is_endless":false,"potions_floor_spawned":[1,5,16,18,27,30,35,38,46],"killed_by":"Time Eater","ascension_level":10}