{"gold_per_floor":[109,125,143,93,63,63,90,40,40,74,74,92,92,107,107,202,202,215,235,248,263,289,289],"floor_reached":23,"playtime":1511,"items_purged":["Strike_R"],"score":274,"play_id":"40a86422-0d5c-408c-99b8-d172c63bfffa","local_time":"20181021210329","is_ascension_mode":true,"campfire_choices":[{"data":"Twin Strike","floor":6,"key":"SMITH"},{"floor":13,"key":"REST"},{"data":"Battle Trance","floor":15,"key":"SMITH"}],"neow_cost":"NONE","seed_source_timestamp":1020707505835063,"circlet_count":0,"master_deck":["Strike_R","Strike_R","Defend_R","Defend_R","Defend_R","Defend_R","Bash","Spot Weakness","Ghostly Armor","Twin Strike+1","Battle Trance+1","Iron Wave","Iron Wave","Demon Form","Rampage","Pommel Strike","True Grit","Shrug It Off+1"],"relics":["Burning Blood","Smiling Mask","Bottled Flame","Pear","Regal Pillow","Velvet Choker","Lantern"],"potions_floor_usage":[10,12,16,16,20],"damage_taken":[{"damage":6,"enemies":"2 Louse","floor":1,"turns":4},{"damage":10,"enemies":"Cultist","floor":2,"turns":5},{"damage":8,"enemies":"Jaw Worm","floor":3,"turns":5},{"damage":2,"enemies":"Looter","floor":5,"turns":4},{"damage":30,"enemies":"3 Sentries","floor":7,"turns":9},{"damage":28,"enemies":"Lagavulin","floor":10,"turns":4},{"damage":13,"enemies":"Lots of Slimes","floor":12,"turns":4},{"damage":2,"enemies":"3 Louse","floor":14,"turns":4},{"damage":30,"enemies":"The Guardian","floor":16,"turns":14},{"damage":18,"enemies":"Spheric Guardian","floor":18,"turns":5},{"damage":8,"enemies":"Chosen","floor":19,"turns":6},{"damage":22,"enemies":"Shelled Parasite and Fungi","floor":20,"turns":6},{"damage":13,"enemies":"Centurion and Healer","floor":21,"turns":6},{"damage":54,"enemies":"Gremlin Leader","floor":23,"turns":4}],"seed_played":"6979182713104031904","potions_obtained":[{"floor":2,"key":"SneckoOil"},{"floor":3,"key":"Block Potion"},{"floor":7,"key":"FearPotion"},{"floor":10,"key":"AttackPotion"},{"floor":14,"key":"Block Potion"},{"floor":18,"key":"Block Potion"}],"is_trial":false,"path_per_floor":["M","M","M","?","M","R","E","$","T","E","?","M","R","M","R","B",null,"M","M","M","M","T"],"character_chosen":"IRONCLAD","items_purchased":[],"campfire_rested":1,"item_purchase_floors":[],"current_hp_per_floor":[72,68,66,66,70,70,46,46,56,34,34,27,69,73,73,49,80,68,66,50,43,43,0],"gold":289,"neow_bonus":"RANDOM_COMMON_RELIC","is_prod":false,"is_daily":false,"chose_seed":false,"campfire_upgraded":2,"win_rate":0,"timestamp":1540148609,"path_taken":["M","M","M","?","M","R","E","?","T","E","?","M","R","M","R","BOSS","M","M","M","M","?","E"],"build_version":"2018-10-18","purchased_purges":1,"victory":false,"max_hp_per_floor":[80,80,80,80,80,80,80,80,90,90,90,90,90,90,90,90,90,90,90,90,90,90,90],"card_choices":[{"not_picked":["Wild Strike","Perfected Strike","Headbutt"],"picked":"SKIP","floor":1},{"not_picked":["Perfected Strike","Bloodletting"],"picked":"Spot Weakness","floor":2},{"not_picked":["Anger","Sever Soul"],"picked":"Ghostly Armor","floor":3},{"not_picked":["Sword Boomerang","Hemokinesis"],"picked":"Twin Strike","floor":5},{"not_picked":["Wild Strike","Intimidate"],"picked":"Battle Trance","floor":7},{"not_picked":["Berserk","Wild Strike","Anger"],"picked":"SKIP","floor":10},{"not_picked":["Clothesline","Inflame"],"picked":"Iron Wave","floor":12},{"not_picked":["Disarm","Rage"],"picked":"Iron Wave","floor":14},{"not_picked":["Barricade","Double Tap"],"picked":"Demon Form","floor":16},{"not_picked":["Searing Blow+1","Clothesline"],"picked":"Rampage","floor":18},{"not_picked":["Perfected Strike","Uppercut"],"picked":"Pommel Strike","floor":19},{"not_picked":["Clash","Rage"],"picked":"True Grit","floor":20},{"not_picked":["Perfected Strike","Searing Blow"],"picked":"Shrug It Off+1","floor":21}],"player_experience":525071,"relics_obtained":[{"floor":7,"key":"Bottled Flame"},{"floor":9,"key":"Pear"},{"floor":10,"key":"Regal Pillow"},{"floor":22,"key":"Lantern"}],"event_choices":[{"cards_removed":["Strike_R"],"damage_healed":0,"gold_gain":0,"player_choice":"Card Removal","damage_taken":0,"max_hp_gain":0,"max_hp_loss":0,"event_name":"The Cleric","floor":4,"gold_loss":50},{"cards_removed":["Strike_R"],"damage_healed":0,"gold_gain":0,"player_choice":"Purged","damage_taken":0,"max_hp_gain":0,"max_hp_loss":0,"event_name":"Purifier","floor":11,"gold_loss":0}],"is_beta":false,"boss_relics":[{"not_picked":["Runic Pyramid","Runic Dome"],"picked":"Velvet Choker"}],"items_purged_floors":[8],"is_endless":false,"potions_floor_spawned":[2,3,7,10,14,18],"killed_by":"Gremlin Leader","ascension_level":7}