{"gold_per_floor":[119,119,119,137,137,137,212,212,212,233,246,265,190,214,214,342,405,425,425,350,250,125,163,163,177,177,191,191,191],"floor_reached":29,"playtime":846,"items_purged":["Strike_R","Strike_R","Defend_R"],"score":316,"play_id":"ebc08693-8c37-45b0-a741-b17a2d15ce1b","local_time":"20180806143642","is_ascension_mode":true,"campfire_choices":[{"data":"Rampage","floor":6,"key":"SMITH"},{"data":"Spot Weakness","floor":8,"key":"SMITH"},{"floor":15,"key":"REST"},{"data":"Whirlwind","floor":24,"key":"SMITH"},{"floor":28,"key":"REST"}],"neow_cost":"NONE","seed_source_timestamp":411200697923837,"circlet_count":0,"master_deck":["Strike_R+1","Strike_R+1","Defend_R","Defend_R+1","Defend_R","Bash+1","Rampage+1","Spot Weakness+1","Twin Strike","Iron Wave","Feed","Cleave","Whirlwind+1","Necronomicurse","Body Slam","Iron Wave+1"],"relics":["Burning Blood","Golden Idol","Incense Burner","Tiny House","Necronomicon","Nunchaku","Kunai"],"potions_floor_usage":[16,23,27,27,27,29],"damage_taken":[{"damage":8,"enemies":"Jaw Worm","floor":1,"turns":4},{"damage":1,"enemies":"2 Louse","floor":4,"turns":3},{"damage":5,"enemies":"Small Slimes","floor":10,"turns":3},{"damage":4,"enemies":"Blue Slaver","floor":11,"turns":3},{"damage":0,"enemies":"Large Slime","floor":12,"turns":5},{"damage":16,"enemies":"Exordium Wildlife","floor":14,"turns":3},{"damage":19,"enemies":"The Guardian","floor":16,"turns":9},{"damage":25,"enemies":"Chosen","floor":18,"turns":5},{"damage":30,"enemies":"Slavers","floor":23,"turns":3},{"damage":0,"enemies":"3 Byrds","floor":25,"turns":1},{"damage":29,"enemies":"Snake Plant","floor":27,"turns":3},{"damage":50,"enemies":"Book of Stabbing","floor":29,"turns":6}],"seed_played":"-3590247235722448347","potions_obtained":[{"floor":1,"key":"Fire Potion"},{"floor":12,"key":"Regen Potion"},{"floor":14,"key":"Dexterity Potion"},{"floor":17,"key":"Strength Potion"},{"floor":23,"key":"Weak Potion"},{"floor":27,"key":"Block Potion"}],"is_trial":false,"path_per_floor":["M","?","?","M","?","R","?","R","T","M","M","M","$","M","R","B",null,"M","?","?","$","$","E","R","M","T","M","R"],"character_chosen":"IRONCLAD","items_purchased":[],"campfire_rested":2,"item_purchase_floors":[],"current_hp_per_floor":[78,62,67,72,51,51,40,40,40,41,43,49,49,39,64,51,82,63,47,47,47,47,26,26,32,32,21,49,0],"gold":191,"neow_bonus":"UPGRADE_CARD","is_prod":false,"is_daily":false,"chose_seed":false,"campfire_upgraded":3,"win_rate":0,"timestamp":1533559002,"path_taken":["M","?","?","?","?","R","?","R","T","?","M","M","$","M","R","BOSS","M","?","?","?","$","E","R","?","T","M","R","E"],"build_version":"2018-08-02","purchased_purges":3,"victory":false,"max_hp_per_floor":[80,80,85,85,85,85,85,85,85,85,85,85,85,85,85,85,90,90,90,90,90,90,93,93,93,93,96,96,96],"card_choices":[{"not_picked":["Armaments","Wild Strike"],"picked":"Rampage","floor":1},{"not_picked":["Heavy Blade","Burning Pact"],"picked":"Spot Weakness","floor":4},{"not_picked":["Clash","Armaments"],"picked":"Twin Strike","floor":10},{"not_picked":["Havoc","Thunderclap"],"picked":"Iron Wave","floor":11},{"not_picked":["Spot Weakness","Juggernaut","Twin Strike"],"picked":"SKIP","floor":12},{"not_picked":["Clothesline","Dual Wield","Heavy Blade"],"picked":"SKIP","floor":14},{"not_picked":["Offering","Juggernaut"],"picked":"Feed","floor":16},{"not_picked":["Disarm","Clothesline"],"picked":"Cleave","floor":17},{"not_picked":["Searing Blow","Twin Strike+1"],"picked":"Whirlwind","floor":18},{"not_picked":["Iron Wave","Twin Strike+1","Havoc"],"picked":"SKIP","floor":23},{"not_picked":["Havoc","Anger"],"picked":"Body Slam","floor":25},{"not_picked":["Twin Strike","Rampage+1"],"picked":"Iron Wave+1","floor":27}],"player_experience":508543,"relics_obtained":[{"floor":9,"key":"Incense Burner"},{"floor":19,"key":"Necronomicon"},{"floor":23,"key":"Nunchaku"},{"floor":26,"key":"Kunai"}],"event_choices":[{"event_name":"Shining Light","player_choice":"Entered Light","floor":2,"damage_taken":0},{"event_name":"Big Fish","player_choice":"Donut","floor":3,"damage_taken":0},{"event_name":"Golden Idol","player_choice":"Take Damage","floor":5,"damage_taken":0},{"event_name":"World of Goop","player_choice":"Gather Gold","floor":7,"damage_taken":0},{"event_name":"Cursed Tome","player_choice":"Obtained Book","floor":19,"damage_taken":0},{"event_name":"Beggar","player_choice":"Gave Gold","floor":20,"damage_taken":0}],"is_beta":false,"boss_relics":[{"not_picked":["Busted Crown","Calling Bell"],"picked":"Tiny House"}],"items_purged_floors":[13,21,22],"is_endless":false,"potions_floor_spawned":[1,12,14,23,27],"killed_by":"Book of Stabbing","ascension_level":5}