{"path_per_floor":["M","M","?","?","M","E","M","R","T","R","M","M","R","E","R"],"character_chosen":"DEFECT","items_purchased":[],"gold_per_floor":[110,120,120,120,138,194,208,208,276,276,287,303,303,335,335,335],"floor_reached":16,"campfire_rested":1,"playtime":679,"item_purchase_floors":[],"current_hp_per_floor":[75,72,72,72,66,41,29,29,29,29,21,14,36,24,24,0],"items_purged":[],"gold":335,"score":112,"play_id":"0fe5e921-21c0-4bf5-8a52-a5276e8ee032","local_time":"20180606144718","is_prod":false,"is_daily":false,"chose_seed":false,"is_ascension_mode":false,"campfire_upgraded":3,"win_rate":0.0,"timestamp":1528289238,"campfire_choices":[{"data":"Echo Form","floor":8,"key":"SMITH"},{"data":"Sunder","floor":10,"key":"SMITH"},{"floor":13,"key":"REST"},{"data":"Glacier","floor":15,"key":"SMITH"}],"path_taken":["M","M","?","?","M","E","M","R","T","R","M","M","R","E","R","BOSS"],"build_version":"2018-05-31","seed_source_timestamp":5656546579802,"purchased_purges":0,"victory":false,"master_deck":["Strike_B","Strike_B","Strike_B","Strike_B","Defend_B","Defend_B","Defend_B","Defend_B","Zap","Dualcast","Sunder+1","Regret","White Noise","Capacitor","Glacier+1","Echo Form+1","Coolheaded+1","FTL","Seek+1"],"max_hp_per_floor":[75,75,75,75,75,75,75,75,75,75,75,75,75,75,75,75],"relics":["Cracked Core","Lantern","Prayer Wheel","Tiny Chest","Toxic Egg 2","Calipers"],"card_choices":[{"not_picked":["Coolheaded","Ball Lightning","Cold Snap"],"picked":"SKIP","floor":1},{"not_picked":["Barrage","Streamline"],"picked":"Sunder","floor":2},{"not_picked":["Conserve Battery","Stack"],"picked":"White Noise","floor":5},{"not_picked":["Compile Driver","Redo","Blizzard"],"picked":"SKIP","floor":5},{"not_picked":["Compile Driver","Sweeping Beam"],"picked":"Capacitor","floor":6},{"not_picked":["Loop","Hologram"],"picked":"Glacier","floor":7},{"not_picked":["Conserve Battery","Gash"],"picked":"Echo Form","floor":7},{"not_picked":["Gash","Beam Cell"],"picked":"Coolheaded+1","floor":11},{"not_picked":["Redo+1","Ball Lightning","Barrage"],"picked":"SKIP","floor":11},{"not_picked":["Conserve Battery+1","Blizzard"],"picked":"FTL","floor":12},{"not_picked":["Hologram+1","Stack+1","Redo+1"],"picked":"SKIP","floor":12},{"not_picked":["Rebound","Barrage"],"picked":"Seek+1","floor":14}],"player_experience":328859,"potions_floor_usage":[6,16,16,16],"damage_taken":[{"damage":0,"enemies":"Small Slimes","floor":1,"turns":3},{"damage":3,"enemies":"2 Louse","floor":2,"turns":3},{"damage":6,"enemies":"Cultist","floor":5,"turns":3},{"damage":25,"enemies":"Lagavulin","floor":6,"turns":6},{"damage":12,"enemies":"2 Fungi Beasts","floor":7,"turns":4},{"damage":8,"enemies":"Exordium Thugs","floor":11,"turns":5},{"damage":7,"enemies":"Looter","floor":12,"turns":4},{"damage":12,"enemies":"3 Sentries","floor":14,"turns":6},{"damage":28,"enemies":"Slime Boss","floor":16,"turns":3}],"relics_obtained":[{"floor":6,"key":"Tiny Chest"},{"floor":9,"key":"Toxic Egg 2"},{"floor":14,"key":"Calipers"}],"event_choices":[{"event_name":"Big Fish","player_choice":"Box","floor":3,"damage_taken":0},{"event_name":"The Lab","player_choice":"Got Potions","floor":4,"damage_taken":0}],"boss_relics":[],"items_purged_floors":[],"potions_floor_spawned":[1,12],"seed_played":"-5487157508719878168","killed_by":"Slime Boss","ascension_level":0,"potions_obtained":[{"floor":1,"key":"Energy Potion"},{"floor":4,"key":"EssenceOfSteel"},{"floor":4,"key":"EssenceOfSteel"},{"floor":12,"key":"LiquidBronze"}],"is_trial":false}