{"gold_per_floor":[116,130,130,130,78,78,97,117,117,128,128,92,92,121,121,121],"floor_reached":16,"playtime":984,"items_purged":[],"score":100,"play_id":"4ef01a48-7cbd-49f4-9ef3-44e575f9d25f","local_time":"20190210220142","is_ascension_mode":false,"campfire_choices":[{"data":"Finisher","floor":6.0,"key":"SMITH"},{"floor":11.0,"key":"REST"},{"floor":15,"key":"REST"}],"neow_cost":"TEN_PERCENT_HP_LOSS","seed_source_timestamp":0,"circlet_count":0,"master_deck":["Defend_G","Defend_G","Defend_G+1","Defend_G","Defend_G","Strike_G+1","Strike_G","Strike_G","Strike_G","Strike_G","Survivor","Neutralize","Finisher+1","Deadly Poison","Outmaneuver","Dagger Spray","Escape Plan","Backstab","Burst+1","Backflip+1"],"special_seed":0,"relics":["Ring of the Snake","Mango","Toxic Egg 2","Potion Belt"],"potions_floor_usage":[],"damage_taken":[{"damage":3.0,"enemies":"Small Slimes","floor":1.0,"turns":4.0},{"damage":0.0,"enemies":"Cultist","floor":2.0,"turns":4.0},{"damage":12.0,"enemies":"2 Louse","floor":7.0,"turns":2.0},{"damage":0.0,"enemies":"2 Fungi Beasts","floor":8.0,"turns":2.0},{"damage":8.0,"enemies":"Lots of Slimes","floor":10.0,"turns":2.0},{"damage":15.0,"enemies":"Lagavulin","floor":14.0,"turns":6.0},{"damage":81,"enemies":"Slime Boss","floor":16,"turns":10}],"seed_played":"3352811688645310328","potions_obtained":[{"floor":1.0,"key":"PowerPotion"},{"floor":8.0,"key":"Dexterity Potion"},{"floor":10.0,"key":"Weak Potion"}],"is_trial":false,"path_per_floor":["M","M","?","?","$","R","M","M","T","M","R","?","?","E","R","B"],"character_chosen":"THE_SILENT","items_purchased":["Dagger Spray"],"campfire_rested":2,"item_purchase_floors":[5],"current_hp_per_floor":[74,74,59,59,59,59,47,47,47,39,62,62,62,47,70,0],"gold":121,"neow_bonus":"ONE_RARE_RELIC","is_prod":false,"is_daily":false,"chose_seed":false,"campfire_upgraded":1,"win_rate":0.0,"timestamp":1549857702,"path_taken":["M","M","?","?","$","R","M","?","T","?","R","?","?","E","R","BOSS"],"build_version":"2019-01-23","purchased_purges":0,"victory":false,"max_hp_per_floor":[77,77,77,77,77,77,77,77,77,77,77,77,77,77,77,77],"card_choices":[{"not_picked":["Crippling Poison","Sucker Punch"],"picked":"Finisher","floor":1.0},{"not_picked":["Blade Dance","Bane"],"picked":"Deadly Poison","floor":2.0},{"not_picked":["Slice","Caltrops"],"picked":"Escape Plan","floor":7.0},{"not_picked":["Dagger Spray","Flying Knee"],"picked":"Backstab","floor":8.0},{"not_picked":["Prepared+1","Backstab"],"picked":"Burst+1","floor":10.0},{"not_picked":["Quick Slash","Masterful Stab"],"picked":"Backflip+1","floor":14}],"player_experience":30751,"relics_obtained":[{"floor":9.0,"key":"Toxic Egg 2"},{"floor":14,"key":"Potion Belt"}],"event_choices":[{"damage_healed":0.0,"max_hp_gain":0.0,"max_hp_loss":0.0,"gold_gain":0.0,"event_name":"Shining Light","player_choice":"Entered Light","floor":3.0,"gold_loss":0.0,"damage_taken":15.0,"cards_upgraded":["Defend_G","Strike_G"]},{"damage_healed":0.0,"max_hp_gain":0.0,"max_hp_loss":0.0,"gold_gain":0.0,"event_name":"Match and Keep!","player_choice":"1 cards matched","floor":4.0,"gold_loss":0.0,"damage_taken":0.0,"cards_obtained":["Outmaneuver"]},{"damage_healed":0.0,"max_hp_gain":0.0,"max_hp_loss":0.0,"gold_gain":0.0,"event_name":"World of Goop","player_choice":"Left Gold","floor":12.0,"gold_loss":36.0,"damage_taken":0.0},{"damage_healed":0.0,"max_hp_gain":0.0,"max_hp_loss":0.0,"gold_gain":0.0,"event_name":"Liars Game","player_choice":"Ignored","floor":13.0,"gold_loss":0.0,"damage_taken":0.0}],"is_beta":false,"boss_relics":[],"items_purged_floors":[],"is_endless":false,"potions_floor_spawned":[1,8,10],"killed_by":"Slime Boss","ascension_level":0}