{"path_per_floor":["M","M","M","?","M","R","E","R","T","R","M","?","E","?","R","B",null,"M","?","?","?","M","E","R","M","T","?","R","?","?","M","R"],"character_chosen":"THE_SILENT","items_purchased":[],"gold_per_floor":[118,131,142,317,335,335,362,362,362,362,374,374,402,428,428,525,525,536,536,536,536,549,580,580,599,599,599,599,599,599,614,614,614],"floor_reached":33,"campfire_rested":3,"playtime":1784,"current_hp_per_floor":[70,65,65,65,52,52,44,44,44,65,58,51,51,41,41,26,70,62,62,62,62,45,17,38,20,20,20,41,41,41,30,30,0],"items_purged":[],"gold":614,"score":297,"play_id":"0ba2d600-a0fb-436b-8ec5-100df5049a97","local_time":"20180417182804","is_prod":false,"is_daily":false,"chose_seed":false,"is_ascension_mode":false,"campfire_upgraded":4,"timestamp":1524004084,"path_taken":["M","M","M","?","?","R","E","R","T","R","M","?","E","?","R","BOSS","M","?","?","?","M","E","R","M","T","?","R","?","?","M","R","BOSS"],"build_version":"2018-04-12","seed_source_timestamp":0,"purchased_purges":0,"victory":false,"master_deck":["Defend_G","Defend_G","Defend_G","Defend_G","Strike_G","Strike_G","Strike_G","Survivor","Neutralize+1","Noxious Fumes+1","Doubt","Bane","Calculated Gamble","Escape Plan","Prepared+1","Tactician+1","Flechettes+1","Skewer+1","Quick Slash+1","Deadly Poison+1","Poisoned Stab+1","Backflip"],"max_hp_per_floor":[70,70,70,70,70,70,70,70,70,70,70,70,70,70,70,70,70,70,70,70,70,70,70,70,70,70,70,70,70,70,70,70,70],"relics":["Ring of the Snake","Molten Egg 2","Juzu Bracelet","Pantograph","Odd Mushroom","Astrolabe","Orichalcum","Mummified Hand","The Courier","Spirit Poop"],"card_choices":[{"not_picked":["Calculated Gamble","Riddle With Holes"],"picked":"Noxious Fumes","floor":1},{"not_picked":["Masterful Stab","Prepared"],"picked":"Bane","floor":5},{"not_picked":["Outmaneuver","Finisher"],"picked":"Calculated Gamble","floor":7},{"not_picked":["Flying Knee","Concentrate"],"picked":"Escape Plan","floor":13},{"not_picked":["Deflect","Eviscerate"],"picked":"Prepared","floor":14},{"not_picked":["Venomology","Grand Finale"],"picked":"Tactician","floor":16},{"not_picked":["PiercingWail","Outmaneuver"],"picked":"Deadly Poison","floor":18},{"not_picked":["Predator","Terror"],"picked":"Backflip","floor":25}],"player_experience":190848,"potions_floor_usage":[13,13,16,23,31],"damage_taken":[{"damage":0,"enemies":"Jaw Worm","floor":1,"turns":3},{"damage":5,"enemies":"2 Louse","floor":2,"turns":3},{"damage":0,"enemies":"Cultist","floor":3,"turns":5},{"damage":13,"enemies":"Red Slaver","floor":5,"turns":7},{"damage":8,"enemies":"3 Sentries","floor":7,"turns":7},{"damage":7,"enemies":"Blue Slaver","floor":11,"turns":4},{"damage":0,"enemies":"Gremlin Nob","floor":13,"turns":3},{"damage":10,"enemies":"The Mushroom Lair","floor":14,"turns":5},{"damage":40,"enemies":"Hexaghost","floor":16,"turns":11},{"damage":8,"enemies":"Spheric Guardian","floor":18,"turns":4},{"damage":17,"enemies":"2 Thieves","floor":22,"turns":4},{"damage":28,"enemies":"Book of Stabbing","floor":23,"turns":5},{"damage":18,"enemies":"Centurion and Healer","floor":25,"turns":6},{"damage":11,"enemies":"Snake Plant","floor":31,"turns":3},{"damage":59,"enemies":"Automaton","floor":33,"turns":6}],"event_choices":[{"event_name":"Liars Game","player_choice":"agreed","floor":4,"damage_taken":0},{"event_name":"Wheel of Change","player_choice":"Damage","floor":12,"damage_taken":0},{"event_name":"Mushrooms","player_choice":"Fought Mushrooms","floor":14,"damage_taken":0},{"event_name":"Vampires","player_choice":"Ignored","floor":19,"damage_taken":0},{"event_name":"The Library","player_choice":"Read","floor":20,"damage_taken":0},{"event_name":"Forgotten Altar","player_choice":"Smashed Altar","floor":21,"damage_taken":0},{"event_name":"The Mausoleum","player_choice":"Yes","floor":27,"damage_taken":0},{"event_name":"Drug Dealer","player_choice":"Ignored","floor":29,"damage_taken":0},{"event_name":"Bonfire Elementals","player_choice":"CURSE","floor":30,"damage_taken":0}],"boss_relics":[{"not_picked":["Tiny House","Pandora\u0027s Box"],"picked":"Astrolabe"}],"potions_floor_spawned":[1,2,11,16,18],"seed_played":"-2206319107578057818","killed_by":"Automaton","ascension_level":0,"is_trial":false}