{"gold_per_floor":[114,129,144,219,234,234,234,249,324,324,339,339,339,354,354,454,454,469,469,484,499,514,544,544,559,559,559,574,589,619,634,634,734,734,749,749,474,474,24,54,54,84,84,84,99,147,162,177,177,177],"floor_reached":51,"playtime":3120,"items_purged":["Sucker Punch"],"score":718,"play_id":"d88604af-1759-4423-bc99-409e6db47ca8","local_time":"20181126230927","daily_mods":["Draft","Green Cards","Night Terrors"],"is_ascension_mode":false,"campfire_choices":[{"data":"Infinite Blades","floor":6,"key":"SMITH"},{"data":"Accuracy","floor":10,"key":"SMITH"},{"data":"Cloak And Dagger","floor":12,"key":"SMITH"},{"data":"Disarm","floor":15,"key":"SMITH"},{"data":"Cloak And Dagger","floor":24,"key":"SMITH"},{"data":"Blade Dance","floor":27,"key":"SMITH"},{"data":"Noxious Fumes","floor":32,"key":"SMITH"},{"floor":41,"key":"REST"},{"data":"Madness","floor":44,"key":"SMITH"},{"floor":49,"key":"REST"}],"neow_cost":"","seed_source_timestamp":0,"circlet_count":0,"master_deck":["Infinite Blades+1","Seeing Red","Dodge and Roll","Cloak And Dagger+1","Backflip","Disarm+1","Cloak And Dagger+1","Intimidate","Accuracy+1","Prepared","Expertise","Thunderclap","Bouncing Flask","Spot Weakness","Ghostly Armor","Venomology+1","Blade Dance+1","Metallicize","Whirlwind+1","Noxious Fumes+1","Madness+1","Madness","The Bomb","Iron Wave+1","A Thousand Cuts"],"special_seed":17861,"relics":["Black Blood","Dodecahedron","Torii","Anchor","Darkstone Periapt","Orrery","HandDrill","Shuriken","Sling","Prayer Wheel","Ginger","Molten Egg 2","Charon\u0027s Ashes"],"potions_floor_usage":[18,20,21,22,22,23,25,28,29,30,31,33,35,46,46,50,50],"damage_taken":[{"damage":1,"enemies":"Jaw Worm","floor":1,"turns":4},{"damage":0,"enemies":"Small Slimes","floor":2,"turns":3},{"damage":0,"enemies":"Cultist","floor":3,"turns":5},{"damage":7,"enemies":"3 Louse","floor":5,"turns":3},{"damage":0,"enemies":"Blue Slaver","floor":8,"turns":5},{"damage":8,"enemies":"Red Slaver","floor":11,"turns":5},{"damage":7,"enemies":"Exordium Wildlife","floor":14,"turns":4},{"damage":17,"enemies":"Hexaghost","floor":16,"turns":8},{"damage":3,"enemies":"3 Byrds","floor":18,"turns":6},{"damage":8,"enemies":"Chosen","floor":20,"turns":5},{"damage":2,"enemies":"3 Cultists","floor":21,"turns":5},{"damage":0,"enemies":"Sentry and Sphere","floor":22,"turns":4},{"damage":20,"enemies":"Book of Stabbing","floor":23,"turns":5},{"damage":1,"enemies":"Snake Plant","floor":25,"turns":5},{"damage":1,"enemies":"Centurion and Healer","floor":28,"turns":7},{"damage":0,"enemies":"Snecko","floor":29,"turns":5},{"damage":25,"enemies":"Slavers","floor":30,"turns":5},{"damage":26,"enemies":"3 Cultists","floor":31,"turns":6},{"damage":41,"enemies":"Champ","floor":33,"turns":9},{"damage":4,"enemies":"Orb Walker","floor":35,"turns":5},{"damage":90,"enemies":"Reptomancer","floor":40,"turns":8},{"damage":17,"enemies":"Nemesis","floor":42,"turns":7},{"damage":19,"enemies":"3 Shapes","floor":45,"turns":4},{"damage":40,"enemies":"2 Orb Walkers","floor":46,"turns":5},{"damage":2,"enemies":"Jaw Worm Horde","floor":47,"turns":3},{"damage":16,"enemies":"Writhing Mass","floor":48,"turns":6},{"damage":70,"enemies":"Donu and Deca","floor":50,"turns":7}],"seed_played":"2208909226948052385","potions_obtained":[{"floor":2,"key":"SteroidPotion"},{"floor":7,"key":"Poison Potion"},{"floor":7,"key":"FairyPotion"},{"floor":20,"key":"Dexterity Potion"},{"floor":21,"key":"Fire Potion"},{"floor":22,"key":"Energy Potion"},{"floor":33,"key":"EntropicBrew"},{"floor":42,"key":"SpeedPotion"},{"floor":45,"key":"EssenceOfSteel"}],"is_trial":false,"path_per_floor":["M","M","M","?","M","R","?","M","T","R","M","R","?","M","R","B",null,"M","?","M","M","M","E","R","M","T","R","M","M","E","M","R","B",null,"M","?","$","?","$","E","R","E","T","R","M","?","M","M","R","B",null],"character_chosen":"IRONCLAD","items_purchased":["HandDrill","Shuriken","Sling"],"campfire_rested":2,"item_purchase_floors":[37,39,39],"current_hp_per_floor":[80,80,80,69,68,68,68,74,74,74,72,72,72,71,71,60,80,80,80,80,80,80,70,70,79,79,79,80,80,65,49,49,18,80,80,70,70,70,70,18,75,68,68,68,59,29,37,31,70,17],"gold":177,"neow_bonus":"","is_prod":false,"is_daily":true,"chose_seed":false,"campfire_upgraded":8,"win_rate":0,"timestamp":1543270167,"path_taken":["M","M","M","?","M","R","?","?","T","R","M","R","?","M","R","BOSS","M","?","?","M","M","E","R","M","T","R","M","M","E","M","R","BOSS","M","?","$","?","$","E","R","E","T","R","?","?","M","M","R","BOSS"],"build_version":"2018-11-15","purchased_purges":1,"victory":true,"max_hp_per_floor":[80,80,80,80,80,80,80,80,80,80,80,80,80,80,80,80,80,80,80,80,80,80,80,80,80,80,80,80,80,80,80,80,80,80,80,80,80,80,80,80,75,75,75,75,75,75,75,75,70,70],"card_choices":[{"not_picked":["True Grit","Cleave"],"picked":"Infinite Blades","floor":0},{"not_picked":["Clash","Wild Strike"],"picked":"Seeing Red","floor":0},{"not_picked":["Flex","Outmaneuver"],"picked":"Dodge and Roll","floor":0},{"not_picked":["Noxious Fumes","Heel Hook"],"picked":"Cloak And Dagger","floor":0},{"not_picked":["Shrug It Off","Wild Strike"],"picked":"Backflip","floor":0},{"not_picked":["Thunderclap","All Out Attack"],"picked":"Disarm","floor":0},{"not_picked":["Underhanded Strike","Flame Barrier"],"picked":"Cloak And Dagger","floor":0},{"not_picked":["Headbutt","Shockwave"],"picked":"Intimidate","floor":0},{"not_picked":["Anger","Bane"],"picked":"Accuracy","floor":0},{"not_picked":["Twin Strike","Sucker Punch"],"picked":"Prepared","floor":0},{"not_picked":["Flame Barrier","Concentrate"],"picked":"Expertise","floor":0},{"not_picked":["Sword Boomerang","Quick Slash"],"picked":"Sucker Punch","floor":0},{"not_picked":["Dagger Spray","Endless Agony"],"picked":"Thunderclap","floor":0},{"not_picked":["Perfected Strike","True Grit"],"picked":"Bouncing Flask","floor":0},{"not_picked":["Backflip","Clothesline"],"picked":"Spot Weakness","floor":0},{"not_picked":["Wild Strike","Entrench","Pommel Strike"],"picked":"SKIP","floor":1},{"not_picked":["Quick Slash","Sword Boomerang"],"picked":"True Grit","floor":2},{"not_picked":["Slice","Dual Wield"],"picked":"Ghostly Armor","floor":3},{"not_picked":["Inflame","Expertise","Rampage"],"picked":"SKIP","floor":5},{"not_picked":["Inflame","Expertise","Rampage"],"picked":"SKIP","floor":5},{"not_picked":["Body Slam","Infernal Blade","Dodge and Roll"],"picked":"SKIP","floor":8},{"not_picked":["Glass Knife","Corruption","Endless Agony"],"picked":"SKIP","floor":11},{"not_picked":["Deadly Poison","Sword Boomerang","Acrobatics"],"picked":"SKIP","floor":14},{"not_picked":["Limit Break","Grand Finale"],"picked":"Venomology","floor":16},{"not_picked":["Endless Agony","Twin Strike","Cleave"],"picked":"SKIP","floor":18},{"not_picked":["Dodge and Roll","Heavy Blade"],"picked":"Blade Dance","floor":20},{"not_picked":["Clothesline","Wild Strike"],"picked":"Metallicize","floor":21},{"not_picked":["Heavy Blade","Slice+1","Reckless Charge+1"],"picked":"SKIP","floor":22},{"not_picked":["Bullet Time","Blur","Doppelganger"],"picked":"SKIP","floor":23},{"not_picked":["Twin Strike","Pommel Strike"],"picked":"Whirlwind+1","floor":25},{"not_picked":["Flex","Prepared","Flying Knee"],"picked":"SKIP","floor":28},{"not_picked":["Havoc+1","Acrobatics","Headbutt"],"picked":"SKIP","floor":29},{"not_picked":["Endless Agony+1","Perfected Strike"],"picked":"Noxious Fumes","floor":30},{"not_picked":["Warcry","Rupture+1","Poisoned Stab"],"picked":"SKIP","floor":31},{"not_picked":["Cloak And Dagger","Predator+1","Dagger Throw+1"],"picked":"SKIP","floor":35},{"not_picked":["Enlightenment","Impatience"],"picked":"The Bomb","floor":38},{"not_picked":["Thunderclap+1","Rage+1","Dash"],"picked":"SKIP","floor":40},{"not_picked":["Flex","Heavy Blade+1","Reflex"],"picked":"SKIP","floor":42},{"not_picked":["Body Slam+1","Twin Strike+1"],"picked":"Iron Wave+1","floor":45},{"not_picked":["Feel No Pain","Predator+1","Uppercut+1"],"picked":"SKIP","floor":45},{"not_picked":["All Out Attack+1","Shrug It Off+1"],"picked":"A Thousand Cuts","floor":46},{"not_picked":["Bane+1","Havoc","Escape Plan"],"picked":"SKIP","floor":47},{"not_picked":["Flex","Twin Strike+1","Wild Strike+1"],"picked":"SKIP","floor":47},{"not_picked":["Bullet Time","Pommel Strike+1","Fire Breathing+1"],"picked":"SKIP","floor":48},{"not_picked":["Entrench","Combust","Blood for Blood+1"],"picked":"SKIP","floor":48}],"player_experience":561401,"relics_obtained":[{"floor":9,"key":"Dodecahedron"},{"floor":23,"key":"Torii"},{"floor":26,"key":"Anchor"},{"floor":30,"key":"Darkstone Periapt"},{"floor":40,"key":"Prayer Wheel"},{"floor":42,"key":"Ginger"},{"floor":43,"key":"Molten Egg 2"},{"floor":46,"key":"Charon\u0027s Ashes"}],"event_choices":[{"damage_healed":0,"gold_gain":75,"player_choice":"Gather Gold","damage_taken":11,"max_hp_gain":0,"max_hp_loss":0,"event_name":"World of Goop","floor":4,"gold_loss":0},{"damage_healed":0,"gold_gain":0,"player_choice":"Got Potions","damage_taken":0,"max_hp_gain":0,"max_hp_loss":0,"event_name":"Lab","floor":7,"gold_loss":0},{"cards_removed":["True Grit"],"damage_healed":0,"gold_gain":0,"player_choice":"Forget","damage_taken":0,"max_hp_gain":0,"max_hp_loss":0,"event_name":"Living Wall","floor":13,"gold_loss":0},{"damage_healed":0,"gold_gain":0,"player_choice":"Forge","damage_taken":0,"max_hp_gain":0,"max_hp_loss":0,"event_name":"Accursed Blacksmith","floor":19,"gold_loss":0,"cards_upgraded":["Venomology"]},{"damage_healed":0,"gold_gain":0,"player_choice":"Embrace Madness","damage_taken":10,"max_hp_gain":0,"max_hp_loss":0,"event_name":"Winding Halls","floor":36,"gold_loss":0,"cards_obtained":["Madness","Madness"]},{"damage_healed":0,"gold_gain":0,"player_choice":"Memory 1","damage_taken":0,"max_hp_gain":0,"max_hp_loss":0,"event_name":"SensoryStone","floor":38,"gold_loss":0},{"damage_healed":0,"gold_gain":0,"player_choice":"Fight","damage_taken":0,"max_hp_gain":0,"max_hp_loss":0,"event_name":"Mysterious Sphere","floor":46,"gold_loss":0}],"is_beta":false,"boss_relics":[{"not_picked":["Tiny House","Runic Cube"],"picked":"Black Blood"},{"not_picked":["Philosopher\u0027s Stone","Astrolabe"],"picked":"Orrery"}],"items_purged_floors":[37],"is_endless":false,"potions_floor_spawned":[2,14,16,20,21,22,23,33,42,45],"ascension_level":0}