{"gold_per_floor":[119,119,139,32,43,43,63,63,63,96,113,113,113,189,189,291,291,307,307,34,54,54,54,54,54],"floor_reached":25,"playtime":1032,"items_purged":[],"score":229,"play_id":"1ccf7f04-4df1-45c9-92cd-5bf2c5ffa476","local_time":"20181215203447","is_ascension_mode":true,"campfire_choices":[{"data":"Noxious Fumes","floor":6,"key":"SMITH"},{"data":"Neutralize","floor":8,"key":"SMITH"},{"floor":13,"key":"REST"},{"floor":15,"key":"REST"},{"data":"Footwork","floor":23,"key":"SMITH"}],"neow_cost":"NONE","seed_source_timestamp":215659548618600,"circlet_count":0,"master_deck":["Defend_G","Defend_G","Defend_G","Defend_G","Defend_G","Strike_G","Strike_G","Strike_G","Strike_G","Survivor","Neutralize+1","Noxious Fumes+1","Bouncing Flask","Blur","Well Laid Plans","Crippling Poison","Dodge and Roll","Adrenaline","Footwork+1","Acrobatics+1"],"relics":["Ring of the Snake","Sundial","StoneCalendar","PreservedInsect","Mummified Hand","Philosopher\u0027s Stone","TwistedFunnel","Shovel"],"potions_floor_usage":[10,19],"damage_taken":[{"damage":5,"enemies":"Cultist","floor":1,"turns":5},{"damage":0,"enemies":"2 Louse","floor":3,"turns":3},{"damage":4,"enemies":"Jaw Worm","floor":5,"turns":7},{"damage":5,"enemies":"3 Louse","floor":7,"turns":4},{"damage":31,"enemies":"Gremlin Nob","floor":10,"turns":5},{"damage":5,"enemies":"Exordium Wildlife","floor":11,"turns":5},{"damage":26,"enemies":"Slime Boss","floor":16,"turns":7},{"damage":40,"enemies":"3 Byrds","floor":18,"turns":4},{"damage":0,"enemies":"Masked Bandits","floor":19,"turns":2},{"damage":14,"enemies":"Chosen","floor":21,"turns":5},{"damage":25,"enemies":"Slavers","floor":25,"turns":2}],"seed_played":"472168875738153050","potions_obtained":[{"floor":3,"key":"Strength Potion"},{"floor":10,"key":"SmokeBomb"},{"floor":18,"key":"SneckoOil"}],"is_trial":false,"path_per_floor":["M","?","M","$","M","R","M","R","T","E","M","?","R","T","R","B",null,"M","?","$","M","T","R","?","E"],"character_chosen":"THE_SILENT","items_purchased":["Blur","Well Laid Plans","Footwork","TwistedFunnel"],"campfire_rested":2,"item_purchase_floors":[4,4,20,20],"current_hp_per_floor":[72,65,65,65,61,61,56,56,56,25,20,13,36,36,59,33,77,37,37,37,23,23,23,23,0],"gold":54,"neow_bonus":"TEN_PERCENT_HP_BONUS","is_prod":false,"is_daily":false,"chose_seed":false,"campfire_upgraded":3,"win_rate":0,"timestamp":1544902487,"path_taken":["M","?","M","$","M","R","M","R","T","E","M","?","R","?","R","BOSS","M","?","$","M","?","R","?","E"],"build_version":"2018-12-13","purchased_purges":0,"victory":false,"max_hp_per_floor":[77,77,77,77,77,77,77,77,77,77,77,77,77,77,77,77,77,77,77,77,77,77,77,77,77],"card_choices":[{"not_picked":["Bane","Riddle With Holes"],"picked":"Noxious Fumes","floor":1},{"not_picked":["Predator","Flying Knee"],"picked":"Bouncing Flask","floor":3},{"not_picked":["Slice","Deadly Poison"],"picked":"Crippling Poison","floor":5},{"not_picked":["Outmaneuver","Dagger Throw"],"picked":"Dodge and Roll","floor":7},{"not_picked":["Flying Knee","Caltrops","Riddle With Holes"],"picked":"SKIP","floor":10},{"not_picked":["Slice","Sucker Punch","All Out Attack"],"picked":"SKIP","floor":11},{"not_picked":["Storm of Steel","Venomology"],"picked":"Adrenaline","floor":16},{"not_picked":["Bane","Infinite Blades","Outmaneuver"],"picked":"SKIP","floor":18},{"not_picked":["Bane+1","Slice"],"picked":"Acrobatics+1","floor":21}],"player_experience":269424,"relics_obtained":[{"floor":9,"key":"Sundial"},{"floor":10,"key":"StoneCalendar"},{"floor":14,"key":"Mummified Hand"},{"floor":22,"key":"Shovel"}],"event_choices":[{"cards_removed":["Strike_G"],"damage_healed":0,"gold_gain":0,"player_choice":"Card Removal","damage_taken":7,"max_hp_gain":0,"max_hp_loss":0,"event_name":"Golden Wing","floor":2,"gold_loss":0},{"damage_healed":0,"gold_gain":0,"player_choice":"Success","damage_taken":7,"relics_obtained":["PreservedInsect"],"max_hp_gain":0,"max_hp_loss":0,"event_name":"Scrap Ooze","floor":12,"gold_loss":0},{"damage_healed":0,"gold_gain":0,"player_choice":"Fought Bandits","damage_taken":0,"max_hp_gain":0,"max_hp_loss":0,"event_name":"Masked Bandits","floor":19,"gold_loss":0},{"damage_healed":0,"gold_gain":0,"player_choice":"Ignored","damage_taken":0,"max_hp_gain":0,"max_hp_loss":0,"event_name":"Beggar","floor":24,"gold_loss":0}],"is_beta":false,"boss_relics":[{"not_picked":["White Beast Statue","Empty Cage"],"picked":"Philosopher\u0027s Stone"}],"items_purged_floors":[],"is_endless":false,"potions_floor_spawned":[3,10,18],"killed_by":"Slavers","ascension_level":3}