{"gold_per_floor":[115,1,1,15,0,34,34,34,34,52,52,70,70,80,80,178,178,188,198,212,232,232,232,251,251,278,178,197,197],"floor_reached":29,"playtime":1445,"items_purged":["Defend_B","Defend_B"],"score":238,"play_id":"9afa33df-ba0f-4f59-9863-77f988ecc91c","local_time":"20190305003352","is_ascension_mode":true,"campfire_choices":[{"data":"Genetic Algorithm","floor":7,"key":"SMITH"},{"data":"Dualcast","floor":11,"key":"SMITH"},{"data":"Conserve Battery","floor":13,"key":"SMITH"},{"data":"Reinforced Body","floor":15,"key":"SMITH"},{"floor":23,"key":"REST"},{"floor":25,"key":"REST"}],"neow_cost":"NONE","seed_source_timestamp":45239074065155,"circlet_count":0,"master_deck":["Strike_B","Strike_B","Strike_B","Defend_B","Defend_B","Zap+1","Dualcast+1","Cold Snap","Reinforced Body+1","Genetic Algorithm+1","Barrage","Conserve Battery+1","Thunder Strike","Tempest+1","Conserve Battery+1","Tempest","Leap+1"],"relics":["Cracked Core","Blood Vial","Vajra","Black Star","Nilry\u0027s Codex","Bronze Scales"],"potions_floor_usage":[6,14,16,18,18,18,18,19,24],"damage_taken":[{"damage":0,"enemies":"Small Slimes","floor":1,"turns":2},{"damage":0,"enemies":"Jaw Worm","floor":4,"turns":3},{"damage":31,"enemies":"Gremlin Nob","floor":6,"turns":4},{"damage":0,"enemies":"2 Louse","floor":10,"turns":2},{"damage":0,"enemies":"Blue Slaver","floor":12,"turns":3},{"damage":0,"enemies":"Large Slime","floor":14,"turns":6},{"damage":16,"enemies":"The Guardian","floor":16,"turns":11},{"damage":0,"enemies":"Spheric Guardian","floor":18,"turns":3},{"damage":18,"enemies":"3 Byrds","floor":19,"turns":5},{"damage":15,"enemies":"Snecko","floor":20,"turns":6},{"damage":12,"enemies":"Shelled Parasite and Fungi","floor":21,"turns":5},{"damage":36,"enemies":"Sentry and Sphere","floor":24,"turns":6},{"damage":21,"enemies":"Snake Plant","floor":28,"turns":2},{"damage":13,"enemies":"3 Cultists","floor":29,"turns":4}],"seed_played":"-4752876942061514194","potions_obtained":[{"floor":1,"key":"LiquidBronze"},{"floor":6,"key":"Dexterity Potion"},{"floor":14,"key":"PowerPotion"},{"floor":16,"key":"EntropicBrew"},{"floor":18,"key":"PowerPotion"},{"floor":21,"key":"Swift Potion"}],"is_trial":false,"path_per_floor":["M","$","?","M","?","E","R","?","T","M","R","M","R","M","R","B",null,"M","M","M","M","?","R","M","R","T","$","M","M"],"character_chosen":"DEFECT","items_purchased":["Reinforced Body"],"campfire_rested":2,"item_purchase_floors":[2],"current_hp_per_floor":[75,75,75,75,75,44,44,37,37,39,39,41,41,43,43,29,75,75,57,44,34,18,40,6,28,28,28,9,0],"gold":197,"neow_bonus":"UPGRADE_CARD","is_prod":false,"is_daily":false,"chose_seed":false,"campfire_upgraded":4,"win_rate":0,"timestamp":1551774832,"path_taken":["M","$","?","M","?","E","R","?","T","M","R","M","R","M","R","BOSS","M","M","M","M","?","R","M","R","T","$","M","M"],"build_version":"2019-01-23","purchased_purges":2,"victory":false,"max_hp_per_floor":[75,75,75,75,75,75,75,75,75,75,75,75,75,75,75,75,75,75,75,75,75,75,75,75,75,75,75,75,75],"card_choices":[{"not_picked":["Storm","Turbo"],"picked":"Cold Snap","floor":1},{"not_picked":["Scrape","Rebound"],"picked":"Genetic Algorithm","floor":4},{"not_picked":["Go for the Eyes","Reprogram","Storm"],"picked":"SKIP","floor":6},{"not_picked":["Capacitor","Gash"],"picked":"Barrage","floor":10},{"not_picked":["Reboot","Force Field"],"picked":"Conserve Battery","floor":12},{"not_picked":["Storm","Coolheaded","Beam Cell"],"picked":"SKIP","floor":14},{"not_picked":["Multi-Cast","Rainbow"],"picked":"Thunder Strike","floor":16},{"not_picked":["Force Field+1","Compile Driver","Beam Cell"],"picked":"SKIP","floor":18},{"not_picked":["Leap","Gash"],"picked":"Tempest+1","floor":19},{"not_picked":["Blizzard","Coolheaded"],"picked":"Conserve Battery+1","floor":20},{"not_picked":["Coolheaded+1","Chaos","Redo"],"picked":"SKIP","floor":21},{"not_picked":["Lockon","Ball Lightning"],"picked":"Tempest","floor":24},{"not_picked":["Beam Cell","Blizzard"],"picked":"Leap+1","floor":28}],"player_experience":273535,"relics_obtained":[{"floor":6,"key":"Blood Vial"},{"floor":9,"key":"Vajra"},{"floor":22,"key":"Nilry\u0027s Codex"},{"floor":26,"key":"Bronze Scales"}],"event_choices":[{"damage_healed":0,"gold_gain":0,"player_choice":"Ignored","damage_taken":0,"max_hp_gain":0,"max_hp_loss":0,"event_name":"Shining Light","floor":3,"gold_loss":0},{"damage_healed":0,"gold_gain":0,"player_choice":"Left Gold","damage_taken":0,"max_hp_gain":0,"max_hp_loss":0,"event_name":"World of Goop","floor":5,"gold_loss":15},{"cards_removed":["Strike_B"],"damage_healed":0,"gold_gain":0,"player_choice":"Card Removal","damage_taken":7,"max_hp_gain":0,"max_hp_loss":0,"event_name":"Golden Wing","floor":8,"gold_loss":0},{"damage_healed":0,"gold_gain":0,"player_choice":"Obtained Book","damage_taken":16,"max_hp_gain":0,"max_hp_loss":0,"event_name":"Cursed Tome","floor":22,"gold_loss":0}],"is_beta":false,"boss_relics":[{"not_picked":["Cursed Key","Fusion Hammer"],"picked":"Black Star"}],"items_purged_floors":[2,27],"is_endless":false,"potions_floor_spawned":[1,6,14,16,18,21],"killed_by":"3 Cultists","ascension_level":1}