{"path_per_floor":["M","M","M","?","M","E","?","E","T","R","M","R","?","E","R"],"character_chosen":"THE_SILENT","items_purchased":[],"gold_per_floor":[117,134,153,153,169,201,201,234,234,234,251,251,251,284,284],"floor_reached":16,"campfire_rested":0,"playtime":1324,"current_hp_per_floor":[70,70,70,75,70,44,44,17,17,17,16,16,16,17,17],"items_purged":[],"gold":284,"score":120,"play_id":"f8070390-c852-4f70-9de9-f0e05eccd74f","local_time":"20180314233133","is_prod":false,"is_daily":false,"is_ascension_mode":false,"campfire_upgraded":3,"timestamp":1521066693,"path_taken":["M","M","M","?","M","E","?","E","T","R","?","R","?","E","R","BOSS"],"build_version":"2018-03-09","purchased_purges":0,"victory":false,"master_deck":["Defend_G","Defend_G","Defend_G","Defend_G","Strike_G","Strike_G","Strike_G","Strike_G","Survivor","Neutralize","Venomology","Poisoned Stab","Poisoned Stab+1","Prepared+1","Crippling Poison+1","Tactician","Bouncing Flask"],"max_hp_per_floor":[70,70,70,75,75,75,75,75,75,75,75,75,75,75,75],"relics":["Ring of the Snake","Centennial Puzzle","Anchor","Du-Vu Doll","Pen Nib"],"card_choices":[{"not_picked":["Dagger Spray","Deflect"],"picked":"Poisoned Stab"},{"not_picked":["Blade Dance","Dodge and Roll"],"picked":"Poisoned Stab"},{"not_picked":["Sucker Punch","Masterful Stab"],"picked":"Prepared"},{"not_picked":["Calculated Gamble","Finisher"],"picked":"Crippling Poison"},{"not_picked":["Expertise","Prepared"],"picked":"Tactician"},{"not_picked":["Acrobatics","Deadly Poison"],"picked":"Bouncing Flask"}],"player_experience":192994,"potions_floor_usage":[3,5,6,6,8,14,16,16,16,16],"damage_taken":[{"damage":0,"enemies":"Cultist","floor":1,"turns":5},{"damage":0,"enemies":"2 Louse","floor":2,"turns":4},{"damage":0,"enemies":"Jaw Worm","floor":3,"turns":4},{"damage":5,"enemies":"3 Louse","floor":5,"turns":4},{"damage":26,"enemies":"Lagavulin","floor":6,"turns":7},{"damage":27,"enemies":"3 Sentries","floor":8,"turns":8},{"damage":1,"enemies":"Exordium Thugs","floor":11,"turns":4},{"damage":14,"enemies":"Lagavulin","floor":14,"turns":6},{"damage":17,"enemies":"Slime Boss","floor":16,"turns":6}],"event_choices":[{"event_name":"Big Fish","player_choice":"Donut","floor":4,"damage_taken":0},{"event_name":"Wheel of Change","player_choice":"Card Removal","floor":7,"damage_taken":0},{"event_name":"The Lab","player_choice":"Got Potions","floor":13,"damage_taken":0}],"boss_relics":[],"potions_floor_spawned":[2,11],"seed_played":"-8003144323420313684","killed_by":"Slime Boss","ascension_level":0,"is_trial":false}