{"path_per_floor":["M","?","T","M","$","E","R","M","T","E","?","$","M","M","R","B",null,"M","?","M","M","M","E","?"],"character_chosen":"THE_SILENT","items_purchased":["Wraith Form","Noxious Fumes"],"gold_per_floor":[110,60,60,79,12,39,39,51,51,79,79,9,23,39,39,141,141,160,85,96,116,130,155,155],"floor_reached":25,"campfire_rested":0,"playtime":2080,"current_hp_per_floor":[68,68,68,65,65,48,48,46,46,31,17,17,15,13,13,9,70,65,65,60,57,43,6,6],"items_purged":[],"gold":155,"score":233,"play_id":"d77d3bf7-56f6-42de-93eb-ae6261168415","local_time":"20180302143402","is_prod":false,"is_daily":false,"is_ascension_mode":false,"campfire_upgraded":1,"timestamp":1519997642,"path_taken":["M","?","?","M","$","E","R","?","T","E","?","?","M","M","R","BOSS","M","?","M","M","M","E","?","E"],"build_version":"2018-03-01-PROD1","purchased_purges":0,"victory":false,"master_deck":["Defend_G","Defend_G","Defend_G","Defend_G+1","Defend_G","Strike_G","Strike_G","Strike_G","Survivor","Neutralize+1","Bouncing Flask","Wraith Form","Poisoned Stab","Footwork","Poisoned Stab","Noxious Fumes+1","Backstab","Leg Sweep","Adrenaline","Phantasmal Killer","Distraction","Flechettes","Deadly Poison","Dodge and Roll+1","Escape Plan"],"max_hp_per_floor":[70,70,70,70,70,70,70,70,70,70,70,70,70,70,70,70,70,70,70,70,70,70,70,70],"relics":["Ring of the Snake","Shovel","Mummified Hand","Ancient Tea Set","Frozen Eye","Pen Nib","Orrery","Oddly Smooth Stone"],"card_choices":[{"not_picked":["Deadly Poison","All Out Attack"],"picked":"Bouncing Flask"},{"not_picked":["Acrobatics","Deadly Poison"],"picked":"Poisoned Stab"},{"not_picked":["Flechettes","Dagger Spray"],"picked":"Footwork"},{"not_picked":["Glass Knife","Bane"],"picked":"Poisoned Stab"},{"not_picked":["Dodge and Roll","Dash"],"picked":"Backstab"},{"not_picked":["Predator","Underhanded Strike"],"picked":"Leg Sweep"},{"not_picked":["Night Terror","Burst"],"picked":"Adrenaline"},{"not_picked":["Expertise","Backflip"],"picked":"Phantasmal Killer"},{"not_picked":["Quick Slash","Masterful Stab"],"picked":"Distraction"},{"not_picked":["Dagger Spray","Acrobatics"],"picked":"Flechettes"},{"not_picked":["Dodge and Roll","Reflex"],"picked":"Deadly Poison"},{"not_picked":["Prepared","Underhanded Strike"],"picked":"Dodge and Roll"},{"not_picked":["Flying Knee","Deflect"],"picked":"Escape Plan"}],"player_experience":169856,"potions_floor_usage":[23],"damage_taken":[{"damage":2.0,"enemies":"2 Louse","floor":1.0,"turns":3.0},{"damage":3.0,"enemies":"Jaw Worm","floor":4.0,"turns":6.0},{"damage":17.0,"enemies":"Lagavulin","floor":6.0,"turns":8.0},{"damage":2.0,"enemies":"Cultist","floor":8.0,"turns":5.0},{"damage":15.0,"enemies":"3 Sentries","floor":10.0,"turns":11.0},{"damage":2.0,"enemies":"Large Slime","floor":13.0,"turns":5.0},{"damage":2.0,"enemies":"Looter","floor":14.0,"turns":2.0},{"damage":4.0,"enemies":"Hexaghost","floor":16.0,"turns":8.0},{"damage":5.0,"enemies":"3 Byrds","floor":18.0,"turns":4.0},{"damage":5.0,"enemies":"Shell Parasite","floor":20.0,"turns":6.0},{"damage":3.0,"enemies":"Snake Plant","floor":21.0,"turns":6.0},{"damage":14.0,"enemies":"Slaver and Parasite","floor":22.0,"turns":8.0},{"damage":37,"enemies":"Book of Stabbing","floor":23,"turns":8},{"damage":8,"enemies":"Slavers","floor":25,"turns":1}],"event_choices":[{"event_name":"The Cleric","player_choice":"Card Removal","floor":2.0,"damage_taken":0.0},{"event_name":"Shining Light","player_choice":"Entered Light","floor":11.0,"damage_taken":0.0},{"event_name":"Beggar","player_choice":"Gave Gold","floor":19.0,"damage_taken":0.0},{"event_name":"Cursed Tome","player_choice":"Ignored","floor":24,"damage_taken":0}],"boss_relics":[],"potions_floor_spawned":[6,8,13,16,21,22],"seed_played":"691478678542845831","killed_by":"Slavers","ascension_level":0,"is_trial":false}