{"gold_per_floor":[360,360,375,75,93,93,118,118,200,227,34,49,24,57,57,153,153,170,85,101,21,21,47,47,47,72,102,102,102],"floor_reached":29,"playtime":2008,"items_purged":["Strike_B","Hello World"],"score":378,"play_id":"ea6fcc0a-a955-4504-a10c-636c6c738608","local_time":"20190104124415","is_ascension_mode":true,"campfire_choices":[{"data":"Recycle","floor":6,"key":"SMITH"},{"data":"Static Discharge","floor":8,"key":"SMITH"},{"data":"Hologram","floor":15,"key":"SMITH"},{"floor":24,"key":"REST"}],"neow_cost":"TEN_PERCENT_HP_LOSS","seed_source_timestamp":1338544317795200,"circlet_count":0,"master_deck":["Zap","Dualcast","Sunder+1","Glacier","Static Discharge+1","Recycle+1","Go for the Eyes","Machine Learning","Hologram+1","Melter","Electrodynamics","Turbo","Force Field","Streamline","Echo Form","Rebound","Storm","Coolheaded+1","Capacitor","Amplify"],"relics":["Cracked Core","PreservedInsect","War Paint","Mercury Hourglass","Question Card","ClockworkSouvenir","Strawberry","Pandora\u0027s Box","The Courier","Centennial Puzzle","Potion Belt","Dream Catcher"],"potions_floor_usage":[27,27],"damage_taken":[{"damage":0,"enemies":"2 Louse","floor":1,"turns":2},{"damage":1,"enemies":"Cultist","floor":3,"turns":3},{"damage":1,"enemies":"Jaw Worm","floor":5,"turns":4},{"damage":0,"enemies":"Gremlin Nob","floor":7,"turns":2},{"damage":7,"enemies":"Lagavulin","floor":10,"turns":6},{"damage":8,"enemies":"Exordium Thugs","floor":12,"turns":3},{"damage":2,"enemies":"3 Sentries","floor":14,"turns":3},{"damage":36,"enemies":"Hexaghost","floor":16,"turns":9},{"damage":6,"enemies":"Spheric Guardian","floor":18,"turns":3},{"damage":10,"enemies":"Shell Parasite","floor":20,"turns":4},{"damage":10,"enemies":"Gremlin Leader","floor":23,"turns":4},{"damage":30,"enemies":"Slavers","floor":27,"turns":2},{"damage":19,"enemies":"Centurion and Healer","floor":29,"turns":1}],"seed_played":"8080114928504363773","potions_obtained":[{"floor":7,"key":"FearPotion"},{"floor":12,"key":"Strength Potion"},{"floor":14,"key":"EntropicBrew"},{"floor":20,"key":"EssenceOfSteel"},{"floor":23,"key":"SteroidPotion"}],"is_trial":false,"path_per_floor":["M","?","M","$","M","R","E","R","T","E","$","M","$","E","R","B",null,"M","?","M","$","?","E","R","$","T","E","?","M"],"character_chosen":"DEFECT","items_purchased":["PreservedInsect","Static Discharge","ClockworkSouvenir","Hologram"],"campfire_rested":1,"item_purchase_floors":[4,4,11,13],"current_hp_per_floor":[68,68,67,67,66,66,66,66,66,59,59,51,51,56,56,20,61,55,55,45,45,31,21,45,45,45,15,15,0],"gold":102,"neow_bonus":"TWO_FIFTY_GOLD","is_prod":false,"is_daily":false,"chose_seed":false,"campfire_upgraded":3,"win_rate":0,"timestamp":1546631055,"path_taken":["M","?","M","?","?","R","E","R","T","E","$","M","$","E","R","BOSS","M","?","M","?","?","E","R","$","T","E","?","M"],"build_version":"2019-01-03v3","purchased_purges":2,"victory":false,"max_hp_per_floor":[68,68,68,68,68,68,68,68,68,68,68,68,68,75,75,75,75,75,75,75,75,80,80,80,80,80,80,80,80],"card_choices":[{"not_picked":["Cold Snap","Go for the Eyes"],"picked":"Sunder","floor":1},{"not_picked":["Hello World","White Noise"],"picked":"Glacier","floor":3},{"not_picked":["Coolheaded","Steam"],"picked":"Recycle","floor":5},{"not_picked":["Auto Shields","Coolheaded"],"picked":"Go for the Eyes","floor":7},{"not_picked":["Streamline","Steam","Hello World"],"picked":"SKIP","floor":10},{"not_picked":["Coolheaded","Sunder","Aggregate"],"picked":"Machine Learning","floor":12},{"not_picked":["Glacier","Gash","Blizzard"],"picked":"Melter","floor":14},{"not_picked":["Rainbow","Amplify","Core Surge"],"picked":"Electrodynamics","floor":16},{"not_picked":["Hologram","Cold Snap+1","Gash+1","Go for the Eyes"],"picked":"SKIP","floor":18},{"not_picked":["Hologram+1","Rebound","Loop"],"picked":"Coolheaded+1","floor":20},{"not_picked":["Redo","Compile Driver","Coolheaded"],"picked":"Capacitor","floor":23},{"not_picked":["Barrage","Scrape","Static Discharge"],"picked":"Amplify","floor":27}],"player_experience":334077,"relics_obtained":[{"floor":7,"key":"War Paint"},{"floor":9,"key":"Mercury Hourglass"},{"floor":10,"key":"Question Card"},{"floor":14,"key":"Strawberry"},{"floor":23,"key":"Centennial Puzzle"},{"floor":26,"key":"Potion Belt"},{"floor":27,"key":"Dream Catcher"}],"event_choices":[{"damage_healed":0,"gold_gain":0,"player_choice":"Upgraded","damage_taken":0,"max_hp_gain":0,"max_hp_loss":0,"event_name":"Upgrade Shrine","floor":2,"gold_loss":0,"cards_upgraded":["Sunder"]},{"damage_healed":0,"gold_gain":0,"player_choice":"Obtained Relic","damage_taken":0,"relics_obtained":["The Courier"],"max_hp_gain":0,"max_hp_loss":0,"event_name":"Addict","floor":19,"gold_loss":85},{"damage_healed":0,"gold_gain":0,"player_choice":"Shed Blood","damage_taken":19,"max_hp_gain":5,"max_hp_loss":0,"event_name":"Forgotten Altar","floor":22,"gold_loss":0},{"damage_healed":0,"gold_gain":0,"player_choice":"Ignored","damage_taken":0,"max_hp_gain":0,"max_hp_loss":0,"event_name":"Ghosts","floor":28,"gold_loss":0}],"is_beta":false,"boss_relics":[{"not_picked":["Calling Bell","Philosopher\u0027s Stone"],"picked":"Pandora\u0027s Box"}],"items_purged_floors":[4,21],"is_endless":false,"potions_floor_spawned":[7,12,14,20,23],"killed_by":"Centurion and Healer","ascension_level":5}