{"path_per_floor":["M","M","$","?","$","R","M","R","T","E","$","M","R","?","R","B",null,"M","?","$","M","M","R","M","$","T","$"],"character_chosen":"IRONCLAD","items_purchased":["Ornamental Fan","Reaper"],"gold_per_floor":[11,25,25,25,25,25,36,36,84,115,115,135,135,385,385,489,489,499,424,3,13,29,29,46,46,46,46],"floor_reached":28,"campfire_rested":1,"playtime":2062,"current_hp_per_floor":[80,80,80,80,80,80,80,80,80,50,50,31,55,55,55,16,80,51,51,51,31,33,33,44,44,44,44],"items_purged":[],"gold":46,"play_id":"35e1308c-20cd-46b1-9b98-546672bad5dd","is_prod":false,"is_daily":false,"is_ascension_mode":true,"campfire_upgraded":4,"path_taken":["M","?","$","?","?","R","M","R","T","E","$","M","R","?","R","BOSS","M","?","?","?","M","R","M","?","T","$","M"],"build_version":"2018-01-25-PROD3","purchased_purges":0,"victory":false,"master_deck":["Strike_R","Strike_R","Strike_R","Strike_R","Defend_R","Defend_R","Defend_R","Bash+1","Headbutt+1","Rupture+1","Flex","Rupture+1","Regret","Double Tap","Dual Wield","Reaper","Flex","Hemokinesis+1","Hemokinesis"],"max_hp_per_floor":[80,80,80,80,80,80,80,80,80,80,80,80,80,80,80,80,80,80,80,80,80,80,80,80,80,80,80],"relics":["Burning Blood","Magic Flower","Ancient Tea Set","Bird Faced Urn","Philosopher\u0027s Stone","Ornamental Fan","Frozen Egg"],"card_choices":[{"not_picked":["Reckless Charge","Blood for Blood"],"picked":"Headbutt"},{"not_picked":["Uppercut","Iron Wave"],"picked":"Rupture"},{"not_picked":["True Grit","Shockwave"],"picked":"Flex"},{"not_picked":["Warcry","Pommel Strike"],"picked":"Rupture"},{"not_picked":["Demon Form","Barricade"],"picked":"Double Tap"},{"not_picked":["Warcry","Thunderclap"],"picked":"Dual Wield"},{"not_picked":["Clash","Warcry"],"picked":"Flex"},{"not_picked":["Heavy Blade","Twin Strike"],"picked":"Hemokinesis"},{"not_picked":["Clothesline","Infernal Blade"],"picked":"Hemokinesis"}],"player_experience":90810,"potions_floor_usage":[10,16,22,24,28],"damage_taken":[{"damage":8,"enemies":"Blue Slaver","floor":1,"turns":6},{"damage":6,"enemies":"Jaw Worm","floor":2,"turns":3},{"damage":7,"enemies":"Small Slimes","floor":7,"turns":3},{"damage":39,"enemies":"3 Sentries","floor":10,"turns":9},{"damage":34,"enemies":"Exordium Thugs","floor":12,"turns":5},{"damage":54,"enemies":"Slime Boss","floor":16,"turns":8},{"damage":41,"enemies":"2 Thieves","floor":18,"turns":5},{"damage":41,"enemies":"Chosen","floor":21,"turns":5},{"damage":59,"enemies":"Centurion and Healer","floor":22,"turns":7},{"damage":65,"enemies":"3 Cultists","floor":24,"turns":6},{"damage":55,"enemies":"Sentry and Sphere","floor":28,"turns":5}],"event_choices":[{"event_name":"Living Wall","player_choice":"Forget","floor":4,"damage_taken":0},{"event_name":"Golden Shrine","player_choice":"Desecrate","floor":14,"damage_taken":0},{"event_name":"Beggar","player_choice":"Gave Gold","floor":19,"damage_taken":0}],"boss_relics":[{"not_picked":["Runic Pyramid","Runic Cube"],"picked":"Philosopher\u0027s Stone"}],"potions_floor_spawned":[2,7,16,18,21,24],"seed_played":"-2400929823400945230","killed_by":"Sentry and Sphere","ascension_level":1,"is_trial":false}