{"gold_per_floor":[118,134,134,134,145,145,162,162,162,490,500,500,512,530,530,530],"floor_reached":16,"playtime":788,"items_purged":[],"score":104,"play_id":"154130e0-8743-4ae8-9475-8f87bbd6ea49","local_time":"20190305185348","is_ascension_mode":false,"campfire_choices":[{"floor":6,"key":"RECALL"},{"data":"Infernal Blade","floor":8,"key":"SMITH"},{"floor":15,"key":"REST"}],"neow_cost":"TEN_PERCENT_HP_LOSS","seed_source_timestamp":1722966091499861,"circlet_count":0,"master_deck":["Strike_R","Strike_R","Defend_R","Defend_R","Defend_R","Defend_R","Bash","Warcry","Burning Pact","True Grit","Regret","Infernal Blade+1","True Grit","Rampage","Disarm","Carnage","Inflame"],"relics":["Burning Blood","Letter Opener","Matryoshka","Old Coin","Juzu Bracelet"],"potions_floor_usage":[10,16],"damage_taken":[{"damage":3,"enemies":"Jaw Worm","floor":1,"turns":5},{"damage":5,"enemies":"2 Louse","floor":2,"turns":3},{"damage":11,"enemies":"Small Slimes","floor":5,"turns":3},{"damage":10,"enemies":"Exordium Thugs","floor":7,"turns":4},{"damage":42,"enemies":"3 Sentries","floor":10,"turns":14},{"damage":0,"enemies":"2 Fungi Beasts","floor":11,"turns":2},{"damage":7,"enemies":"Blue Slaver","floor":13,"turns":4},{"damage":17,"enemies":"Large Slime","floor":14,"turns":4},{"damage":51,"enemies":"Slime Boss","floor":16,"turns":5}],"seed_played":"-1615819115261493585","potions_obtained":[{"floor":2,"key":"Poison Potion"},{"floor":11,"key":"Strength Potion"},{"floor":14,"key":"SpeedPotion"}],"is_trial":false,"path_per_floor":["M","M","?","?","M","R","M","R","T","E","M","?","M","M","R","B"],"character_chosen":"IRONCLAD","items_purchased":[],"campfire_rested":1,"item_purchase_floors":[],"current_hp_per_floor":[72,72,72,72,67,67,63,63,63,27,33,33,32,21,42,0],"gold":530,"neow_bonus":"REMOVE_TWO","is_prod":false,"is_daily":false,"chose_seed":false,"campfire_upgraded":1,"win_rate":0,"timestamp":1551779628,"path_taken":["M","M","?","?","M","R","M","R","T","E","M","?","M","M","R","BOSS"],"build_version":"2019-01-23","purchased_purges":0,"victory":false,"max_hp_per_floor":[72,72,72,72,72,72,72,72,72,72,72,72,72,72,72,72],"card_choices":[{"not_picked":["Wild Strike","Sword Boomerang"],"picked":"Warcry","floor":1},{"not_picked":["Armaments","Fire Breathing"],"picked":"Burning Pact","floor":2},{"not_picked":["Havoc","Blood for Blood"],"picked":"Infernal Blade","floor":5},{"not_picked":["Armaments","Wild Strike"],"picked":"True Grit","floor":7},{"not_picked":["Perfected Strike","Limit Break"],"picked":"Rampage","floor":10},{"not_picked":["Headbutt","Dual Wield"],"picked":"Disarm","floor":11},{"not_picked":["Infernal Blade","Body Slam"],"picked":"Carnage","floor":13},{"not_picked":["Perfected Strike","Rampage"],"picked":"Inflame","floor":14}],"player_experience":90026,"relics_obtained":[{"floor":9,"key":"Matryoshka"},{"floor":10,"key":"Old Coin"}],"event_choices":[{"damage_healed":0,"gold_gain":0,"cards_transformed":["Strike_R"],"player_choice":"Change","damage_taken":0,"max_hp_gain":0,"max_hp_loss":0,"event_name":"Living Wall","floor":3,"gold_loss":0,"cards_obtained":["True Grit"]},{"damage_healed":0,"gold_gain":0,"player_choice":"Box","damage_taken":0,"relics_obtained":["Letter Opener"],"max_hp_gain":0,"max_hp_loss":0,"event_name":"Big Fish","floor":4,"gold_loss":0,"cards_obtained":["Regret"]},{"damage_healed":0,"gold_gain":0,"player_choice":"Gave Potion","damage_taken":0,"relics_obtained":["Juzu Bracelet"],"max_hp_gain":0,"max_hp_loss":0,"event_name":"WeMeetAgain","floor":12,"gold_loss":0}],"is_beta":false,"boss_relics":[],"items_purged_floors":[],"is_endless":false,"potions_floor_spawned":[2,11,14],"killed_by":"Slime Boss","ascension_level":0}