{"path_per_floor":["M","M","?","M","?","E","M","R","T","M","M","M","?","M","R","B",null,"M","?","?","M","M","R"],"character_chosen":"IRONCLAD","items_purchased":[],"gold_per_floor":[118,134,134,154,154,186,198,198,198,209,224,240,264,283,283,385,385,401,301,301,313,330,330],"floor_reached":24,"campfire_rested":0,"playtime":2214,"current_hp_per_floor":[80,80,73,68,52,29,35,35,35,41,47,49,43,49,49,11,80,73,73,73,66,13,13],"items_purged":[],"gold":330,"score":202,"play_id":"83f334df-376e-4952-9bfc-1fd2011fe48d","is_prod":false,"is_daily":false,"is_ascension_mode":false,"campfire_upgraded":3,"path_taken":["M","M","?","?","?","E","M","R","T","M","?","?","?","M","R","BOSS","M","?","?","M","?","R","E"],"build_version":"2018-02-08-PROD1","purchased_purges":0,"victory":false,"master_deck":["Strike_R","Strike_R","Strike_R+1","Strike_R","Defend_R+1","Defend_R+1","Defend_R","Defend_R","Bash","Searing Blow+1","Thunderclap+1","Shrug It Off","Intimidate","Spot Weakness+1","Juggernaut","Armaments","Spot Weakness","Limit Break","Heavy Blade","J.A.X.","Flame Barrier+1","Battle Trance"],"max_hp_per_floor":[80,80,80,80,80,80,80,80,80,80,80,80,80,80,80,80,80,80,80,80,80,80,80],"relics":["Burning Blood","War Paint","Anchor","Pen Nib","Odd Mushroom","White Beast Statue"],"card_choices":[{"not_picked":["Dropkick","Body Slam"],"picked":"Searing Blow"},{"not_picked":["Clothesline","Second Wind"],"picked":"Thunderclap"},{"not_picked":["True Grit","Clothesline"],"picked":"Shrug It Off"},{"not_picked":["Clash","Heavy Blade"],"picked":"Intimidate"},{"not_picked":["Heavy Blade","Shockwave"],"picked":"Spot Weakness"},{"not_picked":["Fire Breathing","Body Slam"],"picked":"Juggernaut"},{"not_picked":["Sword Boomerang","Anger"],"picked":"Armaments"},{"not_picked":["Heavy Blade","Seeing Red"],"picked":"Spot Weakness"},{"not_picked":["Offering","Reaper"],"picked":"Limit Break"},{"not_picked":["Dropkick","Feel No Pain"],"picked":"Heavy Blade"},{"not_picked":["Perfected Strike","Intimidate"],"picked":"Battle Trance"}],"player_experience":50312,"potions_floor_usage":[16,18,21,22,22,24],"damage_taken":[{"damage":2,"enemies":"Cultist","floor":1,"turns":4},{"damage":0,"enemies":"Small Slimes","floor":2,"turns":3},{"damage":11,"enemies":"Blue Slaver","floor":4,"turns":5},{"damage":29,"enemies":"Lagavulin","floor":6,"turns":8},{"damage":0,"enemies":"2 Fungi Beasts","floor":7,"turns":3},{"damage":0,"enemies":"Looter","floor":10,"turns":3},{"damage":0,"enemies":"Exordium Thugs","floor":11,"turns":3},{"damage":4,"enemies":"Red Slaver","floor":12,"turns":4},{"damage":12,"enemies":"The Mushroom Lair","floor":13,"turns":4},{"damage":0,"enemies":"Gremlin Gang","floor":14,"turns":4},{"damage":44,"enemies":"Hexaghost","floor":16,"turns":11},{"damage":13,"enemies":"Shell Parasite","floor":18,"turns":6},{"damage":13,"enemies":"3 Byrds","floor":21,"turns":4},{"damage":65,"enemies":"Cultist and Chosen","floor":22,"turns":10},{"damage":23,"enemies":"Book of Stabbing","floor":24,"turns":5}],"event_choices":[{"event_name":"Golden Wing","player_choice":"Card Removal","floor":3,"damage_taken":0},{"event_name":"Shining Light","player_choice":"Entered Light","floor":5,"damage_taken":0},{"event_name":"Mushrooms","player_choice":"Fought Mushrooms","floor":13,"damage_taken":0},{"event_name":"Drug Dealer","player_choice":"Got JAXXED","floor":19,"damage_taken":0},{"event_name":"The Library","player_choice":"Read","floor":20,"damage_taken":0}],"boss_relics":[{"not_picked":["Runic Dome","Snecko Eye"],"picked":"White Beast Statue"}],"potions_floor_spawned":[1,6,10,12,13,18,21,22],"seed_played":"9091633277232173370","killed_by":"Book of Stabbing","ascension_level":0,"is_trial":false}