{"gold_per_floor":[116,184,184,64,139,139,171,171,171,183,200,219,235,254,254,353,353,372,392,407,407,421,421,446,446,472,472,472,72,20,36,36,137,137,156,156,156,176,23,23,43,43,43,63,82,110,10,10,10,10,10,10,10,38,38],"floor_reached":55,"playtime":2528,"items_purged":["Strike_G+1","Strike_G+1"],"score":717,"play_id":"a110f856-a017-45df-b28e-bb293d871bc5","local_time":"20190103155208","is_ascension_mode":false,"campfire_choices":[{"data":"Neutralize","floor":6.0,"key":"SMITH"},{"data":"Noxious Fumes","floor":8.0,"key":"SMITH"},{"data":"Bouncing Flask","floor":15.0,"key":"SMITH"},{"data":"Malaise","floor":23.0,"key":"SMITH"},{"floor":25.0,"key":"REST"},{"floor":27.0,"key":"REST"},{"data":"Noxious Fumes","floor":32.0,"key":"SMITH"},{"data":"Survivor","floor":40.0,"key":"SMITH"},{"floor":42.0,"key":"RECALL"},{"data":"Well Laid Plans","floor":49.0,"key":"SMITH"},{"data":"Poisoned Stab","floor":52.0,"key":"SMITH"}],"neow_cost":"NONE","seed_source_timestamp":1220833481371256,"circlet_count":0,"master_deck":["Defend_G+1","Defend_G+1","Defend_G+1","Defend_G+1","Defend_G+1","Strike_G+1","Strike_G+1","Survivor+1","Neutralize+1","Noxious Fumes+1","Poisoned Stab+1","Cloak And Dagger","Cloak And Dagger","Poisoned Stab","Well Laid Plans+1","Bouncing Flask+1","Malaise+1","Poisoned Stab","Bane","Noxious Fumes+1","Corpse Explosion","Sadistic Nature","Noxious Fumes"],"special_seed":0,"relics":["Ring of the Snake","NeowsBlessing","Blue Candle","Ornamental Fan","Gremlin Horn","Busted Crown","Dodecahedron","Snake Skull","Bottled Tornado","Lizard Tail","Blood Vial","Letter Opener","FossilizedHelix"],"potions_floor_usage":[55,55],"damage_taken":[{"damage":0.0,"enemies":"Cultist","floor":1.0,"turns":1.0},{"damage":0.0,"enemies":"Lagavulin","floor":7.0,"turns":1.0},{"damage":0.0,"enemies":"Small Slimes","floor":10.0,"turns":1.0},{"damage":0.0,"enemies":"Jaw Worm","floor":11.0,"turns":3.0},{"damage":4.0,"enemies":"Exordium Thugs","floor":12.0,"turns":4.0},{"damage":0.0,"enemies":"Looter","floor":13.0,"turns":4.0},{"damage":5.0,"enemies":"3 Louse","floor":14.0,"turns":4.0},{"damage":17.0,"enemies":"Slime Boss","floor":16.0,"turns":8.0},{"damage":0.0,"enemies":"Chosen","floor":18.0,"turns":4.0},{"damage":3.0,"enemies":"2 Thieves","floor":19.0,"turns":5.0},{"damage":0.0,"enemies":"Snake Plant","floor":20.0,"turns":6.0},{"damage":23.0,"enemies":"Centurion and Healer","floor":22.0,"turns":6.0},{"damage":32.0,"enemies":"Slavers","floor":24.0,"turns":5.0},{"damage":0.0,"enemies":"Snecko","floor":31.0,"turns":4.0},{"damage":15.0,"enemies":"Champ","floor":33.0,"turns":8.0},{"damage":9.0,"enemies":"3 Shapes","floor":35.0,"turns":3.0},{"damage":13.0,"enemies":"3 Darklings","floor":38.0,"turns":3.0},{"damage":5.0,"enemies":"Writhing Mass","floor":41.0,"turns":5.0},{"damage":0.0,"enemies":"Transient","floor":44.0,"turns":5.0},{"damage":21.0,"enemies":"3 Darklings","floor":45.0,"turns":3.0},{"damage":19.0,"enemies":"Nemesis","floor":46.0,"turns":9.0},{"damage":47.0,"enemies":"Awakened One","floor":50.0,"turns":13.0},{"damage":36.0,"enemies":"Shield and Spear","floor":54.0,"turns":7.0},{"damage":74,"enemies":"The Heart","floor":55,"turns":9}],"seed_played":"3072071488640241391","potions_obtained":[{"floor":1.0,"key":"LiquidBronze"},{"floor":11.0,"key":"PowerPotion"},{"floor":12.0,"key":"SmokeBomb"},{"floor":18.0,"key":"Energy Potion"},{"floor":21.0,"key":"GhostInAJar"},{"floor":31.0,"key":"Block Potion"},{"floor":33.0,"key":"SteroidPotion"},{"floor":54.0,"key":"SpeedPotion"}],"is_trial":false,"path_per_floor":["M","T","?","$","?","R","E","R","T","M","M","M","M","M","R","B",null,"M","M","M","?","M","R","E","R","T","R","?","$","$","M","R","B",null,"M","?","?","M","$","R","M","R","T","M","M","E","$","?","R","B",null,"R","$","E","B"],"character_chosen":"THE_SILENT","items_purchased":["Noxious Fumes","Poisoned Stab","Noxious Fumes","Bottled Tornado","SkillPotion","Blood Vial"],"campfire_rested":2,"item_purchase_floors":[4,4,29,29,30,39],"current_hp_per_floor":[70,70,63,63,56,56,56,56,56,56,56,52,52,47,47,30,70,70,67,67,67,44,44,12,33,33,54,54,54,54,54,54,39,70,61,61,61,48,48,48,45,45,45,47,28,11,11,70,70,23,70,70,70,34,0],"gold":38,"neow_bonus":"THREE_ENEMY_KILL","is_prod":false,"is_daily":false,"chose_seed":false,"campfire_upgraded":8,"win_rate":0,"timestamp":1546548728,"path_taken":["M","?","?","$","?","R","E","R","T","M","?","M","M","M","R","BOSS","M","?","M","?","?","R","E","R","T","R","?","?","$","M","R","BOSS","M","?","?","M","$","R","M","R","T","M","M","E","$","?","R","BOSS","R","$","E","BOSS"],"build_version":"2019-01-02","purchased_purges":2,"victory":false,"max_hp_per_floor":[70,70,70,70,70,70,70,70,70,70,70,70,70,70,70,70,70,70,70,70,70,70,70,70,70,70,70,70,70,70,70,70,70,70,70,70,70,70,70,70,70,70,70,70,70,70,70,70,70,70,70,70,70,70,70],"card_choices":[{"not_picked":["Accuracy","Endless Agony","Sucker Punch"],"picked":"SKIP","floor":1.0},{"not_picked":["Flechettes","Blade Dance"],"picked":"Cloak And Dagger","floor":7.0},{"not_picked":["Deflect","Acrobatics"],"picked":"Cloak And Dagger","floor":10.0},{"not_picked":["Caltrops","Finisher"],"picked":"Poisoned Stab","floor":11.0},{"not_picked":["Prepared","Outmaneuver","Terror"],"picked":"SKIP","floor":12.0},{"not_picked":["Terror","Deadly Poison"],"picked":"Well Laid Plans","floor":13.0},{"not_picked":["Slice","Reflex"],"picked":"Bouncing Flask","floor":14.0},{"not_picked":["Burst","Die Die Die"],"picked":"Malaise","floor":16.0},{"not_picked":[],"picked":"Poisoned Stab","floor":18.0},{"not_picked":["Distraction"],"picked":"SKIP","floor":19.0},{"not_picked":["Dagger Throw"],"picked":"SKIP","floor":20.0},{"not_picked":[],"picked":"Bane","floor":22.0},{"not_picked":["Underhanded Strike"],"picked":"SKIP","floor":24.0},{"not_picked":["Quick Slash"],"picked":"SKIP","floor":31.0},{"not_picked":[],"picked":"Corpse Explosion","floor":33.0},{"not_picked":["Acrobatics+1"],"picked":"SKIP","floor":35.0},{"not_picked":[],"picked":"Sadistic Nature","floor":37.0},{"not_picked":["Slice"],"picked":"SKIP","floor":38.0},{"not_picked":["Underhanded Strike"],"picked":"SKIP","floor":41.0},{"not_picked":["Slice"],"picked":"SKIP","floor":44.0},{"not_picked":["Calculated Gamble"],"picked":"SKIP","floor":45.0},{"not_picked":["Dagger Throw"],"picked":"SKIP","floor":46.0},{"not_picked":[],"picked":"Noxious Fumes","floor":54.0}],"player_experience":435185,"relics_obtained":[{"floor":2.0,"key":"Blue Candle"},{"floor":7.0,"key":"Ornamental Fan"},{"floor":9.0,"key":"Gremlin Horn"},{"floor":24.0,"key":"Dodecahedron"},{"floor":26.0,"key":"Snake Skull"},{"floor":46.0,"key":"Letter Opener"},{"floor":54.0,"key":"FossilizedHelix"}],"event_choices":[{"cards_removed":["Strike_G"],"damage_healed":0.0,"max_hp_gain":0.0,"max_hp_loss":0.0,"gold_gain":0.0,"event_name":"Golden Wing","player_choice":"Card Removal","floor":3.0,"gold_loss":0.0,"damage_taken":7.0},{"damage_healed":0.0,"max_hp_gain":0.0,"max_hp_loss":0.0,"gold_gain":75.0,"event_name":"FaceTrader","player_choice":"Touch","floor":5.0,"gold_loss":0.0,"damage_taken":7.0},{"damage_healed":0.0,"max_hp_gain":0.0,"max_hp_loss":0.0,"gold_gain":0.0,"event_name":"Lab","player_choice":"Got Potions","floor":21.0,"gold_loss":0.0,"damage_taken":0.0},{"damage_healed":0.0,"max_hp_gain":0.0,"max_hp_loss":0.0,"gold_gain":0.0,"event_name":"Back to Basics","player_choice":"Simplicity","floor":28.0,"gold_loss":0.0,"damage_taken":0.0,"cards_upgraded":["Defend_G","Defend_G","Defend_G","Defend_G","Defend_G","Strike_G","Strike_G","Strike_G","Strike_G"]},{"damage_healed":0.0,"max_hp_gain":0.0,"max_hp_loss":0.0,"gold_gain":0.0,"event_name":"Tomb of Lord Red Mask","player_choice":"Ignored","floor":36.0,"gold_loss":0.0,"damage_taken":0.0},{"damage_healed":0.0,"max_hp_gain":0.0,"max_hp_loss":0.0,"gold_gain":0.0,"event_name":"SensoryStone","player_choice":"Memory 1","floor":37.0,"gold_loss":0.0,"damage_taken":0.0},{"damage_healed":59.0,"max_hp_gain":0.0,"max_hp_loss":0.0,"gold_gain":0.0,"event_name":"Wheel of Change","player_choice":"Full Heal","floor":48.0,"gold_loss":0.0,"damage_taken":0.0}],"is_beta":true,"boss_relics":[{"not_picked":["HoveringKite","Runic Dome"],"picked":"Busted Crown"},{"not_picked":["Runic Pyramid","Pandora\u0027s Box"],"picked":"Lizard Tail"}],"items_purged_floors":[29,47],"is_endless":false,"potions_floor_spawned":[1,11,12,18,31,33,38,41,45,54],"killed_by":"The Heart","ascension_level":0}