{"gold_per_floor":[116,116,131,131,152,152,40,40,90,90,108,141,141,165,165,286,286,300,323,348,348,363,363,363,406,406,406,430,455,480,499,499,499],"floor_reached":33,"playtime":1717,"items_purged":["Strike_R"],"score":353,"play_id":"fef87da7-6b53-464b-9c51-8217bf844247","local_time":"20180803152537","is_ascension_mode":true,"campfire_choices":[{"data":"Iron Wave","floor":6,"key":"SMITH"},{"data":"Inflame","floor":8,"key":"SMITH"},{"data":"Pommel Strike","floor":10,"key":"SMITH"},{"data":"Barricade","floor":13,"key":"SMITH"},{"data":"Disarm","floor":15,"key":"SMITH"},{"floor":23,"key":"REST"},{"data":"Shrug It Off","floor":27,"key":"SMITH"},{"floor":32,"key":"REST"}],"neow_cost":"NONE","seed_source_timestamp":154046862618111,"circlet_count":0,"master_deck":["Strike_R","Strike_R","Strike_R","Strike_R","Defend_R+1","Defend_R","Defend_R+1","Defend_R","Bash+1","Blind","Pommel Strike+1","Iron Wave+1","Inflame+1","Barricade+1","Disarm+1","Iron Wave","Shrug It Off+1","Rampage","Evolve+1"],"relics":["Burning Blood","Golden Idol","Bag of Preparation","Kunai","Sozu","Peace Pipe","War Paint","Happy Flower"],"potions_floor_usage":[12,25,33],"damage_taken":[{"damage":0,"enemies":"Small Slimes","floor":1,"turns":3},{"damage":0,"enemies":"Cultist","floor":3,"turns":4},{"damage":9,"enemies":"Jaw Worm","floor":5,"turns":7},{"damage":0,"enemies":"Blue Slaver","floor":11,"turns":4},{"damage":0,"enemies":"Gremlin Nob","floor":12,"turns":3},{"damage":1,"enemies":"Gremlin Gang","floor":14,"turns":6},{"damage":33,"enemies":"The Guardian","floor":16,"turns":12},{"damage":17,"enemies":"Spheric Guardian","floor":18,"turns":5},{"damage":0,"enemies":"Chosen","floor":19,"turns":5},{"damage":40,"enemies":"Centurion and Healer","floor":20,"turns":8},{"damage":17,"enemies":"Snake Plant","floor":22,"turns":5},{"damage":38,"enemies":"Gremlin Leader","floor":25,"turns":11},{"damage":18,"enemies":"Cultist and Chosen","floor":29,"turns":10},{"damage":0,"enemies":"Sentry and Sphere","floor":30,"turns":8},{"damage":0,"enemies":"Centurion and Healer","floor":31,"turns":7},{"damage":65,"enemies":"Automaton","floor":33,"turns":6}],"seed_played":"3328560319867240094","potions_obtained":[{"floor":1,"key":"SteroidPotion"},{"floor":5,"key":"GamblersBrew"},{"floor":12,"key":"SneckoOil"}],"is_trial":false,"path_per_floor":["M","?","M","?","M","R","$","R","T","R","M","E","R","M","R","B",null,"M","M","M","?","M","R","?","E","T","R","T","M","M","M","R"],"character_chosen":"IRONCLAD","items_purchased":["Inflame"],"campfire_rested":2,"item_purchase_floors":[7],"current_hp_per_floor":[80,80,80,60,57,57,57,57,57,57,63,69,69,74,74,47,80,69,75,41,41,30,54,54,22,22,22,22,10,16,22,46,0],"gold":499,"neow_bonus":"UPGRADE_CARD","is_prod":false,"is_daily":false,"chose_seed":false,"campfire_upgraded":6,"win_rate":0,"timestamp":1533302737,"path_taken":["M","?","M","?","M","R","$","R","T","R","?","E","R","M","R","BOSS","M","?","M","?","M","R","?","E","T","R","?","?","M","M","R","BOSS"],"build_version":"2018-08-02","purchased_purges":1,"victory":false,"max_hp_per_floor":[80,80,80,80,80,80,80,80,80,80,80,80,80,80,80,80,80,80,80,80,80,80,80,80,80,80,80,80,80,80,80,80,80],"card_choices":[{"not_picked":["Second Wind","Anger","Power Through"],"picked":"SKIP","floor":1},{"not_picked":["Disarm","Shrug It Off"],"picked":"Pommel Strike","floor":3},{"not_picked":["Sever Soul","Anger"],"picked":"Iron Wave","floor":5},{"not_picked":["Shrug It Off","Pummel"],"picked":"Barricade","floor":11},{"not_picked":["Pommel Strike","Seeing Red"],"picked":"Disarm","floor":12},{"not_picked":["Bloodletting","Havoc","Armaments"],"picked":"SKIP","floor":14},{"not_picked":["Clash","Corruption"],"picked":"Iron Wave","floor":18},{"not_picked":["Pommel Strike","Perfected Strike","Blood for Blood"],"picked":"SKIP","floor":19},{"not_picked":["Pummel","Burning Pact","Clash"],"picked":"SKIP","floor":20},{"not_picked":["Iron Wave","Flex","Sword Boomerang"],"picked":"SKIP","floor":22},{"not_picked":["Thunderclap","Warcry","Headbutt"],"picked":"SKIP","floor":25},{"not_picked":["Armaments","Burning Pact","Warcry+1"],"picked":"SKIP","floor":29},{"not_picked":["Hemokinesis","Warcry"],"picked":"Rampage","floor":30},{"not_picked":["Clash","Disarm"],"picked":"Evolve+1","floor":31}],"player_experience":478190,"relics_obtained":[{"floor":9,"key":"Bag of Preparation"},{"floor":12,"key":"Kunai"},{"floor":25,"key":"Peace Pipe"},{"floor":26,"key":"War Paint"},{"floor":28,"key":"Happy Flower"}],"event_choices":[{"event_name":"Match and Keep!","player_choice":"1 cards matched","floor":2,"damage_taken":0},{"event_name":"Golden Idol","player_choice":"Take Damage","floor":4,"damage_taken":0},{"event_name":"Vampires","player_choice":"Ignored","floor":21,"damage_taken":0},{"event_name":"The Library","player_choice":"Read","floor":24,"damage_taken":0}],"is_beta":false,"boss_relics":[{"not_picked":["Calling Bell","Astrolabe"],"picked":"Sozu"}],"items_purged_floors":[7],"is_endless":false,"potions_floor_spawned":[1,5,12,18,29,30,31],"killed_by":"Automaton","ascension_level":4}