{"gold_per_floor":[118,43,19,94,112,112,141,141,211,211,243,243,243,261,261,338,338,354,73,93,15,15,15,30,0,0,0,11,11,11,26,26,104,104,118,128,0,0,18,18,31,31,31,31,46,46,46,46,46,46],"floor_reached":51,"playtime":2113,"items_purged":["Strike_B"],"score":1146,"play_id":"99d6cd4b-554f-48d4-8150-e4d02f8c4234","local_time":"20181227120723","is_ascension_mode":true,"campfire_choices":[{"data":"Consume","floor":6,"key":"SMITH"},{"data":"Zap","floor":8,"key":"SMITH"},{"data":"Dualcast","floor":10,"key":"SMITH"},{"data":"Genetic Algorithm","floor":12,"key":"SMITH"},{"data":"Coolheaded","floor":15,"key":"SMITH"},{"data":"Capacitor","floor":23,"key":"SMITH"},{"data":"Defragment","floor":27,"key":"SMITH"},{"data":"Coolheaded","floor":29,"key":"SMITH"},{"data":"Machine Learning","floor":32,"key":"SMITH"},{"data":"Seek","floor":40,"key":"SMITH"},{"data":"Recycle","floor":42,"key":"SMITH"},{"data":"Conserve Battery","floor":44,"key":"SMITH"},{"data":"Steam","floor":47,"key":"SMITH"},{"floor":49,"key":"REST"}],"neow_cost":"NONE","seed_source_timestamp":529786580920200,"circlet_count":0,"master_deck":["AscendersBane","Strike_B","Strike_B","Defend_B","Defend_B","Defend_B","Defend_B","Zap+1","Dualcast+1","Consume+1","Steam+1","Coolheaded+1","Self Repair+1","Genetic Algorithm+1","Compile Driver+1","Machine Learning+1","Blizzard+1","Compile Driver+1","BootSequence","Capacitor+1","Defragment+1","Turbo+1","Coolheaded+1","Seek+1","Core Surge+1","FTL+1","Conserve Battery+1","FTL+1","Recycle+1","Injury","Cold Snap+1"],"relics":["Cracked Core","NeowsBlessing","Molten Egg 2","Cables","Darkstone Periapt","Sozu","DollysMirror","Dodecahedron","MutagenicStrength","Cursed Key","Red Mask","GremlinMask","Torii"],"potions_floor_usage":[20,50],"damage_taken":[{"damage":0,"enemies":"Small Slimes","floor":1,"turns":1},{"damage":0,"enemies":"Jaw Worm","floor":5,"turns":1},{"damage":0,"enemies":"3 Sentries","floor":7,"turns":1},{"damage":12,"enemies":"Lagavulin","floor":11,"turns":6},{"damage":0,"enemies":"2 Louse","floor":14,"turns":1},{"damage":35,"enemies":"Hexaghost","floor":16,"turns":12},{"damage":14,"enemies":"Spheric Guardian","floor":18,"turns":4},{"damage":1,"enemies":"3 Byrds","floor":20,"turns":4},{"damage":1,"enemies":"Centurion and Healer","floor":24,"turns":7},{"damage":0,"enemies":"Chosen and Byrds","floor":28,"turns":7},{"damage":38,"enemies":"Snake Plant","floor":31,"turns":5},{"damage":16,"enemies":"Automaton","floor":33,"turns":12},{"damage":6,"enemies":"Orb Walker","floor":35,"turns":4},{"damage":17,"enemies":"3 Darklings","floor":36,"turns":5},{"damage":0,"enemies":"Maw","floor":39,"turns":9},{"damage":7,"enemies":"Jaw Worm Horde","floor":41,"turns":6},{"damage":22,"enemies":"Spire Growth","floor":45,"turns":6},{"damage":56,"enemies":"Time Eater","floor":50,"turns":16}],"seed_played":"-606447273439123298","potions_obtained":[{"floor":11,"key":"GamblersBrew"},{"floor":14,"key":"GamblersBrew"}],"is_trial":false,"path_per_floor":["M","?","$","?","M","R","E","R","T","R","E","R","?","M","R","B",null,"M","$","M","$","?","R","M","?","T","R","M","R","?","M","R","B",null,"M","M","?","?","M","R","M","R","T","R","M","$","R","?","R","B",null],"character_chosen":"DEFECT","items_purchased":["Steam","DollysMirror","Capacitor"],"campfire_rested":1,"item_purchase_floors":[3,19,21],"current_hp_per_floor":[64,64,64,53,53,53,53,53,53,53,48,48,48,48,48,23,59,45,45,54,54,54,54,63,63,63,63,71,71,71,43,43,37,63,57,50,50,50,60,60,63,63,69,69,57,57,57,57,77,31],"gold":46,"neow_bonus":"THREE_ENEMY_KILL","is_prod":false,"is_daily":false,"chose_seed":false,"campfire_upgraded":13,"win_rate":0,"timestamp":1545908843,"path_taken":["M","?","$","?","M","R","E","R","T","R","E","R","?","?","R","BOSS","M","?","?","$","?","R","M","?","T","R","M","R","?","M","R","BOSS","M","M","?","?","M","R","?","R","T","R","M","$","R","?","R","BOSS"],"build_version":"2018-12-20","purchased_purges":1,"victory":true,"max_hp_per_floor":[71,71,71,71,71,71,71,71,71,71,71,71,71,71,71,71,71,71,71,71,71,71,71,71,71,71,71,71,71,71,71,71,71,71,71,71,71,71,71,71,71,71,77,77,77,77,77,77,77,77],"card_choices":[{"not_picked":["Beam Cell","Skim"],"picked":"Consume","floor":1},{"not_picked":["Leap","Scrape"],"picked":"Coolheaded","floor":5},{"not_picked":["Hologram","Scrape"],"picked":"Self Repair","floor":7},{"not_picked":["Skim","Beam Cell+1"],"picked":"Genetic Algorithm","floor":11},{"not_picked":["Gash+1","Streamline+1"],"picked":"Compile Driver+1","floor":14},{"not_picked":["Rainbow","Hyperbeam+1"],"picked":"Machine Learning","floor":16},{"not_picked":["Steam","Leap"],"picked":"Blizzard+1","floor":18},{"not_picked":["Coolheaded+1","Sweeping Beam+1"],"picked":"BootSequence","floor":20},{"not_picked":["Loop","Tempest"],"picked":"Turbo+1","floor":24},{"not_picked":["Gash+1","Rebound+1"],"picked":"Coolheaded","floor":28},{"not_picked":["Aggregate","Lockon+1"],"picked":"Seek","floor":31},{"not_picked":["Creative AI","Machine Learning"],"picked":"Core Surge+1","floor":33},{"not_picked":["Beam Cell+1","Doom and Gloom+1"],"picked":"FTL+1","floor":35},{"not_picked":["Barrage+1","Stack"],"picked":"Conserve Battery","floor":36},{"not_picked":["Ball Lightning+1","Beam Cell+1"],"picked":"FTL+1","floor":39},{"not_picked":["Rebound+1","Aggregate"],"picked":"Recycle","floor":41},{"not_picked":["Hologram","Barrage+1"],"picked":"Cold Snap+1","floor":45}],"player_experience":321757,"relics_obtained":[{"floor":7,"key":"Molten Egg 2"},{"floor":9,"key":"Cables"},{"floor":11,"key":"Darkstone Periapt"},{"floor":26,"key":"Dodecahedron"},{"floor":43,"key":"Torii"}],"event_choices":[{"cards_removed":["Strike_B"],"damage_healed":0,"gold_gain":0,"player_choice":"Card Removal","damage_taken":0,"max_hp_gain":0,"max_hp_loss":0,"event_name":"The Cleric","floor":2,"gold_loss":75},{"damage_healed":0,"gold_gain":75,"player_choice":"Gather Gold","damage_taken":11,"max_hp_gain":0,"max_hp_loss":0,"event_name":"World of Goop","floor":4,"gold_loss":0},{"damage_healed":0,"gold_gain":0,"player_choice":"Grow","damage_taken":0,"max_hp_gain":0,"max_hp_loss":0,"event_name":"Living Wall","floor":13,"gold_loss":0,"cards_upgraded":["Self Repair"]},{"damage_healed":0,"gold_gain":0,"player_choice":"Read","damage_taken":0,"max_hp_gain":0,"max_hp_loss":0,"event_name":"The Library","floor":22,"gold_loss":0,"cards_obtained":["Defragment"]},{"damage_healed":0,"gold_gain":0,"player_choice":"Paid Fearfully","damage_taken":0,"max_hp_gain":0,"max_hp_loss":0,"event_name":"Masked Bandits","floor":25,"gold_loss":30},{"damage_healed":0,"gold_gain":0,"player_choice":"Inject Mutagens","damage_taken":0,"relics_obtained":["MutagenicStrength"],"max_hp_gain":0,"max_hp_loss":0,"event_name":"Drug Dealer","floor":30,"gold_loss":0},{"damage_healed":0,"gold_gain":0,"player_choice":"Paid","damage_taken":0,"relics_obtained":["Red Mask"],"max_hp_gain":0,"max_hp_loss":0,"event_name":"Tomb of Lord Red Mask","floor":37,"gold_loss":128},{"damage_healed":0,"gold_gain":0,"player_choice":"Trade","damage_taken":0,"relics_obtained":["GremlinMask"],"max_hp_gain":0,"max_hp_loss":0,"event_name":"FaceTrader","floor":38,"gold_loss":0},{"damage_healed":0,"gold_gain":0,"player_choice":"Ignored","damage_taken":0,"max_hp_gain":0,"max_hp_loss":0,"event_name":"Mysterious Sphere","floor":48,"gold_loss":0}],"is_beta":false,"boss_relics":[{"not_picked":["Snecko Eye","Tiny House"],"picked":"Sozu"},{"not_picked":["Pandora\u0027s Box","Eternal Feather"],"picked":"Cursed Key"}],"items_purged_floors":[19],"is_endless":false,"potions_floor_spawned":[11,14,16,31,39,41,45],"ascension_level":15}