{"gold_per_floor":[360,379,54,66,13,46,46,58,58,77,77,107,118,145,145,244,244,261,8,25,25],"floor_reached":21,"playtime":1055,"items_purged":["Doubt"],"score":241,"play_id":"c9f8bf09-f8cf-4407-acf2-fbf80ddef78f","local_time":"20180724025446","is_ascension_mode":true,"campfire_choices":[{"floor":11,"key":"REST"},{"floor":15,"key":"REST"}],"neow_cost":"CURSE","seed_source_timestamp":191827877469012,"circlet_count":0,"master_deck":["Strike_B","Strike_B","Strike_B","Strike_B","Defend_B","Defend_B","Defend_B","Defend_B","Zap","Dualcast","BootSequence","White Noise","Streamline","Self Repair","Auto Shields","Storm","Heatsinks","Echo Form","Skim+1"],"relics":["Cracked Core","Singing Bowl","Ancient Tea Set","Blue Candle","Art of War","Omamori","Bottled Tornado","Nuclear Battery","Cables"],"potions_floor_usage":[6,8,12,20],"damage_taken":[{"damage":0,"enemies":"2 Louse","floor":1,"turns":1},{"damage":2,"enemies":"Small Slimes","floor":2,"turns":5},{"damage":0,"enemies":"Jaw Worm","floor":4,"turns":3},{"damage":53,"enemies":"Gremlin Nob","floor":6,"turns":5},{"damage":13,"enemies":"Exordium Thugs","floor":8,"turns":4},{"damage":6,"enemies":"Looter","floor":10,"turns":3},{"damage":18,"enemies":"Lagavulin","floor":12,"turns":8},{"damage":19,"enemies":"Large Slime","floor":13,"turns":6},{"damage":19,"enemies":"3 Sentries","floor":14,"turns":7},{"damage":43,"enemies":"The Guardian","floor":16,"turns":12},{"damage":9,"enemies":"Chosen","floor":18,"turns":4},{"damage":36,"enemies":"3 Byrds","floor":20,"turns":4},{"damage":54,"enemies":"Centurion and Healer","floor":21,"turns":6}],"seed_played":"4309177324969524265","potions_obtained":[{"floor":1,"key":"Strength Potion"},{"floor":2,"key":"EssenceOfSteel"},{"floor":8,"key":"SkillPotion"},{"floor":10,"key":"GamblersBrew"},{"floor":18,"key":"Explosive Potion"}],"is_trial":false,"path_per_floor":["M","M","$","M","$","E","?","M","T","M","R","E","M","E","R","B",null,"M","$","M"],"character_chosen":"DEFECT","items_purchased":["Singing Bowl","Streamline","Cables"],"campfire_rested":2,"item_purchase_floors":[3,5,19],"current_hp_per_floor":[75,73,73,73,73,27,27,21,21,31,54,43,33,28,51,15,79,79,79,52,0],"gold":25,"neow_bonus":"TWO_FIFTY_GOLD","is_prod":false,"is_daily":false,"chose_seed":false,"campfire_upgraded":0,"win_rate":0,"timestamp":1532393686,"path_taken":["M","M","$","M","$","E","?","M","T","M","R","E","M","E","R","BOSS","M","$","M","M"],"build_version":"2018-07-19v2","purchased_purges":1,"victory":false,"max_hp_per_floor":[75,75,75,75,75,75,75,75,75,77,77,77,79,79,79,79,79,79,79,81,81],"card_choices":[{"not_picked":["Redo","Cold Snap","Hologram"],"picked":"SKIP","floor":1},{"not_picked":["Stack","Rebound"],"picked":"BootSequence","floor":2},{"not_picked":["Defragment","Heatsinks"],"picked":"White Noise","floor":4},{"not_picked":["Melter","Beam Cell"],"picked":"Self Repair","floor":6},{"not_picked":["Melter","Leap"],"picked":"Auto Shields","floor":8},{"not_picked":["Ball Lightning","Consume","Hello World"],"picked":"Singing Bowl","floor":10},{"not_picked":["Steam Power","Darkness"],"picked":"Storm","floor":12},{"not_picked":["Streamline","Barrage","Rip and Tear"],"picked":"Singing Bowl","floor":13},{"not_picked":["Go for the Eyes","Auto Shields"],"picked":"Heatsinks","floor":14},{"not_picked":["Buffer","Hyperbeam"],"picked":"Echo Form","floor":16},{"not_picked":["Cold Snap","Auto Shields"],"picked":"Skim+1","floor":18},{"not_picked":["Gash","Steam","Double Energy"],"picked":"Singing Bowl","floor":20}],"player_experience":452991,"relics_obtained":[{"floor":6,"key":"Ancient Tea Set"},{"floor":9,"key":"Art of War"},{"floor":12,"key":"Omamori"},{"floor":14,"key":"Bottled Tornado"}],"event_choices":[{"event_name":"Dead Adventurer","player_choice":"Searched \u00271\u0027 times","floor":7,"damage_taken":0}],"is_beta":false,"boss_relics":[{"not_picked":["Busted Crown","Runic Pyramid"],"picked":"Nuclear Battery"}],"items_purged_floors":[3],"is_endless":false,"potions_floor_spawned":[1,2,8,10,18],"killed_by":"Centurion and Healer","ascension_level":4}