{"path_per_floor":["M","?","M","M","?","R","M","R","T","$","M","M","R","M","R","B",null,"M","$","M","?","$","E","T","R","T","$","E","R","?","M","R","B",null,"M","?","$","?","?","R","M","R","T","?","$","M","?","?","R","B"],"character_chosen":"THE_SILENT","items_purchased":["Pantograph","Bag of Preparation","Catalyst","Ginger","Bouncing Flask"],"gold_per_floor":[114,114,133,158,158,158,183,183,255,5,26,47,47,60,60,181,181,196,47,71,71,71,114,114,114,137,62,96,96,96,111,111,235,235,258,258,183,516,516,516,526,526,549,549,106,116,0,0,0,0],"floor_reached":51,"campfire_rested":2,"playtime":2149,"current_hp_per_floor":[64,47,45,45,45,45,45,45,45,45,38,38,38,35,35,42,70,70,70,70,70,70,56,56,56,56,56,22,22,22,17,53,26,70,53,43,43,43,43,43,35,70,70,70,70,70,70,70,70,41],"items_purged":["Strike_G","Storm of Steel"],"gold":0,"score":746,"play_id":"aab64feb-0a61-4af9-aff4-0e46e69f25d4","local_time":"20180416113755","is_prod":false,"is_daily":false,"chose_seed":false,"is_ascension_mode":false,"campfire_upgraded":8,"timestamp":1523893075,"path_taken":["M","?","?","M","?","R","?","R","T","$","M","?","R","M","R","BOSS","M","$","?","?","?","E","?","R","T","$","E","R","?","M","R","BOSS","M","?","$","?","?","R","M","R","T","?","$","M","?","?","R","BOSS"],"build_version":"2018-04-12","seed_source_timestamp":10418246336340,"purchased_purges":2,"victory":true,"master_deck":["Defend_G","Defend_G","Defend_G","Defend_G","Defend_G","Survivor","Neutralize+1","Prepared","Deadly Poison+1","Backflip","Bane","Deadly Poison+1","Blur+1","Corpse Explosion+1","Deadly Poison+1","Catalyst+1","Burst+1","Transmutation+1","Sadistic Nature","Sadistic Nature","Bouncing Flask"],"max_hp_per_floor":[70,70,70,70,70,70,70,70,70,70,70,70,70,70,70,70,70,70,70,70,70,70,70,70,70,70,70,70,70,70,70,70,70,70,70,70,70,70,70,70,70,70,70,70,70,70,70,70,70,70],"relics":["Ring of the Snake","Molten Egg 2","Pantograph","Velvet Choker","Bag of Preparation","Art of War","Matryoshka","Regal Pillow","Juzu Bracelet","Happy Flower","Sozu","Lantern","Orichalcum","Ginger","Red Mask"],"card_choices":[{"not_picked":["PiercingWail","Outmaneuver"],"picked":"Prepared","floor":1},{"not_picked":["Heel Hook","Bane"],"picked":"Deadly Poison","floor":3},{"not_picked":["All Out Attack","Terror"],"picked":"Backflip","floor":4},{"not_picked":["Acrobatics","Malaise"],"picked":"Bane","floor":7},{"not_picked":["Flying Knee","Dash"],"picked":"Deadly Poison","floor":12},{"not_picked":["Flying Knee","Concentrate"],"picked":"Blur","floor":14},{"not_picked":["Envenom","Venomology"],"picked":"Corpse Explosion","floor":16},{"not_picked":["Quick Slash","Heel Hook"],"picked":"Burst","floor":28},{"not_picked":["Trip","Deep Breath"],"picked":"Transmutation","floor":36},{"not_picked":["Good Instincts","Finesse"],"picked":"Sadistic Nature","floor":36},{"not_picked":["Deep Breath","Good Instincts"],"picked":"Sadistic Nature","floor":36}],"player_experience":184552,"potions_floor_usage":[12,28,31,41],"damage_taken":[{"damage":6,"enemies":"Jaw Worm","floor":1,"turns":7},{"damage":2,"enemies":"Small Slimes","floor":3,"turns":6},{"damage":0,"enemies":"Cultist","floor":4,"turns":5},{"damage":0,"enemies":"2 Fungi Beasts","floor":7,"turns":4},{"damage":7,"enemies":"Exordium Wildlife","floor":11,"turns":7},{"damage":0,"enemies":"Lots of Slimes","floor":12,"turns":1},{"damage":3,"enemies":"Gremlin Gang","floor":14,"turns":7},{"damage":18,"enemies":"The Guardian","floor":16,"turns":8},{"damage":0,"enemies":"Shell Parasite","floor":18,"turns":6},{"damage":0,"enemies":"Chosen","floor":20,"turns":5},{"damage":14,"enemies":"Book of Stabbing","floor":23,"turns":6},{"damage":34,"enemies":"Slavers","floor":28,"turns":7},{"damage":5,"enemies":"Centurion and Healer","floor":31,"turns":7},{"damage":44,"enemies":"Champ","floor":33,"turns":7},{"damage":17,"enemies":"3 Shapes","floor":35,"turns":3},{"damage":8,"enemies":"3 Darklings","floor":41,"turns":7},{"damage":0,"enemies":"Maw","floor":46,"turns":4},{"damage":29,"enemies":"Time Eater","floor":50,"turns":4}],"event_choices":[{"event_name":"Golden Idol","player_choice":"Take Damage","floor":2,"damage_taken":0},{"event_name":"Living Wall","player_choice":"Forget","floor":5,"damage_taken":0},{"event_name":"The Library","player_choice":"Read","floor":21,"damage_taken":0},{"event_name":"Drug Dealer","player_choice":"Ignored","floor":30,"damage_taken":0},{"event_name":"SensoryStone","player_choice":"Memory 3","floor":36,"damage_taken":0},{"event_name":"The Moai Head","player_choice":"Gave Idol","floor":38,"damage_taken":0},{"event_name":"Transmorgrifier","player_choice":"Transform","floor":39,"damage_taken":0},{"event_name":"Tomb of Lord Red Mask","player_choice":"Paid","floor":47,"damage_taken":0},{"event_name":"Accursed Blacksmith","player_choice":"Ignore","floor":48,"damage_taken":0}],"boss_relics":[{"not_picked":["Orrery","Calling Bell"],"picked":"Velvet Choker"},{"not_picked":["Snecko Eye","Pandora\u0027s Box"],"picked":"Sozu"}],"potions_floor_spawned":[3,7,11,23,35],"seed_played":"7492150058402746958","ascension_level":0,"is_trial":false}