{"path_per_floor":["M","M","M","M","?","E","?","R","T","M","E","M","E","M","R","B",null,"M","M","M","?","M","E","R","E","T","M","R","E","M","M","R"],"character_chosen":"DEFECT","items_purchased":[],"gold_per_floor":[119,136,151,163,163,198,261,261,261,272,305,318,353,372,372,472,472,483,498,511,511,525,559,559,592,616,633,633,661,675,690,690,690],"floor_reached":33,"campfire_rested":3,"playtime":1853,"item_purchase_floors":[],"current_hp_per_floor":[68,61,60,56,44,16,10,47,47,36,55,55,47,45,45,2,89,74,69,56,56,42,11,54,28,28,28,71,49,49,49,49,0],"items_purged":[],"gold":690,"score":391,"play_id":"d3e201d1-0077-4d0d-863f-953376a836ef","local_time":"20180622162052","is_prod":false,"is_daily":false,"chose_seed":false,"is_ascension_mode":true,"campfire_upgraded":2,"win_rate":0,"timestamp":1529677252,"campfire_choices":[{"floor":8,"key":"REST"},{"data":"Static Discharge","floor":15,"key":"SMITH"},{"floor":24,"key":"REST"},{"floor":28,"key":"REST"},{"data":"Storm","floor":32,"key":"SMITH"}],"path_taken":["M","M","M","M","?","E","?","R","T","M","E","M","E","M","R","BOSS","M","M","M","?","?","E","R","E","T","M","R","E","M","M","R","BOSS"],"build_version":"2018-06-21","seed_source_timestamp":44643644280243,"purchased_purges":0,"circlet_count":0,"victory":false,"master_deck":["Strike_B","Strike_B","Strike_B","Defend_B+1","Defend_B","Defend_B","Defend_B","Zap","Dualcast","Static Discharge+1","Glacier","Tempest","Capacitor","White Noise+1","Auto Shields","Storm+1","Capacitor","Chill","Machine Learning","Reinforced Body","Storm+1","Static Discharge"],"max_hp_per_floor":[75,75,75,75,75,75,75,75,75,75,89,89,89,89,89,89,89,89,89,89,89,89,96,96,96,96,96,96,96,96,96,96,96],"relics":["Cracked Core","Letter Opener","Bag of Preparation","Regal Pillow","Toolbox","Mango","DataDisk","Strawberry","War Paint","Lantern","Art of War"],"card_choices":[{"not_picked":["Fusion","Conserve Battery"],"picked":"Glacier","floor":1},{"not_picked":["Darkness","Undo","Cold Snap"],"picked":"SKIP","floor":2},{"not_picked":["Fusion","Conserve Battery","Rebound"],"picked":"SKIP","floor":3},{"not_picked":["Redo","Leap","Conserve Battery"],"picked":"SKIP","floor":4},{"not_picked":["Genetic Algorithm","Reboot"],"picked":"Tempest","floor":6},{"not_picked":["Lockon","Force Field"],"picked":"Capacitor","floor":10},{"not_picked":["Cold Snap","Auto Shields"],"picked":"White Noise","floor":11},{"not_picked":["Barrage","Compile Driver"],"picked":"Auto Shields","floor":12},{"not_picked":["Seek","Steam Power","Ball Lightning"],"picked":"SKIP","floor":13},{"not_picked":["Gash","Redo","Aggregate"],"picked":"SKIP","floor":14},{"not_picked":["Double Energy","Conserve Battery"],"picked":"Storm","floor":18},{"not_picked":["Sweeping Beam","Beam Cell","Compile Driver"],"picked":"SKIP","floor":19},{"not_picked":["Gash+1","Turbo","Stack+1"],"picked":"SKIP","floor":20},{"not_picked":["Coolheaded+1","Ball Lightning"],"picked":"Capacitor","floor":22},{"not_picked":["Reprogram","Recycle"],"picked":"Chill","floor":23},{"not_picked":["Gash","Coolheaded+1"],"picked":"Machine Learning","floor":25},{"not_picked":["Chill","Double Energy"],"picked":"Reinforced Body","floor":27},{"not_picked":["Darkness","Loop+1"],"picked":"Storm+1","floor":29},{"not_picked":["Sweeping Beam+1","Lockon"],"picked":"Static Discharge","floor":30},{"not_picked":["Beam Cell","Coolheaded+1","Go for the Eyes"],"picked":"SKIP","floor":31}],"player_experience":397974,"potions_floor_usage":[6,11,12,22,23,25,29,30,33],"damage_taken":[{"damage":7,"enemies":"Small Slimes","floor":1,"turns":4},{"damage":7,"enemies":"Jaw Worm","floor":2,"turns":4},{"damage":1,"enemies":"2 Louse","floor":3,"turns":2},{"damage":4,"enemies":"Exordium Wildlife","floor":4,"turns":5},{"damage":28,"enemies":"Gremlin Nob","floor":6,"turns":5},{"damage":6,"enemies":"3 Sentries","floor":7,"turns":10},{"damage":11,"enemies":"Large Slime","floor":10,"turns":5},{"damage":2,"enemies":"Lagavulin","floor":11,"turns":4},{"damage":0,"enemies":"Lots of Slimes","floor":12,"turns":2},{"damage":8,"enemies":"3 Sentries","floor":13,"turns":7},{"damage":2,"enemies":"Looter","floor":14,"turns":3},{"damage":47,"enemies":"Slime Boss","floor":16,"turns":8},{"damage":22,"enemies":"2 Thieves","floor":18,"turns":4},{"damage":5,"enemies":"Shell Parasite","floor":19,"turns":3},{"damage":13,"enemies":"Snake Plant","floor":20,"turns":4},{"damage":14,"enemies":"Slaver and Parasite","floor":22,"turns":8},{"damage":38,"enemies":"Book of Stabbing","floor":23,"turns":7},{"damage":26,"enemies":"Gremlin Leader","floor":25,"turns":7},{"damage":0,"enemies":"Centurion and Healer","floor":27,"turns":6},{"damage":22,"enemies":"Book of Stabbing","floor":29,"turns":4},{"damage":0,"enemies":"Snecko","floor":30,"turns":3},{"damage":0,"enemies":"Snake Plant","floor":31,"turns":2},{"damage":51,"enemies":"Collector","floor":33,"turns":6}],"relics_obtained":[{"floor":6,"key":"Bag of Preparation"},{"floor":7,"key":"Regal Pillow"},{"floor":9,"key":"Toolbox"},{"floor":11,"key":"Mango"},{"floor":13,"key":"DataDisk"},{"floor":23,"key":"Strawberry"},{"floor":25,"key":"War Paint"},{"floor":26,"key":"Lantern"},{"floor":29,"key":"Art of War"}],"event_choices":[{"event_name":"Scrap Ooze","player_choice":"success","floor":5,"damage_taken":12},{"event_name":"Dead Adventurer","player_choice":"Searched \u00271\u0027 times","floor":7,"damage_taken":0},{"event_name":"Ghosts","player_choice":"Ignored","floor":21,"damage_taken":0}],"boss_relics":[{"not_picked":["Ectoplasm","Busted Crown","Coffee Dripper"]}],"items_purged_floors":[],"is_endless":false,"potions_floor_spawned":[1,6,7,11,12,14,18,22,27,29,30],"seed_played":"-6227615979156177022","killed_by":"Collector","ascension_level":2,"potions_obtained":[{"floor":1,"key":"Strength Potion"},{"floor":6,"key":"Energy Potion"},{"floor":7,"key":"PowerPotion"},{"floor":11,"key":"SneckoOil"},{"floor":12,"key":"SpeedPotion"},{"floor":14,"key":"Fire Potion"},{"floor":22,"key":"Explosive Potion"},{"floor":27,"key":"SkillPotion"},{"floor":29,"key":"PowerPotion"},{"floor":30,"key":"AttackPotion"}],"is_trial":false}