{"path_per_floor":["M","?","?","M","M","R","E","R","T","M","M","E","$","E","R","B",null,"M","M","?","?","M","E","$"],"character_chosen":"DEFECT","items_purchased":["Bronze Scales","Static Discharge"],"gold_per_floor":[117,117,67,86,102,102,127,127,127,141,161,188,37,67,67,168,168,187,198,198,198,211,239,86,86],"floor_reached":25,"campfire_rested":0,"playtime":3709,"item_purchase_floors":[13,24],"current_hp_per_floor":[72,72,72,72,67,67,47,47,47,47,47,38,38,32,32,23,92,90,81,81,81,54,10,10,0],"items_purged":["Strike_B"],"gold":86,"score":266,"play_id":"6421a32b-8391-4ea2-9138-473699e4d5f4","local_time":"20180606143531","is_prod":false,"is_daily":false,"chose_seed":false,"is_ascension_mode":false,"campfire_upgraded":3,"win_rate":0.0,"timestamp":1528288531,"campfire_choices":[{"data":"Zap","floor":6,"key":"SMITH"},{"data":"Streamline","floor":8,"key":"SMITH"},{"data":"Defragment","floor":15,"key":"SMITH"}],"path_taken":["M","?","?","M","M","R","E","R","T","M","?","E","$","E","R","BOSS","M","M","?","?","?","E","$","E"],"build_version":"2018-05-31","seed_source_timestamp":1913979479903,"purchased_purges":1,"victory":false,"master_deck":["Strike_B","Defend_B","Defend_B","Defend_B","Defend_B","Zap+1","Dualcast","Skim","Genetic Algorithm","Barrage","Streamline+1","Barrage+1","Defragment+1","White Noise","Electrodynamics","Darkness+1","Tempest+1","FTL+1","Static Discharge"],"max_hp_per_floor":[82,82,82,82,82,82,82,82,82,82,82,82,82,92,92,92,92,92,92,92,92,92,92,92,92],"relics":["Cracked Core","Gremlin Horn","Molten Egg 2","Vajra","Bronze Scales","Pear","Inserter","Toxic Egg 2","Sundial"],"card_choices":[{"not_picked":["Stack","Turbo"],"picked":"Skim","floor":1},{"not_picked":["Compile Driver","Storm"],"picked":"Genetic Algorithm","floor":4},{"not_picked":["Leap","Steam"],"picked":"Barrage","floor":5},{"not_picked":["Barrage","Rebound"],"picked":"Streamline","floor":7},{"not_picked":["Cold Snap+1","Chill"],"picked":"Barrage+1","floor":10},{"not_picked":["Fusion","Chill"],"picked":"Defragment","floor":11},{"not_picked":["Blizzard+1","Gash+1","Conserve Battery"],"picked":"SKIP","floor":12},{"not_picked":["Redo","Fission"],"picked":"White Noise","floor":14},{"not_picked":["Machine Learning","Fission"],"picked":"Electrodynamics","floor":16},{"not_picked":["Hologram","Sweeping Beam+1","Cold Snap+1"],"picked":"SKIP","floor":18},{"not_picked":["Hello World","Stack+1"],"picked":"Darkness+1","floor":19},{"not_picked":["Skim+1","Reprogram+1"],"picked":"Tempest+1","floor":22},{"not_picked":["Heatsinks","Coolheaded+1"],"picked":"FTL+1","floor":23}],"player_experience":325150,"potions_floor_usage":[7,23,25,25],"damage_taken":[{"damage":10,"enemies":"Jaw Worm","floor":1,"turns":4},{"damage":0,"enemies":"Cultist","floor":4,"turns":4},{"damage":5,"enemies":"Small Slimes","floor":5,"turns":4},{"damage":20,"enemies":"Lagavulin","floor":7,"turns":8},{"damage":0,"enemies":"2 Fungi Beasts","floor":10,"turns":2},{"damage":0,"enemies":"Gremlin Gang","floor":11,"turns":4},{"damage":9,"enemies":"3 Sentries","floor":12,"turns":6},{"damage":16,"enemies":"Lagavulin","floor":14,"turns":5},{"damage":9,"enemies":"Hexaghost","floor":16,"turns":8},{"damage":9,"enemies":"Spheric Guardian","floor":18,"turns":4},{"damage":9,"enemies":"3 Byrds","floor":19,"turns":4},{"damage":27,"enemies":"Snake Plant","floor":22,"turns":3},{"damage":44,"enemies":"Slavers","floor":23,"turns":4},{"damage":11,"enemies":"Gremlin Leader","floor":25,"turns":1}],"relics_obtained":[{"floor":7,"key":"Gremlin Horn"},{"floor":9,"key":"Molten Egg 2"},{"floor":12,"key":"Vajra"},{"floor":14,"key":"Pear"},{"floor":23,"key":"Sundial"}],"event_choices":[{"event_name":"Bonfire Elementals","player_choice":"BASIC","floor":2,"damage_taken":0},{"event_name":"The Cleric","player_choice":"Card Removal","floor":3,"damage_taken":0},{"event_name":"The Mausoleum","player_choice":"Yes","floor":20,"damage_taken":0},{"event_name":"Purifier","player_choice":"One Purge","floor":21,"damage_taken":0}],"boss_relics":[{"not_picked":["Pandora\u0027s Box","Lizard Tail"],"picked":"Inserter"}],"items_purged_floors":[24],"potions_floor_spawned":[1,12,16,18,23],"seed_played":"-8553837943606911858","killed_by":"Gremlin Leader","ascension_level":0,"potions_obtained":[{"floor":1,"key":"EssenceOfSteel"},{"floor":12,"key":"Fire Potion"},{"floor":16,"key":"Ancient Potion"},{"floor":18,"key":"FearPotion"},{"floor":23,"key":"Poison Potion"}],"is_trial":false}