{"gold_per_floor":[216,216,216,236,249,281,281,30,30,30,50,150,150,169,169,267,267,256,1,21,39,54,54,70,102,102,102,116,127,127,179,179,277,277,295,305,317,331,331,331,348,348,416,416,444,460,460,472,472,472],"floor_reached":50,"playtime":2460,"items_purged":["Strike_G","Strike_G"],"score":653,"play_id":"8097b96a-6ec4-4469-aaf8-9e567e05a679","local_time":"20190106185609","is_ascension_mode":true,"campfire_choices":[{"data":"Neutralize","floor":7,"key":"SMITH"},{"data":"Noxious Fumes","floor":13,"key":"SMITH"},{"floor":15,"key":"REST"},{"data":"Well Laid Plans","floor":23,"key":"SMITH"},{"data":"Catalyst","floor":27,"key":"SMITH"},{"floor":30,"key":"REST"},{"floor":32,"key":"REST"},{"data":"Footwork","floor":40,"key":"SMITH"},{"data":"Catalyst","floor":42,"key":"SMITH"},{"data":"Bouncing Flask","floor":44,"key":"SMITH"},{"floor":49,"key":"REST"}],"neow_cost":"NONE","seed_source_timestamp":551438789612000,"circlet_count":0,"master_deck":["Defend_G+1","Defend_G","Defend_G","Defend_G","Defend_G+1","Strike_G","Strike_G+1","Strike_G","Survivor","Neutralize+1","Noxious Fumes+1","Catalyst+1","Bane","Dash","Well Laid Plans+1","Bane","Crippling Poison","Bouncing Flask+1","PiercingWail","Night Terror","Terror","PiercingWail+1","Bouncing Flask+1","Deadly Poison+1","Corpse Explosion","Backflip","Catalyst+1","Footwork+1","Adrenaline","Backflip+1","Deflect+1","After Image","Good Instincts","Prepared+1","Blur"],"relics":["Ring of the Snake","Question Card","Happy Flower","Velvet Choker","Lantern","The Specimen","Dream Catcher","War Paint","Sozu","Bottled Tornado","Paper Crane"],"potions_floor_usage":[14,28,33,38],"damage_taken":[{"damage":2,"enemies":"Small Slimes","floor":1,"turns":4},{"damage":0,"enemies":"2 Louse","floor":4,"turns":3},{"damage":2,"enemies":"Jaw Worm","floor":5,"turns":4},{"damage":21,"enemies":"3 Sentries","floor":6,"turns":7},{"damage":8,"enemies":"Exordium Wildlife","floor":11,"turns":4},{"damage":6,"enemies":"Lots of Slimes","floor":14,"turns":4},{"damage":26,"enemies":"The Guardian","floor":16,"turns":9},{"damage":2,"enemies":"2 Thieves","floor":18,"turns":4},{"damage":0,"enemies":"3 Byrds","floor":20,"turns":5},{"damage":11,"enemies":"Centurion and Healer","floor":21,"turns":7},{"damage":0,"enemies":"Snake Plant","floor":22,"turns":3},{"damage":16,"enemies":"Sentry and Sphere","floor":24,"turns":5},{"damage":10,"enemies":"Book of Stabbing","floor":25,"turns":5},{"damage":24,"enemies":"Centurion and Healer","floor":28,"turns":5},{"damage":0,"enemies":"3 Cultists","floor":29,"turns":4},{"damage":45,"enemies":"Collector","floor":33,"turns":8},{"damage":2,"enemies":"Orb Walker","floor":35,"turns":4},{"damage":0,"enemies":"3 Darklings","floor":36,"turns":3},{"damage":30,"enemies":"Transient","floor":37,"turns":5},{"damage":1,"enemies":"Jaw Worm Horde","floor":38,"turns":4},{"damage":0,"enemies":"3 Darklings","floor":41,"turns":2},{"damage":28,"enemies":"Reptomancer","floor":45,"turns":4},{"damage":0,"enemies":"4 Shapes","floor":46,"turns":5},{"damage":0,"enemies":"Writhing Mass","floor":48,"turns":4},{"damage":50,"enemies":"Time Eater","floor":50,"turns":5}],"seed_played":"-6145414562404124713","potions_obtained":[{"floor":1,"key":"GamblersBrew"},{"floor":11,"key":"EssenceOfSteel"},{"floor":20,"key":"Fire Potion"},{"floor":21,"key":"SteroidPotion"},{"floor":22,"key":"FearPotion"},{"floor":28,"key":"SteroidPotion"}],"is_trial":false,"path_per_floor":["M","?","?","M","M","E","R","$","T","?","M","?","R","M","R","B",null,"M","$","M","M","M","R","M","E","T","R","M","M","R","T","R","B",null,"M","M","M","M","?","R","M","R","T","R","E","M","?","M","R","B"],"character_chosen":"THE_SILENT","items_purchased":["Well Laid Plans","Bane","Crippling Poison","Lantern"],"campfire_rested":4,"item_purchase_floors":[8,8,8,19],"current_hp_per_floor":[68,68,54,54,52,31,31,31,31,31,23,23,23,17,38,12,70,68,68,68,57,57,57,41,31,31,31,7,7,28,28,49,4,70,68,68,38,37,37,37,37,37,37,37,9,9,9,9,30,0],"gold":472,"neow_bonus":"HUNDRED_GOLD","is_prod":false,"is_daily":false,"chose_seed":false,"campfire_upgraded":7,"win_rate":0,"timestamp":1546797369,"path_taken":["M","?","?","M","M","E","R","$","T","?","?","?","R","M","R","BOSS","M","?","M","M","M","R","M","E","T","R","M","M","R","?","R","BOSS","M","M","?","M","?","R","M","R","T","R","E","M","?","M","R","BOSS"],"build_version":"2019-01-03v4","purchased_purges":2,"victory":false,"max_hp_per_floor":[70,70,70,70,70,70,70,70,70,70,70,70,70,70,70,70,70,70,70,70,70,70,70,70,70,70,70,70,70,70,70,70,70,70,70,70,70,70,70,70,70,70,70,70,70,70,70,70,70,70],"card_choices":[{"not_picked":["Riddle With Holes","Dodge and Roll"],"picked":"Noxious Fumes","floor":1},{"not_picked":["Infinite Blades","Caltrops"],"picked":"Catalyst","floor":4},{"not_picked":["Cloak And Dagger","Sucker Punch"],"picked":"Bane","floor":5},{"not_picked":["Flechettes","Caltrops"],"picked":"Dash","floor":6},{"not_picked":["Heel Hook","Crippling Poison","Acrobatics"],"picked":"Bouncing Flask","floor":11},{"not_picked":["Distraction","Dagger Throw","Backflip"],"picked":"PiercingWail","floor":14},{"not_picked":["Die Die Die","Tools of the Trade","Venomology"],"picked":"Night Terror","floor":16},{"not_picked":["Finisher","Deflect","Masterful Stab"],"picked":"Terror","floor":18},{"not_picked":["Predator+1","Blade Dance","Expertise"],"picked":"PiercingWail","floor":20},{"not_picked":["Underhanded Strike","Deflect","Quick Slash"],"picked":"Bouncing Flask+1","floor":21},{"not_picked":["Dagger Throw+1","All Out Attack+1","Acrobatics","Poisoned Stab+1"],"picked":"SKIP","floor":22},{"not_picked":["Dagger Throw","Masterful Stab","Distraction"],"picked":"Deadly Poison+1","floor":24},{"not_picked":["Caltrops","Choke+1","Escape Plan"],"picked":"Corpse Explosion","floor":25},{"not_picked":["Deadly Poison+1","Predator","Cloak And Dagger"],"picked":"Backflip","floor":28},{"not_picked":["Dash","Prepared","All Out Attack","Choke"],"picked":"SKIP","floor":29},{"not_picked":["Sucker Punch","Calculated Gamble","Prepared+1"],"picked":"Catalyst","floor":30},{"not_picked":["Deflect+1","Distraction","Riddle With Holes"],"picked":"Footwork","floor":32},{"not_picked":["Doppelganger","A Thousand Cuts","Glass Knife"],"picked":"Adrenaline","floor":33},{"not_picked":["Acrobatics+1","Dagger Spray","Heel Hook+1","Tactician+1"],"picked":"SKIP","floor":35},{"not_picked":["Terror+1","Deflect+1","Bouncing Flask"],"picked":"Backflip+1","floor":36},{"not_picked":["Riddle With Holes+1","Endless Agony","Dagger Throw+1","Masterful Stab"],"picked":"SKIP","floor":37},{"not_picked":["Caltrops+1","Predator","Outmaneuver+1"],"picked":"Deflect+1","floor":38},{"not_picked":["Backflip","Predator+1","Backstab","Slice"],"picked":"SKIP","floor":41},{"not_picked":["Deadly Poison","Endless Agony","Sucker Punch"],"picked":"After Image","floor":45},{"not_picked":["Setup","Flying Knee","Dash","Dagger Throw+1"],"picked":"SKIP","floor":46},{"not_picked":["Mind Blast","Magnetism","Swift Strike"],"picked":"Good Instincts","floor":47},{"not_picked":["Dodge and Roll+1","PiercingWail+1","Underhanded Strike+1"],"picked":"Prepared+1","floor":48},{"not_picked":["Poisoned Stab+1","Quick Slash+1","Dagger Spray"],"picked":"Blur","floor":49}],"player_experience":347727,"relics_obtained":[{"floor":6,"key":"Question Card"},{"floor":9,"key":"Happy Flower"},{"floor":25,"key":"The Specimen"},{"floor":26,"key":"Dream Catcher"},{"floor":31,"key":"War Paint"},{"floor":43,"key":"Bottled Tornado"},{"floor":45,"key":"Paper Crane"}],"event_choices":[{"damage_healed":0,"gold_gain":0,"player_choice":"Ignored","damage_taken":0,"max_hp_gain":0,"max_hp_loss":0,"event_name":"Golden Idol","floor":2,"gold_loss":0},{"damage_healed":0,"gold_gain":0,"player_choice":"Entered Light","damage_taken":14,"max_hp_gain":0,"max_hp_loss":0,"event_name":"Shining Light","floor":3,"gold_loss":0,"cards_upgraded":["Defend_G","Strike_G"]},{"damage_healed":0,"gold_gain":0,"player_choice":"Ignored","damage_taken":0,"max_hp_gain":0,"max_hp_loss":0,"event_name":"Liars Game","floor":10,"gold_loss":0},{"damage_healed":0,"gold_gain":100,"player_choice":"Pray","damage_taken":0,"max_hp_gain":0,"max_hp_loss":0,"event_name":"Golden Shrine","floor":12,"gold_loss":0},{"damage_healed":0,"gold_gain":0,"player_choice":"Ignored","damage_taken":0,"max_hp_gain":0,"max_hp_loss":0,"event_name":"Tomb of Lord Red Mask","floor":39,"gold_loss":0},{"damage_healed":0,"gold_gain":0,"player_choice":"Memory 1","damage_taken":0,"max_hp_gain":0,"max_hp_loss":0,"event_name":"SensoryStone","floor":47,"gold_loss":0}],"is_beta":false,"boss_relics":[{"not_picked":["Coffee Dripper","Lizard Tail"],"picked":"Velvet Choker"},{"not_picked":["Astrolabe","Busted Crown"],"picked":"Sozu"}],"items_purged_floors":[8,19],"is_endless":false,"potions_floor_spawned":[1,11,20,21,22,25,28,35,41,45],"killed_by":"Time Eater","ascension_level":4}