{"path_per_floor":["M","?","M","M","M","R","?","$","T","M","M","M","?","M","R","B",null,"M","?","T","?","M","R","M","R","T","R","?","M","E","M","R","B",null,"M","M","?","?","?","R","M","M","T","R","M","R","$","M","R"],"character_chosen":"IRONCLAD","items_purchased":["Bag of Marbles","Mummified Hand","Regen Potion","Regal Pillow","Rampage"],"gold_per_floor":[110,110,128,145,156,156,156,3,30,47,65,78,133,149,149,246,246,257,257,283,283,303,303,321,321,348,348,348,365,390,405,405,510,510,529,543,543,543,596,596,606,624,651,651,666,666,109,125,125],"floor_reached":50,"campfire_rested":0,"playtime":4419,"current_hp_per_floor":[80,77,80,80,77,77,77,77,77,78,70,71,56,53,53,52,80,76,61,61,61,58,58,34,34,34,34,34,25,31,33,33,8,59,53,31,31,31,17,17,12,19,19,19,27,27,27,27,27],"items_purged":["Defend_R"],"gold":125,"score":434,"play_id":"33b7bfd9-8c5e-446a-859e-f6cb41506bc7","is_prod":false,"is_daily":false,"is_ascension_mode":false,"campfire_upgraded":10,"path_taken":["M","?","M","M","M","R","?","$","T","?","M","?","?","M","R","BOSS","M","?","?","?","M","R","M","R","T","R","?","?","E","M","R","BOSS","M","M","?","?","?","R","?","M","T","R","M","R","$","M","R","BOSS"],"build_version":"2018-02-12-PROD1","purchased_purges":1,"victory":false,"master_deck":["Defend_R","Defend_R","Bash+1","Uppercut+1","Armaments+1","Metallicize+1","Thunderclap","Wild Strike","Spot Weakness+1","Pummel","Headbutt","Immolate+1","Power Through","Juggernaut+1","Headbutt+1","Barricade","Rampage+1","Bite","Bite","Bite","Bite","Bite","Pummel+1","Flame Barrier+1","Berserk","Warcry","Infernal Blade+1","Battle Trance+1","Fire Breathing","Intimidate","Rampage+1","Whirlwind+1"],"max_hp_per_floor":[80,80,80,80,80,80,80,80,80,80,80,80,80,80,80,80,80,80,85,85,85,85,85,85,85,85,85,59,59,59,59,59,59,59,59,59,59,59,59,59,59,59,59,59,59,59,59,59,59],"relics":["Burning Blood","Vajra","Bag of Marbles","Orichalcum","Bronze Scales","Mark of Pain","Ancient Tea Set","Lantern","Bag of Preparation","Lizard Tail","Peace Pipe","Blood Vial","Mummified Hand","Regal Pillow"],"card_choices":[{"not_picked":["Warcry","Evolve"],"picked":"Uppercut"},{"not_picked":["Clash","Perfected Strike"],"picked":"Armaments"},{"not_picked":["Clothesline","Disarm"],"picked":"Metallicize"},{"not_picked":["Warcry","Heavy Blade"],"picked":"Thunderclap"},{"not_picked":["Cleave","Uppercut"],"picked":"Spot Weakness"},{"not_picked":["Anger","Bloodletting"],"picked":"Pummel"},{"not_picked":["Body Slam","Combust"],"picked":"Headbutt"},{"not_picked":["Anger","Iron Wave"],"picked":"Immolate"},{"not_picked":["Flex","Body Slam"],"picked":"Power Through"},{"not_picked":["Impervious","Immolate"],"picked":"Juggernaut"},{"not_picked":["Shrug It Off","Iron Wave"],"picked":"Headbutt"},{"not_picked":["Iron Wave","Thunderclap"],"picked":"Rampage"},{"not_picked":["Clash","Perfected Strike"],"picked":"Pummel"},{"not_picked":["Dark Embrace","Iron Wave"],"picked":"Flame Barrier"},{"not_picked":["Impervious","Immolate"],"picked":"Berserk"},{"not_picked":["Shrug It Off","Clothesline"],"picked":"Warcry"},{"not_picked":["Armaments","Iron Wave"],"picked":"Infernal Blade"},{"not_picked":["Inflame","Feel No Pain"],"picked":"Battle Trance"},{"not_picked":["Headbutt","Clothesline"],"picked":"Fire Breathing"},{"not_picked":["Clothesline","True Grit"],"picked":"Intimidate"},{"not_picked":["Fire Breathing","Searing Blow"],"picked":"Whirlwind"}],"player_experience":62610,"potions_floor_usage":[16,33,33,39,50,50],"damage_taken":[{"damage":1,"enemies":"Jaw Worm","floor":1,"turns":5},{"damage":0,"enemies":"Cultist","floor":3,"turns":3},{"damage":4,"enemies":"Blue Slaver","floor":4,"turns":5},{"damage":9,"enemies":"3 Louse","floor":5,"turns":6},{"damage":5,"enemies":"Exordium Thugs","floor":10,"turns":5},{"damage":14,"enemies":"Gremlin Gang","floor":11,"turns":4},{"damage":5,"enemies":"Large Slime","floor":12,"turns":3},{"damage":21,"enemies":"Lagavulin Event","floor":13,"turns":7},{"damage":9,"enemies":"Exordium Wildlife","floor":14,"turns":2},{"damage":22,"enemies":"Hexaghost","floor":16,"turns":7},{"damage":10,"enemies":"2 Thieves","floor":18,"turns":4},{"damage":9,"enemies":"3 Byrds","floor":22,"turns":3},{"damage":30,"enemies":"Snake Plant","floor":24,"turns":3},{"damage":26,"enemies":"Cultist and Chosen","floor":29,"turns":7},{"damage":6,"enemies":"Slavers","floor":30,"turns":3},{"damage":10,"enemies":"Sentry and Sphere","floor":31,"turns":5},{"damage":41,"enemies":"Collector","floor":33,"turns":7},{"damage":16,"enemies":"3 Darklings","floor":35,"turns":3},{"damage":37,"enemies":"3 Shapes","floor":36,"turns":6},{"damage":31,"enemies":"Mysterious Sphere","floor":39,"turns":7},{"damage":21,"enemies":"Maw","floor":41,"turns":6},{"damage":33,"enemies":"4 Shapes","floor":42,"turns":6},{"damage":0,"enemies":"3 Darklings","floor":45,"turns":1},{"damage":10,"enemies":"Sphere and 2 Shapes","floor":48,"turns":4},{"damage":45,"enemies":"Donu and Deca","floor":50,"turns":3}],"event_choices":[{"event_name":"Scrap Ooze","player_choice":"success","floor":2,"damage_taken":3},{"event_name":"Match and Keep!","player_choice":"1 cards matched","floor":7,"damage_taken":0},{"event_name":"Dead Adventurer","player_choice":"Searched \u00273\u0027 times","floor":13,"damage_taken":0},{"event_name":"Forgotten Altar","player_choice":"Shed Blood","floor":19,"damage_taken":0},{"event_name":"The Library","player_choice":"Read","floor":21,"damage_taken":0},{"event_name":"Vampires","player_choice":"Became a vampire","floor":28,"damage_taken":0},{"event_name":"Tomb of Lord Red Mask","player_choice":"Ignored","floor":37,"damage_taken":0},{"event_name":"Wheel of Change","player_choice":"Card Removal","floor":38,"damage_taken":0},{"event_name":"Mysterious Sphere","player_choice":"Fight","floor":39,"damage_taken":0}],"boss_relics":[{"not_picked":["White Beast Statue","Sozu"],"picked":"Mark of Pain"},{"not_picked":["Runic Cube","Calling Bell"],"picked":"Lizard Tail"}],"potions_floor_spawned":[1,3,4,12,13,24,29,30,36,42],"seed_played":"4517172003154977093","killed_by":"Donu and Deca","ascension_level":0,"is_trial":false}