{"gold_per_floor":[119,136,150,160,179,211,211,236,236,261,261,186,219,219,219,219],"floor_reached":16,"playtime":564,"items_purged":["Strike_B"],"score":176,"play_id":"4423226d-6eec-4e2b-803f-841f37142aa2","local_time":"20190111032136","is_ascension_mode":true,"campfire_choices":[{"data":"Defragment","floor":7,"key":"SMITH"},{"floor":11,"key":"REST"},{"floor":15,"key":"REST"}],"neow_cost":"NONE","seed_source_timestamp":167608652310770,"circlet_count":0,"master_deck":["Strike_B","Strike_B","Defend_B","Defend_B","Defend_B","Defend_B","Zap","Dualcast","Defragment","Compile Driver","Defragment+1","Steam","Reboot","Blizzard","Defragment","Barrage"],"relics":["Cracked Core","Pen Nib","Boot","Happy Flower","Bottled Tornado","Ginger","Question Card"],"potions_floor_usage":[8,8,10,16],"damage_taken":[{"damage":0,"enemies":"2 Louse","floor":1,"turns":2},{"damage":2,"enemies":"Jaw Worm","floor":2,"turns":4},{"damage":1,"enemies":"Cultist","floor":3,"turns":4},{"damage":0,"enemies":"Large Slime","floor":4,"turns":4},{"damage":1,"enemies":"Looter","floor":5,"turns":4},{"damage":24,"enemies":"Lagavulin","floor":6,"turns":6},{"damage":23,"enemies":"Gremlin Nob","floor":8,"turns":4},{"damage":19,"enemies":"3 Sentries","floor":10,"turns":7},{"damage":24,"enemies":"Lagavulin","floor":13,"turns":6},{"damage":32,"enemies":"The Guardian","floor":16,"turns":8}],"seed_played":"-5306032753477981084","potions_obtained":[{"floor":1,"key":"Fire Potion"},{"floor":5,"key":"Regen Potion"},{"floor":6,"key":"Block Potion"},{"floor":8,"key":"Poison Potion"},{"floor":10,"key":"Energy Potion"}],"is_trial":false,"path_per_floor":["M","M","M","M","M","E","R","E","T","E","R","$","E","?","R","B"],"character_chosen":"DEFECT","items_purchased":[],"campfire_rested":2,"item_purchase_floors":[],"current_hp_per_floor":[68,66,65,65,64,40,40,17,17,13,35,35,11,4,26,0],"gold":219,"neow_bonus":"RANDOM_COMMON_RELIC","is_prod":false,"is_daily":false,"chose_seed":false,"campfire_upgraded":1,"win_rate":0,"timestamp":1547173296,"path_taken":["M","M","M","M","M","E","R","E","T","E","R","$","E","?","R","BOSS"],"build_version":"2019-01-03v4","purchased_purges":1,"victory":false,"max_hp_per_floor":[75,75,75,75,75,75,75,75,75,75,75,75,75,75,75,75],"card_choices":[{"not_picked":["Glacier","Steam Power"],"picked":"Defragment","floor":1},{"not_picked":["Sweeping Beam","Gash"],"picked":"Compile Driver","floor":2},{"not_picked":["Rip and Tear","Sweeping Beam"],"picked":"Defragment","floor":3},{"not_picked":["Ball Lightning","Genetic Algorithm"],"picked":"Steam","floor":4},{"not_picked":["Ball Lightning","Hello World","Hologram"],"picked":"SKIP","floor":5},{"not_picked":["Leap","Lockon"],"picked":"Reboot","floor":6},{"not_picked":["Ball Lightning","FTL"],"picked":"Blizzard","floor":8},{"not_picked":["Storm","Genetic Algorithm"],"picked":"Defragment","floor":10},{"not_picked":["Gash","Reinforced Body"],"picked":"Barrage","floor":13}],"player_experience":663431,"relics_obtained":[{"floor":6,"key":"Boot"},{"floor":8,"key":"Happy Flower"},{"floor":9,"key":"Bottled Tornado"},{"floor":10,"key":"Ginger"},{"floor":13,"key":"Question Card"}],"event_choices":[{"cards_removed":["Strike_B"],"damage_healed":0,"gold_gain":0,"player_choice":"Card Removal","damage_taken":7,"max_hp_gain":0,"max_hp_loss":0,"event_name":"Golden Wing","floor":14,"gold_loss":0}],"is_beta":false,"boss_relics":[],"items_purged_floors":[12],"is_endless":false,"potions_floor_spawned":[1,5,6,8,10],"killed_by":"The Guardian","ascension_level":7}