{"gold_per_floor":[117,42,42,60,36,68,68,88,114,140,153,166,166,189,189,265,265,220,234,269,194,244,244],"floor_reached":23,"playtime":999,"items_purged":[],"score":414,"play_id":"da05d102-d2b6-402d-b8a7-49100ddcfe3c","local_time":"20190101193615","is_ascension_mode":true,"campfire_choices":[{"data":"Defragment","floor":7,"key":"SMITH"},{"data":"Consume","floor":13,"key":"SMITH"},{"data":"Zap","floor":15,"key":"SMITH"}],"neow_cost":"NONE","seed_source_timestamp":123210060567900,"circlet_count":0,"master_deck":["AscendersBane","Strike_B","Strike_B","Defend_B","Defend_B","Defend_B","Defend_B","Zap+1","Dualcast","Conserve Battery","Consume+1","Coolheaded","Defragment+1","Cold Snap","Glacier","BootSequence","Chill","Amplify","Ball Lightning","Ball Lightning+1","Turbo"],"relics":["Cracked Core","NeowsBlessing","Omamori","Blood Vial","Letter Opener","Bronze Scales","Inserter","Red Mask"],"potions_floor_usage":[12,16,16],"damage_taken":[{"damage":0,"enemies":"Small Slimes","floor":1,"turns":1},{"damage":0,"enemies":"Cultist","floor":4,"turns":1},{"damage":0,"enemies":"Lagavulin","floor":6,"turns":1},{"damage":5,"enemies":"Jaw Worm","floor":8,"turns":3},{"damage":4,"enemies":"3 Sentries","floor":10,"turns":11},{"damage":0,"enemies":"Blue Slaver","floor":11,"turns":6},{"damage":10,"enemies":"Exordium Wildlife","floor":12,"turns":6},{"damage":21,"enemies":"Slime Boss","floor":16,"turns":21},{"damage":8,"enemies":"2 Thieves","floor":18,"turns":5},{"damage":8,"enemies":"Shell Parasite","floor":19,"turns":6},{"damage":25,"enemies":"Masked Bandits","floor":20,"turns":5},{"damage":32,"enemies":"Gremlin Leader","floor":23,"turns":7}],"seed_played":"3372982242470496305","potions_obtained":[{"floor":8,"key":"Poison Potion"},{"floor":10,"key":"SpeedPotion"},{"floor":12,"key":"Weak Potion"}],"is_trial":false,"path_per_floor":["M","?","?","M","$","E","R","M","T","E","M","M","R","T","R","B",null,"M","M","?","?","?","E"],"character_chosen":"DEFECT","items_purchased":["Coolheaded"],"campfire_rested":0,"item_purchase_floors":[5],"current_hp_per_floor":[64,64,64,64,64,64,64,59,59,57,59,51,51,51,51,32,61,55,49,26,26,26,0],"gold":244,"neow_bonus":"THREE_ENEMY_KILL","is_prod":false,"is_daily":false,"chose_seed":false,"campfire_upgraded":3,"win_rate":0,"timestamp":1546367775,"path_taken":["M","?","?","M","$","E","R","M","T","E","M","?","R","?","R","BOSS","M","M","?","?","?","E"],"build_version":"2018-12-20","purchased_purges":0,"victory":false,"max_hp_per_floor":[71,71,71,71,71,71,71,71,71,71,71,71,71,71,71,71,71,71,71,71,71,71,71],"card_choices":[{"not_picked":["Ball Lightning","Barrage"],"picked":"Conserve Battery","floor":1},{"not_picked":["Ball Lightning","Reinforced Body"],"picked":"Consume","floor":4},{"not_picked":["Consume","Turbo"],"picked":"Defragment","floor":6},{"not_picked":["Skim","Scrape"],"picked":"Cold Snap","floor":8},{"not_picked":["Turbo","Doom and Gloom"],"picked":"Glacier","floor":10},{"not_picked":["Machine Learning","Steam"],"picked":"BootSequence","floor":11},{"not_picked":["Melter","Leap"],"picked":"Chill","floor":12},{"not_picked":["Buffer","Electrodynamics"],"picked":"Amplify","floor":16},{"not_picked":["Go for the Eyes","Compile Driver"],"picked":"Ball Lightning","floor":18},{"not_picked":["Aggregate","Capacitor"],"picked":"Ball Lightning+1","floor":19},{"not_picked":["Gash","Steam"],"picked":"Turbo","floor":20}],"player_experience":330524,"relics_obtained":[{"floor":6,"key":"Omamori"},{"floor":9,"key":"Blood Vial"},{"floor":10,"key":"Letter Opener"},{"floor":14,"key":"Bronze Scales"},{"floor":20,"key":"Red Mask"}],"event_choices":[{"cards_removed":["Strike_B"],"damage_healed":0,"gold_gain":0,"player_choice":"Card Removal","damage_taken":0,"max_hp_gain":0,"max_hp_loss":0,"event_name":"The Cleric","floor":2,"gold_loss":75},{"damage_healed":0,"gold_gain":0,"player_choice":"Ignored","damage_taken":0,"max_hp_gain":0,"max_hp_loss":0,"event_name":"WeMeetAgain","floor":3,"gold_loss":0},{"damage_healed":0,"gold_gain":0,"player_choice":"Fought Bandits","damage_taken":0,"max_hp_gain":0,"max_hp_loss":0,"event_name":"Masked Bandits","floor":20,"gold_loss":0},{"cards_removed":["Strike_B"],"damage_healed":0,"gold_gain":0,"player_choice":"Gave Gold","damage_taken":0,"max_hp_gain":0,"max_hp_loss":0,"event_name":"Beggar","floor":21,"gold_loss":75},{"damage_healed":0,"gold_gain":100,"player_choice":"Bet on Murderer","damage_taken":0,"max_hp_gain":0,"max_hp_loss":0,"event_name":"The Joust","floor":22,"gold_loss":50}],"is_beta":false,"boss_relics":[{"not_picked":["Cursed Key","Sozu"],"picked":"Inserter"}],"items_purged_floors":[],"is_endless":false,"potions_floor_spawned":[8,10,12],"killed_by":"Gremlin Leader","ascension_level":17}