{"path_per_floor":["M","?","?","?","$","E","$","E","T","R","E","M","E","M","R","B",null,"M","?","M","M","$","R","M","R","T","M","E","R","$","M","R","B",null,"M","$","M","?","?","R","M","R","T","M","R","E","M","$","R","B"],"character_chosen":"THE_SILENT","items_purchased":["Unceasing Top","Mercury Hourglass","Pen Nib"],"gold_per_floor":[114,114,114,114,39,69,69,99,99,99,129,144,174,189,189,289,289,304,304,319,334,94,94,109,109,159,174,204,204,4,19,19,119,119,134,14,29,0,0,0,15,15,15,30,30,60,75,75,75,75],"floor_reached":51,"campfire_rested":3,"playtime":2585,"current_hp_per_floor":[59,59,59,56,56,56,56,50,50,70,62,62,54,51,51,51,70,70,70,70,60,60,60,44,70,70,63,17,55,55,47,47,35,77,77,77,77,77,77,77,77,77,77,76,76,48,48,48,48,49],"items_purged":["Reflex"],"gold":75,"score":823,"play_id":"03860ea1-fe25-4d78-b1a9-a02d5082b7c8","local_time":"20180408004901","daily_mods":["Insanity","Elite Swarm","Vintage"],"is_prod":false,"is_daily":true,"is_ascension_mode":false,"campfire_upgraded":5,"timestamp":1523162941,"path_taken":["M","?","?","?","$","E","$","E","T","R","E","M","E","?","R","BOSS","M","?","M","M","$","R","M","R","T","M","E","R","$","M","R","BOSS","M","$","M","?","?","R","M","R","T","M","R","E","?","?","R","BOSS"],"build_version":"2018-04-05v2","purchased_purges":1,"victory":true,"master_deck":["Setup","Bouncing Flask","Backstab+1","Terror+1","Quick Slash","Corpse Explosion","Dash","Burst","Crippling Poison","Tactician+1","Neutralize","Finisher","Masterful Stab","Dash","Wraith Form","Acrobatics","Blade Dance","Accuracy","Skewer","Malaise","Night Terror","Bane","Adrenaline","Bouncing Flask","Cloak And Dagger","Outmaneuver","Deadly Poison","Noxious Fumes+1","Dagger Spray","Night Terror","Unload","Noxious Fumes+1","Blade Dance+1","Poisoned Stab+1","Outmaneuver","Doppelganger","Flechettes+1","Accuracy","Accuracy","Dodge and Roll","Poisoned Stab","Doppelganger","Bouncing Flask","Storm of Steel+1","Eviscerate","Setup","Noxious Fumes","Storm of Steel","Tools of the Trade+1"],"max_hp_per_floor":[70,70,70,70,70,70,70,70,70,70,70,70,70,70,70,70,70,70,70,70,70,70,70,70,70,70,70,77,77,77,77,77,77,77,77,77,77,77,77,77,77,77,77,77,77,77,77,77,77,77],"relics":["Ring of the Snake","Blue Candle","Snake Skull","Anchor","Darkstone Periapt","Ornamental Fan","Pantograph","The Courier","Mummified Hand","Frozen Egg 2","Regal Pillow","Bag of Marbles","Dodecahedron","Whetstone","Unceasing Top","Vajra","Lantern","Bottled Flame","Strawberry","Mercury Hourglass","War Paint","Kunai","Lizard Tail","Meat on the Bone","Pen Nib","Shuriken","Red Mask","Happy Flower","Shovel","Ninja Scroll","Bag of Preparation","Paper Crane","Ancient Tea Set","Bronze Scales"],"card_choices":[{"not_picked":["Unload","Bullet Time"],"picked":"Storm of Steel","floor":13},{"not_picked":["Phantasmal Killer","Venomology"],"picked":"Tools of the Trade","floor":33}],"player_experience":165718,"potions_floor_usage":[11,21,27,46,50,50,50],"damage_taken":[{"damage":11,"enemies":"Jaw Worm","floor":1,"turns":2},{"damage":0,"enemies":"Gremlin Nob","floor":6,"turns":2},{"damage":6,"enemies":"Lagavulin","floor":8,"turns":5},{"damage":8,"enemies":"3 Sentries","floor":11,"turns":3},{"damage":0,"enemies":"Small Slimes","floor":12,"turns":2},{"damage":8,"enemies":"Gremlin Nob","floor":13,"turns":3},{"damage":3,"enemies":"Cultist","floor":14,"turns":3},{"damage":19,"enemies":"The Guardian","floor":16,"turns":6},{"damage":0,"enemies":"Spheric Guardian","floor":18,"turns":3},{"damage":0,"enemies":"3 Byrds","floor":20,"turns":3},{"damage":10,"enemies":"Centurion and Healer","floor":21,"turns":4},{"damage":16,"enemies":"3 Cultists","floor":24,"turns":5},{"damage":7,"enemies":"Snake Plant","floor":27,"turns":2},{"damage":53,"enemies":"Slavers","floor":28,"turns":5},{"damage":8,"enemies":"Centurion and Healer","floor":31,"turns":3},{"damage":37,"enemies":"Champ","floor":33,"turns":8},{"damage":0,"enemies":"3 Shapes","floor":35,"turns":2},{"damage":0,"enemies":"Orb Walker","floor":37,"turns":2},{"damage":0,"enemies":"3 Darklings","floor":41,"turns":1},{"damage":1,"enemies":"Maw","floor":44,"turns":4},{"damage":28,"enemies":"Nemesis","floor":46,"turns":5},{"damage":0,"enemies":"Sphere and 2 Shapes","floor":47,"turns":2},{"damage":24,"enemies":"Donu and Deca","floor":50,"turns":5}],"event_choices":[{"event_name":"Shining Light","player_choice":"Ignored","floor":2,"damage_taken":0},{"event_name":"Purifier","player_choice":"One Purge","floor":3,"damage_taken":0},{"event_name":"Scrap Ooze","player_choice":"success","floor":4,"damage_taken":3},{"event_name":"Purifier","player_choice":"One Purge","floor":19,"damage_taken":0},{"event_name":"Tomb of Lord Red Mask","player_choice":"Paid","floor":38,"damage_taken":0},{"event_name":"Mysterious Sphere","player_choice":"Ignore","floor":39,"damage_taken":0}],"boss_relics":[{"not_picked":[]},{"not_picked":["Runic Dome","Orrery"],"picked":"Lizard Tail"}],"potions_floor_spawned":[8,14,16,18,20,33,41,44,47],"seed_played":"751993229486629799","ascension_level":0,"is_trial":false}