{"gold_per_floor":[117,117,135,160,160,160,6,6,74,74,74,115,115,115,115,208,208,222,240,240],"floor_reached":20,"playtime":722,"items_purged":[],"score":281,"play_id":"ea8cb61c-398d-4187-bfb5-76120ce02746","local_time":"20190207205729","is_ascension_mode":true,"campfire_choices":[{"data":"Neutralize","floor":6,"key":"SMITH"},{"floor":8,"key":"REST"},{"data":"Footwork","floor":10,"key":"SMITH"},{"data":"Footwork","floor":15,"key":"SMITH"}],"neow_cost":"NONE","seed_source_timestamp":131716603798400,"circlet_count":0,"master_deck":["AscendersBane","Defend_G+1","Defend_G","Defend_G","Defend_G","Defend_G","Strike_G","Strike_G","Strike_G","Strike_G","Survivor","Neutralize+1","Bane+1","Footwork+1","Poisoned Stab","Flying Knee","Footwork+1","Choke","After Image","Deadly Poison","Dagger Spray"],"relics":["Ring of the Snake","Snake Skull","Golden Idol","Pantograph","Gremlin Horn","Pear","Eternal Feather"],"potions_floor_usage":[16],"damage_taken":[{"damage":2,"enemies":"2 Louse","floor":1,"turns":3},{"damage":1,"enemies":"Jaw Worm","floor":3,"turns":5},{"damage":8,"enemies":"Small Slimes","floor":4,"turns":4},{"damage":24,"enemies":"Gremlin Nob","floor":12,"turns":4},{"damage":22,"enemies":"The Guardian","floor":16,"turns":17},{"damage":31,"enemies":"Spheric Guardian","floor":18,"turns":8},{"damage":35,"enemies":"3 Byrds","floor":19,"turns":8},{"damage":8,"enemies":"3 Cultists","floor":20,"turns":3}],"seed_played":"2778916439343550108","potions_obtained":[{"floor":1,"key":"GhostInAJar"},{"floor":16,"key":"Dexterity Potion"},{"floor":18,"key":"FearPotion"},{"floor":19,"key":"Poison Potion"}],"is_trial":false,"path_per_floor":["M","?","M","M","?","R","$","R","T","R","T","E","?","?","R","B",null,"M","M","M"],"character_chosen":"THE_SILENT","items_purchased":["Footwork","Poisoned Stab","Flying Knee"],"campfire_rested":1,"item_purchase_floors":[7,7,7],"current_hp_per_floor":[61,61,60,52,39,39,39,58,58,58,58,44,49,49,49,52,73,42,7,0],"gold":240,"neow_bonus":"RANDOM_COMMON_RELIC","is_prod":false,"is_daily":false,"chose_seed":false,"campfire_upgraded":3,"win_rate":0,"timestamp":1549569449,"path_taken":["M","?","M","M","?","R","$","R","T","R","?","E","?","?","R","BOSS","M","M","?"],"build_version":"2019-01-23","purchased_purges":0,"victory":false,"max_hp_per_floor":[70,65,65,65,65,65,65,65,65,65,65,75,80,80,80,80,80,80,80,80],"card_choices":[{"not_picked":["Acrobatics","Eviscerate"],"picked":"Bane","floor":1},{"not_picked":["Acrobatics","Blade Dance","Dagger Throw"],"picked":"SKIP","floor":3},{"not_picked":["Flying Knee","A Thousand Cuts","Bane"],"picked":"SKIP","floor":4},{"not_picked":["Prepared","Bullet Time"],"picked":"Footwork","floor":12},{"not_picked":["Die Die Die","Storm of Steel"],"picked":"After Image","floor":16},{"not_picked":["Backflip+1","Accuracy"],"picked":"Deadly Poison","floor":18},{"not_picked":["Outmaneuver","Prepared"],"picked":"Dagger Spray","floor":19}],"player_experience":476225,"relics_obtained":[{"floor":9,"key":"Pantograph"},{"floor":11,"key":"Gremlin Horn"},{"floor":12,"key":"Pear"}],"event_choices":[{"damage_healed":0,"gold_gain":0,"player_choice":"Lose Max HP","damage_taken":0,"relics_obtained":["Golden Idol"],"max_hp_gain":0,"max_hp_loss":5,"event_name":"Golden Idol","floor":2,"gold_loss":0},{"damage_healed":0,"gold_gain":0,"player_choice":"Entered Light","damage_taken":13,"max_hp_gain":0,"max_hp_loss":0,"event_name":"Shining Light","floor":5,"gold_loss":0,"cards_upgraded":["Bane","Defend_G"]},{"damage_healed":0,"gold_gain":0,"player_choice":"Donut","damage_taken":0,"max_hp_gain":5,"max_hp_loss":0,"event_name":"Big Fish","floor":13,"gold_loss":0},{"damage_healed":0,"gold_gain":0,"cards_transformed":["Strike_G"],"player_choice":"Transformed","damage_taken":0,"max_hp_gain":0,"max_hp_loss":0,"event_name":"Transmorgrifier","floor":14,"gold_loss":0,"cards_obtained":["Choke"]}],"is_beta":false,"boss_relics":[{"not_picked":["White Beast Statue","Tiny House"],"picked":"Eternal Feather"}],"items_purged_floors":[],"is_endless":false,"potions_floor_spawned":[1,16,18,19],"killed_by":"3 Cultists","ascension_level":13}