{"path_per_floor":["M","M","?","M","?","E","M","R","T","T","?","?","E","M","R","B",null,"M","M","?","?","?","R","M","E","T","M","?"],"character_chosen":"THE_SILENT","items_purchased":[],"gold_per_floor":[117,136,195,210,210,244,261,261,342,369,369,369,395,413,413,515,515,529,542,542,542,542,542,555,582,605,617,542],"floor_reached":29,"campfire_rested":0,"playtime":2347,"current_hp_per_floor":[77,77,77,77,77,48,46,46,46,46,34,34,31,24,24,11,77,77,77,53,53,53,53,31,25,25,10,10],"items_purged":[],"gold":542,"score":279,"play_id":"38568ff3-ec0e-4c2b-b35d-79dfbee40b8c","local_time":"20180313103019","is_prod":false,"is_daily":false,"is_ascension_mode":false,"campfire_upgraded":3,"timestamp":1520933419,"path_taken":["M","M","?","M","?","E","M","R","T","?","?","?","E","M","R","BOSS","M","M","?","?","?","R","?","E","T","M","?","M"],"build_version":"2018-03-09","purchased_purges":0,"victory":false,"master_deck":["Defend_G","Defend_G","Defend_G","Defend_G","Defend_G","Survivor","Neutralize","Backstab","Escape Plan","Poisoned Stab","Accuracy+1","Blade Dance+1","Bouncing Flask+1","Poisoned Stab","Adrenaline","Cloak And Dagger","Underhanded Strike+1","Bite","Bite","Bite","Bite","Wraith Form"],"max_hp_per_floor":[77,77,77,77,77,77,77,77,77,77,77,77,77,77,77,77,77,77,77,53,53,53,53,55,55,55,57,57],"relics":["Ring of the Snake","Strawberry","Singing Bowl","Snake Skull","Bag of Preparation","Smiling Mask","Happy Flower","The Specimen","Nloth\u0027s Gift","Molten Egg 2","Juzu Bracelet","Dream Catcher"],"card_choices":[{"not_picked":["Deadly Poison","Dagger Throw"],"picked":"Backstab"},{"not_picked":["Deadly Poison","Underhanded Strike"],"picked":"Escape Plan"},{"not_picked":["Quick Slash","Blade Dance"],"picked":"Poisoned Stab"},{"not_picked":["Expertise","Sucker Punch"],"picked":"Accuracy"},{"not_picked":["Malaise","Skewer"],"picked":"Blade Dance"},{"not_picked":["Skewer","Acrobatics"],"picked":"Bouncing Flask"},{"not_picked":["Bane","Backflip"],"picked":"Poisoned Stab"},{"not_picked":["Corpse Explosion","Wraith Form"],"picked":"Adrenaline"},{"not_picked":["Acrobatics","Deadly Poison"],"picked":"Cloak And Dagger"},{"not_picked":["Bane","Deflect"],"picked":"Underhanded Strike"},{"not_picked":["Backflip","Dagger Spray"],"picked":"Wraith Form"}],"player_experience":189508,"potions_floor_usage":[13,16,16,25,29,29],"damage_taken":[{"damage":0,"enemies":"Jaw Worm","floor":1,"turns":6},{"damage":0,"enemies":"2 Louse","floor":2,"turns":2},{"damage":0,"enemies":"Cultist","floor":4,"turns":4},{"damage":29,"enemies":"Gremlin Nob","floor":6,"turns":5},{"damage":2,"enemies":"3 Louse","floor":7,"turns":4},{"damage":18,"enemies":"Lagavulin","floor":13,"turns":7},{"damage":7,"enemies":"Looter","floor":14,"turns":3},{"damage":13,"enemies":"The Guardian","floor":16,"turns":8},{"damage":0,"enemies":"Spheric Guardian","floor":18,"turns":2},{"damage":0,"enemies":"Chosen","floor":19,"turns":5},{"damage":32,"enemies":"Snake Plant","floor":24,"turns":4},{"damage":28,"enemies":"Slavers","floor":25,"turns":4},{"damage":27,"enemies":"Cultist and Chosen","floor":27,"turns":6},{"damage":26,"enemies":"Chosen and Byrds","floor":29,"turns":5}],"event_choices":[{"event_name":"Golden Wing","player_choice":"Gained Gold","floor":3,"damage_taken":0},{"event_name":"Big Fish","player_choice":"Box","floor":5,"damage_taken":0},{"event_name":"Scrap Ooze","player_choice":"success","floor":11,"damage_taken":12},{"event_name":"Living Wall","player_choice":"Forget","floor":12,"damage_taken":0},{"event_name":"Vampires","player_choice":"Became a vampire","floor":20,"damage_taken":0},{"event_name":"N\u0027loth","player_choice":"Traded a Toolbox","floor":21,"damage_taken":0},{"event_name":"The Mausoleum","player_choice":"Yes","floor":22,"damage_taken":0},{"event_name":"Beggar","player_choice":"Gave Gold","floor":28,"damage_taken":0}],"boss_relics":[{"not_picked":["Velvet Choker","Tiny House"],"picked":"The Specimen"}],"potions_floor_spawned":[2,4,6,16,19,24],"seed_played":"-358302934569174899","killed_by":"Chosen and Byrds","ascension_level":0,"is_trial":false}