{"gold_per_floor":[360,435,435,445,620,620,630,630,630,630,363,387,407,407,407,535,535,558,168,187,210,230,230,264,264,264,75,75,93,4,40,40,168,168,192,525,525,170,170,205,205,215,215,215,227,256,276,303,303,303,303,303,153,178,178],"floor_reached":56,"playtime":11264,"items_purged":["Doubt","Injury","Strike_B","Defend_B"],"score":1688,"play_id":"6e601233-15d9-410e-93aa-8afe139ed31b","local_time":"20190305115738","is_ascension_mode":true,"campfire_choices":[{"floor":6.0,"key":"REST"},{"data":"Coolheaded","floor":10.0,"key":"SMITH"},{"data":"Undo","floor":15.0,"key":"SMITH"},{"data":"White Noise","floor":23.0,"key":"SMITH"},{"data":"Recycle","floor":25.0,"key":"SMITH"},{"data":"Apotheosis","floor":32.0,"key":"SMITH"},{"floor":44.0,"key":"RECALL"},{"data":"Buffer","floor":49.0,"key":"SMITH"},{"data":"Defragment","floor":52.0,"key":"SMITH"}],"neow_cost":"PERCENT_DAMAGE","seed_source_timestamp":650286467756600,"circlet_count":0,"master_deck":["Defend_B+1","Defend_B+1","Defend_B","Zap","Dualcast","Coolheaded+1","White Noise","Self Repair","Undo+1","Go for the Eyes+1","Creative AI","Recycle+1","White Noise+1","Ball Lightning+1","Reboot","Apotheosis+1","Streamline+1","Chill","Glacier","Impatience","Amplify","Buffer+1","Dark Shackles","Sunder+1","Storm","Defragment+1"],"special_seed":0,"relics":["Cracked Core","Symbiotic Virus","Tiny Chest","Orichalcum","Philosopher\u0027s Stone","Mummified Hand","DataDisk","Centennial Puzzle","Pen Nib","Regal Pillow","Sozu","Bag of Preparation","Omamori","Whetstone","Frozen Egg 2","Cables"],"potions_floor_usage":[55,55,55],"damage_taken":[{"damage":2.0,"enemies":"Jaw Worm","floor":1.0,"turns":3.0},{"damage":0.0,"enemies":"Small Slimes","floor":4.0,"turns":4.0},{"damage":0.0,"enemies":"2 Louse","floor":7.0,"turns":4.0},{"damage":0.0,"enemies":"Large Slime","floor":13.0,"turns":7.0},{"damage":27.0,"enemies":"Hexaghost","floor":16.0,"turns":16.0},{"damage":0.0,"enemies":"Shell Parasite","floor":18.0,"turns":6.0},{"damage":12.0,"enemies":"3 Byrds","floor":20.0,"turns":4.0},{"damage":5.0,"enemies":"Shelled Parasite and Fungi","floor":22.0,"turns":7.0},{"damage":36.0,"enemies":"Slavers","floor":24.0,"turns":6.0},{"damage":0.0,"enemies":"Cultist and Chosen","floor":29.0,"turns":6.0},{"damage":16.0,"enemies":"Gremlin Leader","floor":31.0,"turns":5.0},{"damage":0.0,"enemies":"Collector","floor":33.0,"turns":8.0},{"damage":1.0,"enemies":"Orb Walker","floor":35.0,"turns":3.0},{"damage":37.0,"enemies":"Nemesis","floor":40.0,"turns":7.0},{"damage":0.0,"enemies":"3 Shapes","floor":42.0,"turns":5.0},{"damage":12.0,"enemies":"Spire Growth","floor":45.0,"turns":6.0},{"damage":3.0,"enemies":"Reptomancer","floor":46.0,"turns":4.0},{"damage":0.0,"enemies":"Maw","floor":47.0,"turns":4.0},{"damage":0.0,"enemies":"Giant Head","floor":48.0,"turns":7.0},{"damage":1.0,"enemies":"Time Eater","floor":50.0,"turns":7.0},{"damage":28.0,"enemies":"Shield and Spear","floor":54.0,"turns":3.0},{"damage":48,"enemies":"The Heart","floor":55,"turns":7}],"seed_played":"-7356373812500138422","potions_obtained":[{"floor":1.0,"key":"Swift Potion"},{"floor":4.0,"key":"LiquidBronze"},{"floor":7.0,"key":"Swift Potion"},{"floor":20.0,"key":"AttackPotion"},{"floor":24.0,"key":"LiquidBronze"},{"floor":29.0,"key":"Strength Potion"},{"floor":33.0,"key":"Poison Potion"}],"is_trial":false,"path_per_floor":["M","?","?","M","?","R","M","?","T","R","$","T","M","?","R","B",null,"M","$","M","T","M","R","E","R","T","$","?","M","$","E","R","B",null,"M","?","?","$","?","E","?","M","T","R","M","E","M","E","R","B",null,"R","$","E","B",null],"character_chosen":"DEFECT","items_purchased":["Tiny Chest","Self Repair","Mummified Hand","White Noise","Apotheosis","Impatience","Buffer","Bag of Preparation"],"campfire_rested":1,"item_purchase_floors":[11,11,19,19,27,30,38,38],"current_hp_per_floor":[48,37,22,22,22,44,44,44,44,44,44,44,51,51,51,31,64,71,71,66,66,68,68,39,39,39,39,39,59,59,53,53,60,71,75,75,75,75,65,48,48,62,62,62,64,71,75,75,75,75,75,75,75,57,9],"gold":178,"neow_bonus":"TWO_FIFTY_GOLD","is_prod":false,"is_daily":false,"chose_seed":false,"campfire_upgraded":7,"win_rate":0,"timestamp":1551812258,"path_taken":["M","?","?","M","?","R","M","?","T","R","$","?","?","?","R","BOSS","M","$","M","?","M","R","E","R","T","$","?","M","$","E","R","BOSS","M","?","?","$","?","E","?","M","T","R","M","E","?","E","R","BOSS","R","$","E","BOSS"],"build_version":"2019-01-23","purchased_purges":4,"victory":true,"max_hp_per_floor":[75,75,75,75,75,75,75,75,75,75,75,75,75,75,75,75,75,75,75,75,75,75,75,75,75,75,75,75,75,75,75,75,75,75,75,75,75,75,75,75,75,75,75,75,75,75,75,75,75,75,75,75,75,75,75],"card_choices":[{"not_picked":["Hello World","Redo"],"picked":"Coolheaded","floor":1.0},{"not_picked":["Go for the Eyes","Static Discharge"],"picked":"White Noise","floor":4.0},{"not_picked":["Rebound","Streamline","Go for the Eyes"],"picked":"SKIP","floor":7.0},{"not_picked":["Compile Driver","Leap"],"picked":"Undo","floor":13.0},{"not_picked":["Electrodynamics","Meteor Strike"],"picked":"Creative AI","floor":16.0},{"not_picked":["Go for the Eyes","Coolheaded+1"],"picked":"Recycle","floor":18.0},{"not_picked":["Sweeping Beam","Conserve Battery","Reinforced Body"],"picked":"SKIP","floor":20.0},{"not_picked":["Rebound+1","Skim"],"picked":"Ball Lightning+1","floor":22.0},{"not_picked":["Compile Driver+1","BootSequence"],"picked":"Reboot","floor":24.0},{"not_picked":["Coolheaded","Turbo"],"picked":"Glacier","floor":29.0},{"not_picked":["Conserve Battery","Doom and Gloom","Cold Snap"],"picked":"SKIP","floor":31.0},{"not_picked":["Meteor Strike","Fission"],"picked":"Amplify","floor":33.0},{"not_picked":["Scrape+1","Lockon+1","Gash"],"picked":"SKIP","floor":35.0},{"not_picked":["HandOfGreed","Flash of Steel"],"picked":"Dark Shackles","floor":39.0},{"not_picked":["Reprogram","Loop"],"picked":"Sunder+1","floor":40.0},{"not_picked":["Go for the Eyes","Static Discharge+1"],"picked":"Storm","floor":42.0},{"not_picked":["Heatsinks+1","Melter+1","Rip and Tear"],"picked":"SKIP","floor":45.0},{"not_picked":["Steam","Rebound"],"picked":"Defragment","floor":46.0},{"not_picked":["Static Discharge","Conserve Battery+1","Coolheaded"],"picked":"SKIP","floor":47.0},{"not_picked":["Streamline","Steam+1","Aggregate+1"],"picked":"SKIP","floor":48.0},{"not_picked":["Aggregate+1","Storm+1","Compile Driver"],"picked":"SKIP","floor":54.0}],"player_experience":448112,"relics_obtained":[{"floor":9.0,"key":"Symbiotic Virus"},{"floor":12.0,"key":"Orichalcum"},{"floor":21.0,"key":"DataDisk"},{"floor":24.0,"key":"Centennial Puzzle"},{"floor":26.0,"key":"Pen Nib"},{"floor":31.0,"key":"Regal Pillow"},{"floor":40.0,"key":"Omamori"},{"floor":46.0,"key":"Whetstone"},{"floor":48.0,"key":"Frozen Egg 2"},{"floor":54.0,"key":"Cables"}],"event_choices":[{"damage_healed":0.0,"max_hp_gain":0.0,"max_hp_loss":0.0,"gold_gain":75.0,"event_name":"World of Goop","player_choice":"Gather Gold","floor":2.0,"gold_loss":0.0,"damage_taken":11.0},{"damage_healed":0.0,"max_hp_gain":0.0,"max_hp_loss":0.0,"gold_gain":0.0,"event_name":"Shining Light","player_choice":"Entered Light","floor":3.0,"gold_loss":0.0,"damage_taken":15.0,"cards_upgraded":["Defend_B","Defend_B"]},{"damage_healed":0.0,"max_hp_gain":0.0,"max_hp_loss":0.0,"gold_gain":175.0,"event_name":"Liars Game","player_choice":"AGREE","floor":5.0,"gold_loss":0.0,"damage_taken":0.0,"cards_obtained":["Doubt"]},{"damage_healed":0.0,"max_hp_gain":0.0,"max_hp_loss":0.0,"gold_gain":0.0,"event_name":"Golden Idol","player_choice":"Take Wound","floor":8.0,"gold_loss":0.0,"damage_taken":0.0,"relics_obtained":["Golden Idol"],"cards_obtained":["Injury"]},{"damage_healed":0.0,"max_hp_gain":0.0,"max_hp_loss":0.0,"gold_gain":0.0,"cards_transformed":["Strike_B"],"event_name":"Transmorgrifier","player_choice":"Transformed","floor":14.0,"gold_loss":0.0,"damage_taken":0.0,"cards_obtained":["Go for the Eyes"]},{"damage_healed":0.0,"max_hp_gain":0.0,"max_hp_loss":0.0,"gold_gain":0.0,"cards_transformed":["Strike_B","Strike_B"],"event_name":"Drug Dealer","player_choice":"Became Test Subject","floor":28.0,"gold_loss":0.0,"damage_taken":0.0,"cards_obtained":["Streamline","Chill"]},{"damage_healed":0.0,"max_hp_gain":0.0,"max_hp_loss":0.0,"gold_gain":333.0,"event_name":"The Moai Head","player_choice":"Gave Idol","floor":36.0,"relics_lost":["Golden Idol"],"gold_loss":0.0,"damage_taken":0.0},{"damage_healed":0.0,"max_hp_gain":0.0,"max_hp_loss":0.0,"gold_gain":0.0,"event_name":"Tomb of Lord Red Mask","player_choice":"Ignored","floor":37.0,"gold_loss":0.0,"damage_taken":0.0},{"damage_healed":0.0,"max_hp_gain":0.0,"max_hp_loss":0.0,"gold_gain":0.0,"event_name":"SensoryStone","player_choice":"Memory 3","floor":39.0,"gold_loss":0.0,"damage_taken":10.0},{"damage_healed":0.0,"max_hp_gain":0.0,"max_hp_loss":0.0,"gold_gain":0.0,"event_name":"The Woman in Blue","player_choice":"Bought 0 Potions","floor":41.0,"gold_loss":0.0,"damage_taken":0.0}],"is_beta":false,"boss_relics":[{"not_picked":["Empty Cage","FrozenCore"],"picked":"Philosopher\u0027s Stone"},{"not_picked":["Runic Pyramid","Velvet Choker"],"picked":"Sozu"}],"items_purged_floors":[11,19,38,53],"is_endless":false,"potions_floor_spawned":[1,4,7,20,24,29,33,35,45],"ascension_level":8}