{"gold_per_floor":[211,211,211,236,79,79,122,195,195,195,213,213,254,275,275,403,403,421,444,216,216,216,216,247,247,247,271,271,271,290,304,304,423,423,439,564,27,27,0,0,31,31,31,65,65,79,79,102,102,102],"floor_reached":51,"playtime":5152,"items_purged":["Strike_B","Injury"],"score":763,"play_id":"cf2a884a-27c2-410f-8311-2153ce1e4a0d","local_time":"20181125125615","is_ascension_mode":true,"campfire_choices":[{"floor":6.0,"key":"REST"},{"floor":12.0,"key":"REST"},{"floor":15.0,"key":"REST"},{"data":"Fusion","floor":23.0,"key":"SMITH"},{"floor":25.0,"key":"REST"},{"data":"Echo Form","floor":29.0,"key":"SMITH"},{"floor":32,"key":"REST"},{"floor":40,"key":"REST"},{"data":"Loop","floor":45,"key":"SMITH"},{"floor":49,"key":"REST"}],"neow_cost":"NONE","seed_source_timestamp":0,"circlet_count":0,"master_deck":["Strike_B","Defend_B","Defend_B","Defend_B","Defend_B","Zap","Dualcast","Gash","Cold Snap","Cold Snap","Ball Lightning","Echo Form+1","Double Energy","Ball Lightning","Fusion+1","Reboot","Go for the Eyes+1","Gash","Steam Power","Leap+1","Chaos","Chaos","Gash","FTL","Streamline+1","Loop+1","Gash","Cold Snap+1","Conserve Battery+1","Streamline+1"],"special_seed":0,"relics":["FrozenCore","Golden Idol","PreservedInsect","Happy Flower","Bronze Scales","Pear","Juzu Bracelet","Pen Nib","Nunchaku","Mercury Hourglass","Black Star","Unceasing Top","Regal Pillow","DollysMirror","Centennial Puzzle","Red Mask","Smiling Mask","DataDisk","Strawberry","Bottled Tornado","Meat on the Bone"],"potions_floor_usage":[33,36,46,48,50,50],"damage_taken":[{"damage":0.0,"enemies":"Small Slimes","floor":1.0,"turns":5.0},{"damage":2.0,"enemies":"2 Louse","floor":4.0,"turns":3.0},{"damage":24.0,"enemies":"3 Sentries","floor":7.0,"turns":7.0},{"damage":10.0,"enemies":"Lagavulin Event","floor":8.0,"turns":5.0},{"damage":0.0,"enemies":"Cultist","floor":11.0,"turns":3.0},{"damage":13.0,"enemies":"Lagavulin","floor":13.0,"turns":4.0},{"damage":14.0,"enemies":"Gremlin Gang","floor":14.0,"turns":3.0},{"damage":36.0,"enemies":"Slime Boss","floor":16.0,"turns":9.0},{"damage":7.0,"enemies":"Shell Parasite","floor":18.0,"turns":4.0},{"damage":6.0,"enemies":"Chosen","floor":19.0,"turns":5.0},{"damage":27.0,"enemies":"Book of Stabbing","floor":24.0,"turns":4.0},{"damage":6.0,"enemies":"Snecko","floor":27.0,"turns":4.0},{"damage":18,"enemies":"Snake Plant","floor":30,"turns":4},{"damage":3,"enemies":"Cultist and Chosen","floor":31,"turns":5},{"damage":52,"enemies":"Champ","floor":33,"turns":13},{"damage":8,"enemies":"Orb Walker","floor":35,"turns":3},{"damage":16,"enemies":"Mind Bloom Boss Battle","floor":36,"turns":7},{"damage":6,"enemies":"Reptomancer","floor":41,"turns":4},{"damage":12,"enemies":"Nemesis","floor":44,"turns":5},{"damage":3,"enemies":"3 Shapes","floor":46,"turns":5},{"damage":21,"enemies":"Writhing Mass","floor":48,"turns":6},{"damage":72,"enemies":"Awakened One","floor":50,"turns":11}],"seed_played":"9160458125934983667","potions_obtained":[{"floor":4.0,"key":"FocusPotion"},{"floor":7.0,"key":"Weak Potion"},{"floor":11.0,"key":"Energy Potion"},{"floor":13.0,"key":"Regen Potion"},{"floor":18.0,"key":"Block Potion"},{"floor":31,"key":"Regen Potion"},{"floor":33,"key":"Energy Potion"},{"floor":35,"key":"FearPotion"},{"floor":42,"key":"Regen Potion"},{"floor":42,"key":"Swift Potion"},{"floor":48,"key":"Poison Potion"}],"is_trial":false,"path_per_floor":["M","?","?","M","$","R","E","?","T","?","M","R","E","M","R","B",null,"M","M","$","?","?","R","E","R","T","M","?","R","M","M","R","B",null,"M","?","$","?","?","R","E","?","T","E","R","M","?","M","R","B",null],"character_chosen":"DEFECT","items_purchased":["PreservedInsect","Pen Nib","Regal Pillow","Loop","DollysMirror"],"campfire_rested":7,"item_purchase_floors":[5,20,37,37,37],"current_hp_per_floor":[75,68,50,48,48,70,46,36,46,46,46,71,58,49,74,38,85,78,72,72,72,72,72,45,70,70,64,64,64,46,43,68,31,85,77,61,61,61,61,85,79,79,86,74,74,71,71,62,92,32],"gold":102,"neow_bonus":"HUNDRED_GOLD","is_prod":false,"is_daily":false,"chose_seed":false,"campfire_upgraded":3,"win_rate":0,"timestamp":1543179375,"path_taken":["M","?","?","M","$","R","E","?","T","?","?","R","E","M","R","BOSS","M","M","$","?","?","R","E","R","T","M","?","R","M","M","R","BOSS","M","?","$","?","?","R","E","?","T","E","R","M","?","M","R","BOSS"],"build_version":"2018-11-15","purchased_purges":2,"victory":true,"max_hp_per_floor":[75,75,75,75,75,75,75,75,85,85,85,85,85,85,85,85,85,85,85,85,85,85,85,85,85,85,85,85,85,85,85,85,85,85,85,85,85,85,85,85,85,85,92,92,92,92,92,92,92,92],"card_choices":[{"not_picked":["Streamline","Go for the Eyes"],"picked":"Gash","floor":1.0},{"not_picked":["Loop","Redo"],"picked":"Cold Snap","floor":4.0},{"not_picked":["Sunder","Blizzard"],"picked":"Cold Snap","floor":7.0},{"not_picked":["Skim","Biased Cognition"],"picked":"Ball Lightning","floor":8.0},{"not_picked":["Steam","Streamline"],"picked":"Double Energy","floor":11.0},{"not_picked":["Double Energy","Aggregate"],"picked":"Ball Lightning","floor":13.0},{"not_picked":["Stack","Sweeping Beam"],"picked":"Fusion","floor":14.0},{"not_picked":["Seek","Multi-Cast"],"picked":"Reboot","floor":16.0},{"not_picked":["Beam Cell","Compile Driver+1"],"picked":"Go for the Eyes+1","floor":18.0},{"not_picked":["Beam Cell","Consume"],"picked":"Gash","floor":19.0},{"not_picked":["Rainbow","Hologram+1"],"picked":"Leap+1","floor":24.0},{"not_picked":["Rip and Tear","Hologram+1"],"picked":"Chaos","floor":27.0},{"not_picked":["Sunder","Leap+1"],"picked":"Gash","floor":30},{"not_picked":["Leap","Hologram","Stack"],"picked":"SKIP","floor":31},{"not_picked":["Meteor Strike","Multi-Cast"],"picked":"Thunder Strike","floor":33},{"not_picked":["Beam Cell","Static Discharge"],"picked":"FTL","floor":35},{"not_picked":["Lockon","Leap"],"picked":"Streamline+1","floor":36},{"not_picked":["Cold Snap","Doom and Gloom","Storm"],"picked":"SKIP","floor":41},{"not_picked":["Biased Cognition","Storm"],"picked":"Cold Snap+1","floor":44},{"not_picked":["Coolheaded","Lockon"],"picked":"Conserve Battery+1","floor":46},{"not_picked":["Leap+1","Stack+1"],"picked":"Streamline+1","floor":48}],"player_experience":216070,"relics_obtained":[{"floor":7.0,"key":"Happy Flower"},{"floor":8.0,"key":"Bronze Scales"},{"floor":9.0,"key":"Pear"},{"floor":13.0,"key":"Juzu Bracelet"},{"floor":24.0,"key":"Nunchaku"},{"floor":26.0,"key":"Mercury Hourglass"},{"floor":36,"key":"Unceasing Top"},{"floor":41,"key":"Smiling Mask"},{"floor":41,"key":"DataDisk"},{"floor":43,"key":"Strawberry"},{"floor":44,"key":"Bottled Tornado"},{"floor":44,"key":"Meat on the Bone"}],"event_choices":[{"cards_removed":["Strike_B"],"damage_healed":0.0,"max_hp_gain":0.0,"max_hp_loss":0.0,"gold_gain":0.0,"event_name":"Golden Wing","player_choice":"Card Removal","floor":2.0,"gold_loss":0.0,"damage_taken":7.0},{"damage_healed":0.0,"max_hp_gain":0.0,"max_hp_loss":0.0,"gold_gain":0.0,"event_name":"Golden Idol","player_choice":"Take Damage","floor":3.0,"gold_loss":0.0,"damage_taken":18.0,"relics_obtained":["Golden Idol"]},{"damage_healed":0.0,"max_hp_gain":0.0,"max_hp_loss":0.0,"gold_gain":0.0,"event_name":"Dead Adventurer","player_choice":"Searched \u00272\u0027 times","floor":8.0,"gold_loss":0.0,"damage_taken":0.0},{"damage_healed":0.0,"max_hp_gain":0.0,"max_hp_loss":0.0,"gold_gain":0.0,"event_name":"Match and Keep!","player_choice":"1 cards matched","floor":10.0,"gold_loss":0.0,"damage_taken":0.0,"cards_obtained":["Echo Form"]},{"cards_removed":["Strike_B"],"damage_healed":0.0,"max_hp_gain":0.0,"max_hp_loss":0.0,"gold_gain":0.0,"event_name":"Purifier","player_choice":"Purged","floor":21.0,"gold_loss":0.0,"damage_taken":0.0},{"damage_healed":0.0,"max_hp_gain":0.0,"max_hp_loss":0.0,"gold_gain":0.0,"event_name":"Match and Keep!","player_choice":"2 cards matched","floor":22.0,"gold_loss":0.0,"damage_taken":0.0,"cards_obtained":["Steam Power","Injury"]},{"damage_healed":0.0,"max_hp_gain":0.0,"max_hp_loss":0.0,"gold_gain":0.0,"event_name":"Duplicator","player_choice":"Copied","floor":28.0,"gold_loss":0.0,"damage_taken":0.0,"cards_obtained":["Chaos"]},{"damage_healed":0,"gold_gain":0,"player_choice":"Fight","damage_taken":0,"max_hp_gain":0,"max_hp_loss":0,"event_name":"MindBloom","floor":36,"gold_loss":0},{"cards_removed":["Thunder Strike"],"damage_healed":0,"gold_gain":0,"player_choice":"Gave Card","damage_taken":0,"relics_obtained":["Centennial Puzzle"],"max_hp_gain":0,"max_hp_loss":0,"event_name":"WeMeetAgain","floor":38,"gold_loss":0},{"damage_healed":0,"gold_gain":0,"player_choice":"Paid","damage_taken":0,"relics_obtained":["Red Mask"],"max_hp_gain":0,"max_hp_loss":0,"event_name":"Tomb of Lord Red Mask","floor":39,"gold_loss":27},{"damage_healed":0,"gold_gain":0,"player_choice":"Got Potions","damage_taken":0,"max_hp_gain":0,"max_hp_loss":0,"event_name":"Lab","floor":42,"gold_loss":0},{"damage_healed":0,"gold_gain":0,"player_choice":"Leave","damage_taken":0,"max_hp_gain":0,"max_hp_loss":0,"event_name":"FaceTrader","floor":47,"gold_loss":0}],"is_beta":false,"boss_relics":[{"not_picked":["Velvet Choker","Astrolabe"],"picked":"FrozenCore"},{"not_picked":["Philosopher\u0027s Stone","Fusion Hammer"],"picked":"Black Star"}],"items_purged_floors":[20,37],"is_endless":false,"potions_floor_spawned":[4,7,11,13,18,31,33,35,48],"ascension_level":1}