{"gold_per_floor":[114,127,52,127,145,145,180,180,180,180,180,209,225,225,225,323,323,333,343,443,188,207,207,7,7],"floor_reached":25,"playtime":2178,"items_purged":["Strike_B","Defend_B","Defend_B"],"score":297,"play_id":"98901214-eae0-4365-833c-f8fd32162d10","local_time":"20190730184300","is_ascension_mode":true,"campfire_choices":[{"floor":6,"key":"REST"},{"floor":8,"key":"REST"},{"data":"Loop","floor":11,"key":"SMITH"},{"floor":15,"key":"REST"},{"floor":23,"key":"REST"}],"neow_cost":"NONE","seed_source_timestamp":5116526075569570,"circlet_count":0,"master_deck":["Strike_B","Strike_B","Strike_B","Defend_B","Defend_B","Zap","Dualcast","Cold Snap","Lockon","Loop+1","Leap+1","Conserve Battery+1","Reboot+1","Stack+1","FTL","Reprogram+1","Fusion+1"],"relics":["Cracked Core","Pear","Toxic Egg 2","Orichalcum","Inserter","Happy Flower"],"potions_floor_usage":[16,22,25],"damage_taken":[{"damage":11,"enemies":"Cultist","floor":1,"turns":4},{"damage":9,"enemies":"Jaw Worm","floor":2,"turns":3},{"damage":13,"enemies":"Small Slimes","floor":5,"turns":3},{"damage":41,"enemies":"Lagavulin","floor":7,"turns":7},{"damage":34,"enemies":"Gremlin Nob","floor":12,"turns":4},{"damage":6,"enemies":"Looter","floor":13,"turns":3},{"damage":19,"enemies":"The Guardian","floor":16,"turns":11},{"damage":6,"enemies":"Shell Parasite","floor":18,"turns":7},{"damage":18,"enemies":"Spheric Guardian","floor":19,"turns":5},{"damage":6,"enemies":"Cultist and Chosen","floor":22,"turns":7},{"damage":78,"enemies":"Gremlin Leader","floor":25,"turns":6}],"seed_played":"1847776353182711097","potions_obtained":[{"floor":2,"key":"FocusPotion"},{"floor":12,"key":"Ancient Potion"},{"floor":13,"key":"PowerPotion"},{"floor":19,"key":"Explosive Potion"},{"floor":22,"key":"SkillPotion"}],"is_trial":false,"path_per_floor":["M","M","$","?","M","R","E","R","T","T","R","E","M","?","R","B",null,"M","M","?","$","M","R","$","E"],"character_chosen":"DEFECT","items_purchased":["Happy Flower","Fusion+1"],"campfire_rested":4,"item_purchase_floors":[21,24],"current_hp_per_floor":[64,55,55,44,31,55,24,51,51,51,51,17,11,41,68,49,81,75,57,57,57,51,78,78,0],"gold":7,"neow_bonus":"TEN_PERCENT_HP_BONUS","is_prod":false,"is_daily":false,"chose_seed":false,"campfire_upgraded":1,"win_rate":0,"timestamp":1564537380,"path_taken":["M","?","$","?","M","R","E","R","T","?","R","E","M","?","R","BOSS","M","M","?","$","?","R","?","E"],"build_version":"2019-07-17","purchased_purges":3,"victory":false,"max_hp_per_floor":[82,82,82,82,82,82,92,92,92,92,92,92,92,92,92,92,92,92,92,92,92,92,92,92,92],"card_choices":[{"not_picked":["Steam","Compile Driver","Recycle"],"picked":"SKIP","floor":1},{"not_picked":["Gash","Redo"],"picked":"Cold Snap","floor":2},{"not_picked":["Rebound","Go for the Eyes"],"picked":"Lockon","floor":5},{"not_picked":["Hologram","Sweeping Beam"],"picked":"Loop","floor":7},{"not_picked":["Fission+1","Heatsinks"],"picked":"Leap+1","floor":12},{"not_picked":["Hologram+1","Ball Lightning"],"picked":"Conserve Battery+1","floor":13},{"not_picked":["Meteor Strike","Multi-Cast+1"],"picked":"Reboot+1","floor":16},{"not_picked":["Tempest+1","Steam Power+1"],"picked":"Stack+1","floor":18},{"not_picked":["Leap+1","Sweeping Beam+1"],"picked":"FTL","floor":19},{"not_picked":["Static Discharge","Aggregate+1"],"picked":"Reprogram+1","floor":22}],"player_experience":332474,"relics_obtained":[{"floor":7,"key":"Pear"},{"floor":10,"key":"Toxic Egg 2"},{"floor":12,"key":"Orichalcum"}],"event_choices":[{"damage_healed":0,"gold_gain":75,"player_choice":"Gather Gold","damage_taken":11,"max_hp_gain":0,"max_hp_loss":0,"event_name":"World of Goop","floor":4,"gold_loss":0},{"damage_healed":30,"gold_gain":0,"player_choice":"Banana","damage_taken":0,"max_hp_gain":0,"max_hp_loss":0,"event_name":"Big Fish","floor":14,"gold_loss":0},{"damage_healed":0,"gold_gain":100,"player_choice":"Pray","damage_taken":0,"max_hp_gain":0,"max_hp_loss":0,"event_name":"Golden Shrine","floor":20,"gold_loss":0}],"is_beta":false,"boss_relics":[{"not_picked":["Ectoplasm","Astrolabe"],"picked":"Inserter"}],"items_purged_floors":[3,21,24],"is_endless":false,"potions_floor_spawned":[2,12,13,19,22],"killed_by":"Gremlin Leader","ascension_level":6}