{"gold_per_floor":[109,126,137,137,137,137,137,111,182,202,227,243,298,322,322,441,441,462,462,477,477,144,144,13,32,32,32,32,82,82,100,100,226,226,240,256,277,290,290,93,93,93,119,135,135],"floor_reached":45,"playtime":6870,"items_purged":[],"score":432,"play_id":"f3be00fa-e289-4a4c-b721-3306a05ab5b6","local_time":"20180908220127","is_ascension_mode":false,"campfire_choices":[{"data":"Iron Wave","floor":6.0,"key":"SMITH"},{"data":"Armaments","floor":15.0,"key":"SMITH"},{"data":"Thinking Ahead","floor":23.0,"key":"SMITH"},{"data":"Berserk","floor":27.0,"key":"SMITH"},{"data":"Metallicize","floor":30.0,"key":"SMITH"},{"data":"Blood for Blood","floor":32.0,"key":"SMITH"},{"data":"Iron Wave","floor":41.0,"key":"SMITH"}],"neow_cost":"NONE","seed_source_timestamp":0,"circlet_count":0,"master_deck":["Strike_R+1","Strike_R+1","Strike_R+1","Strike_R+1","Strike_R+1","Defend_R+1","Defend_R+1","Defend_R+1","Defend_R+1","Bash","Shrug It Off","Clothesline","Clash","Iron Wave+1","Armaments+1","Headbutt","Blood for Blood+1","Fire Breathing","Flame Barrier","Berserk+1","Shrug It Off+1","Body Slam+1","Flex","Thinking Ahead+1","Bandage Up","Metallicize+1","Anger","Perfected Strike+1","Feed","Iron Wave+1","Cleave+1","Searing Blow+1","Sword Boomerang","Flame Barrier"],"special_seed":0,"relics":["Burning Blood","Golden Idol","Charon\u0027s Ashes","Pear","Oddly Smooth Stone","Coffee Dripper","Enchiridion","Meat on the Bone","Happy Flower","Eternal Feather","Toy Ornithopter","Ancient Tea Set"],"potions_floor_usage":[44,45,45,45],"damage_taken":[{"damage":4.0,"enemies":"Jaw Worm","floor":1.0,"turns":6.0},{"damage":1.0,"enemies":"2 Louse","floor":2.0,"turns":3.0},{"damage":0.0,"enemies":"Small Slimes","floor":3.0,"turns":3.0},{"damage":2.0,"enemies":"Blue Slaver","floor":10.0,"turns":3.0},{"damage":1.0,"enemies":"Exordium Thugs","floor":11.0,"turns":5.0},{"damage":2.0,"enemies":"Looter","floor":12.0,"turns":3.0},{"damage":0.0,"enemies":"Blue Slaver","floor":14.0,"turns":5.0},{"damage":37.0,"enemies":"Hexaghost","floor":16.0,"turns":13.0},{"damage":31.0,"enemies":"3 Byrds","floor":18.0,"turns":5.0},{"damage":9.0,"enemies":"Shell Parasite","floor":20.0,"turns":5.0},{"damage":32.0,"enemies":"Colosseum Slavers","floor":21.0,"turns":7.0},{"damage":11.0,"enemies":"Cultist and Chosen","floor":25.0,"turns":5.0},{"damage":0.0,"enemies":"3 Cultists","floor":31.0,"turns":4.0},{"damage":45.0,"enemies":"Champ","floor":33.0,"turns":12.0},{"damage":8.0,"enemies":"3 Shapes","floor":35.0,"turns":5.0},{"damage":54.0,"enemies":"3 Darklings","floor":36.0,"turns":5.0},{"damage":45.0,"enemies":"Transient","floor":37.0,"turns":5.0},{"damage":40.0,"enemies":"4 Shapes","floor":38.0,"turns":8.0},{"damage":26,"enemies":"Spire Growth","floor":44,"turns":6},{"damage":78,"enemies":"Maw","floor":45,"turns":10}],"seed_played":"-7043843914084263458","potions_obtained":[{"floor":11.0,"key":"Block Potion"},{"floor":12.0,"key":"SkillPotion"},{"floor":16.0,"key":"Weak Potion"},{"floor":31.0,"key":"Block Potion"},{"floor":33.0,"key":"LiquidBronze"},{"floor":35.0,"key":"SkillPotion"},{"floor":38.0,"key":"Poison Potion"},{"floor":44,"key":"PowerPotion"}],"is_trial":false,"path_per_floor":["M","M","M","?","?","R","?","$","T","M","M","M","T","M","R","B",null,"M","?","M","?","$","R","$","M","T","R","?","T","R","M","R","B",null,"M","M","M","M","?","$","R","?","T","M"],"character_chosen":"IRONCLAD","items_purchased":["Armaments","Flex","Thinking Ahead","Regen Potion","Bandage Up","Metallicize","Toy Ornithopter"],"campfire_rested":0,"item_purchase_floors":[8,22,22,22,24,24,40],"current_hp_per_floor":[80,80,80,85,64,64,57,57,67,71,76,80,80,86,86,55,95,70,54,51,25,25,25,25,24,24,24,24,24,24,46,46,23,95,93,61,38,25,25,25,43,43,43,46,0],"gold":135,"neow_bonus":"THREE_CARDS","is_prod":false,"is_daily":false,"chose_seed":false,"campfire_upgraded":7,"win_rate":0.0,"timestamp":1536469287,"path_taken":["M","M","M","?","?","R","?","$","T","?","M","M","?","M","R","BOSS","M","?","?","?","$","R","?","?","T","R","?","?","R","M","R","BOSS","M","M","?","M","?","$","R","?","T","M","?"],"build_version":"2018-09-06","purchased_purges":0,"victory":false,"max_hp_per_floor":[80,80,80,85,85,85,85,85,95,95,95,95,95,95,95,95,95,95,95,95,95,95,95,95,95,95,95,95,95,95,95,95,95,95,95,95,95,95,95,95,95,90,90,90,90],"card_choices":[{"not_picked":["Spot Weakness","Searing Blow"],"picked":"Shrug It Off","floor":0.0},{"not_picked":["Warcry","True Grit"],"picked":"Clothesline","floor":1.0},{"not_picked":["Uppercut","Headbutt"],"picked":"Clash","floor":2.0},{"not_picked":["Bloodletting","Pommel Strike"],"picked":"Iron Wave","floor":3.0},{"not_picked":["Sword Boomerang","Twin Strike"],"picked":"Headbutt","floor":10.0},{"not_picked":["Pommel Strike","Ghostly Armor"],"picked":"Blood for Blood","floor":11.0},{"not_picked":["Pummel","Intimidate"],"picked":"Fire Breathing","floor":12.0},{"not_picked":["Limit Break","Rupture"],"picked":"Flame Barrier","floor":14.0},{"not_picked":["Offering","Brutality"],"picked":"Berserk","floor":16.0},{"not_picked":["Warcry","Shockwave"],"picked":"Shrug It Off+1","floor":18.0},{"not_picked":["Warcry","Cleave"],"picked":"Body Slam+1","floor":20.0},{"not_picked":["Twin Strike","Combust"],"picked":"Anger","floor":25.0},{"not_picked":["Shrug It Off","Pommel Strike"],"picked":"Perfected Strike+1","floor":31.0},{"not_picked":["Barricade","Offering"],"picked":"Feed","floor":33.0},{"not_picked":["Anger","Body Slam"],"picked":"Iron Wave","floor":35.0},{"not_picked":["Hemokinesis+1","Headbutt+1"],"picked":"Cleave+1","floor":36.0},{"not_picked":["Infernal Blade+1","Shrug It Off"],"picked":"Searing Blow+1","floor":37.0},{"not_picked":["Corruption+1","Warcry+1"],"picked":"Sword Boomerang","floor":38.0},{"not_picked":["Clash","Headbutt","Thunderclap+1"],"picked":"SKIP","floor":44}],"player_experience":8094,"relics_obtained":[{"floor":9.0,"key":"Pear"},{"floor":13.0,"key":"Oddly Smooth Stone"},{"floor":19.0,"key":"Enchiridion"},{"floor":26.0,"key":"Meat on the Bone"},{"floor":29.0,"key":"Happy Flower"},{"floor":43,"key":"Ancient Tea Set"}],"event_choices":[{"event_name":"Big Fish","player_choice":"Donut","floor":4.0,"damage_taken":0.0},{"event_name":"Golden Idol","player_choice":"Take Damage","floor":5.0,"damage_taken":0.0},{"event_name":"Scrap Ooze","player_choice":"success","floor":7.0,"damage_taken":7.0},{"event_name":"Cursed Tome","player_choice":"Obtained Book","floor":19.0,"damage_taken":0.0},{"event_name":"Colosseum","player_choice":"Fight","floor":21.0,"damage_taken":0.0},{"event_name":"Colosseum","player_choice":"Fled From Nobs","floor":21.0,"damage_taken":0.0},{"event_name":"Back to Basics","player_choice":"Simplicity","floor":28.0,"damage_taken":0.0},{"event_name":"Duplicator","player_choice":"One dupe","floor":39.0,"damage_taken":0.0},{"event_name":"Winding Halls","player_choice":"Max HP","floor":42.0,"damage_taken":0.0}],"is_beta":false,"boss_relics":[{"not_picked":["Runic Cube","Busted Crown"],"picked":"Coffee Dripper"},{"not_picked":["Orrery","Calling Bell"],"picked":"Eternal Feather"}],"items_purged_floors":[],"is_endless":false,"potions_floor_spawned":[11,12,16,21,31,33,35,37,38,44],"killed_by":"Maw","ascension_level":0}