{"gold_per_floor":[214,115,134,134,134,134,168,186,186,186,219,96,108,122,122,221,221,234,234,11,24,24,55,65,65,90,90,90,100,100,112,112,207,207,217,217,244,65,75,75],"floor_reached":40,"playtime":5314,"items_purged":["Defend_B","Defend_B","Strike_B"],"score":497,"play_id":"325ad4c9-c6bf-4bda-bccd-70d7cfb213b5","local_time":"20190126120812","is_ascension_mode":true,"campfire_choices":[{"data":"Zap","floor":6.0,"key":"SMITH"},{"floor":10.0,"key":"REST"},{"floor":15.0,"key":"DIG"},{"floor":25.0,"key":"DIG"},{"floor":27.0,"key":"DIG"},{"floor":30.0,"key":"DIG"},{"floor":32.0,"key":"DIG"}],"neow_cost":"NONE","seed_source_timestamp":0,"circlet_count":0,"master_deck":["Strike_B","Strike_B","Defend_B+1","Defend_B+1","Zap+1","Dualcast","Conserve Battery","Leap","Fusion","Self Repair","Cold Snap","Coolheaded+1","Doom and Gloom","Barrage+1","Chill+1","Self Repair+1","Conserve Battery","Loop","Buffer","Double Energy+1","Madness","Madness","Ball Lightning","Barrage+1"],"special_seed":0,"relics":["Cracked Core","Matryoshka","Art of War","Omamori","Shovel","Pocketwatch","Centennial Puzzle","Runic Pyramid","PreservedInsect","Lantern","Darkstone Periapt","Ornamental Fan","Bottled Lightning","Orichalcum","Sundial","White Beast Statue","War Paint"],"potions_floor_usage":[40],"damage_taken":[{"damage":0.0,"enemies":"Cultist","floor":1.0,"turns":2.0},{"damage":0.0,"enemies":"Small Slimes","floor":3.0,"turns":3.0},{"damage":16.0,"enemies":"Lagavulin","floor":7.0,"turns":8.0},{"damage":0.0,"enemies":"Jaw Worm","floor":8.0,"turns":5.0},{"damage":8.0,"enemies":"3 Sentries","floor":11.0,"turns":9.0},{"damage":10.0,"enemies":"Large Slime","floor":13.0,"turns":4.0},{"damage":10.0,"enemies":"Exordium Thugs","floor":14.0,"turns":3.0},{"damage":32.0,"enemies":"Slime Boss","floor":16.0,"turns":13.0},{"damage":33.0,"enemies":"2 Thieves","floor":18.0,"turns":4.0},{"damage":1.0,"enemies":"Shell Parasite","floor":21.0,"turns":5.0},{"damage":26.0,"enemies":"Gremlin Leader","floor":23.0,"turns":5.0},{"damage":15.0,"enemies":"Snake Plant","floor":24.0,"turns":6.0},{"damage":3.0,"enemies":"Centurion and Healer","floor":29.0,"turns":8.0},{"damage":2.0,"enemies":"Shelled Parasite and Fungi","floor":31.0,"turns":8.0},{"damage":48.0,"enemies":"Champ","floor":33.0,"turns":12.0},{"damage":5.0,"enemies":"Orb Walker","floor":35.0,"turns":5.0},{"damage":0.0,"enemies":"3 Shapes","floor":39.0,"turns":4.0},{"damage":76,"enemies":"Giant Head","floor":40,"turns":9}],"seed_played":"-8975566197651486125","potions_obtained":[{"floor":7.0,"key":"Swift Potion"},{"floor":8.0,"key":"SkillPotion"},{"floor":14.0,"key":"Explosive Potion"},{"floor":18.0,"key":"Regen Potion"},{"floor":21.0,"key":"Energy Potion"},{"floor":31.0,"key":"Strength Potion"},{"floor":33.0,"key":"FocusPotion"},{"floor":35.0,"key":"PowerPotion"},{"floor":39,"key":"SneckoOil"}],"is_trial":false,"path_per_floor":["M","$","M","T","?","R","E","M","T","R","E","$","M","M","R","B",null,"M","?","$","M","?","E","M","R","T","R","?","M","R","M","R","B",null,"M","?","T","$","M","E"],"character_chosen":"DEFECT","items_purchased":["Leap","Cold Snap","PreservedInsect","Regen Potion","Ball Lightning"],"campfire_rested":1,"item_purchase_floors":[2,12,20,20,38],"current_hp_per_floor":[75,75,75,75,60,60,44,44,44,66,65,65,62,59,59,34,75,49,49,49,55,55,36,50,50,50,50,50,64,64,75,75,50,75,75,66,66,66,75,0],"gold":75,"neow_bonus":"HUNDRED_GOLD","is_prod":false,"is_daily":false,"chose_seed":false,"campfire_upgraded":1,"win_rate":0,"timestamp":1548533292,"path_taken":["M","$","M","?","?","R","E","M","T","R","E","?","M","M","R","BOSS","M","?","?","M","?","E","M","R","T","R","?","M","R","M","R","BOSS","M","?","?","$","M","E"],"build_version":"2019-01-23","purchased_purges":3,"victory":false,"max_hp_per_floor":[75,75,75,75,75,75,75,75,75,75,75,75,75,75,75,75,75,75,75,75,75,75,75,75,75,75,75,75,75,75,75,75,75,75,75,75,75,75,75,75],"card_choices":[{"not_picked":["Go for the Eyes","Heatsinks"],"picked":"Conserve Battery","floor":1.0},{"not_picked":["Hologram","Sweeping Beam","Heatsinks"],"picked":"SKIP","floor":3.0},{"not_picked":["Darkness","Rip and Tear"],"picked":"Fusion","floor":7.0},{"not_picked":["Double Energy","Steam"],"picked":"Self Repair","floor":8.0},{"not_picked":["Storm","Sweeping Beam","Rebound"],"picked":"SKIP","floor":11.0},{"not_picked":["Force Field","Blizzard"],"picked":"Coolheaded","floor":13.0},{"not_picked":["Rebound","Tempest"],"picked":"Doom and Gloom","floor":14.0},{"not_picked":["White Noise+1","Compile Driver"],"picked":"Barrage+1","floor":18.0},{"not_picked":["Turbo","Darkness"],"picked":"Chill+1","floor":21.0},{"not_picked":["Biased Cognition","Force Field+1"],"picked":"Self Repair+1","floor":23.0},{"not_picked":["Compile Driver","Undo","Rebound+1"],"picked":"SKIP","floor":24.0},{"not_picked":["Chill","Redo"],"picked":"Conserve Battery","floor":29.0},{"not_picked":["Cold Snap","Auto Shields"],"picked":"Loop","floor":31.0},{"not_picked":["Amplify","Seek"],"picked":"Buffer","floor":33.0},{"not_picked":["Skim","Coolheaded+1"],"picked":"Double Energy","floor":35.0},{"not_picked":["FTL","Conserve Battery"],"picked":"Barrage+1","floor":39}],"player_experience":255425,"relics_obtained":[{"floor":4.0,"key":"Matryoshka"},{"floor":7.0,"key":"Art of War"},{"floor":9.0,"key":"Omamori"},{"floor":9.0,"key":"Shovel"},{"floor":11.0,"key":"Pocketwatch"},{"floor":15.0,"key":"Centennial Puzzle"},{"floor":23.0,"key":"Lantern"},{"floor":25.0,"key":"Darkstone Periapt"},{"floor":26.0,"key":"Ornamental Fan"},{"floor":27.0,"key":"Bottled Lightning"},{"floor":30.0,"key":"Orichalcum"},{"floor":32.0,"key":"Sundial"},{"floor":37.0,"key":"War Paint"}],"event_choices":[{"damage_healed":0.0,"max_hp_gain":0.0,"max_hp_loss":0.0,"gold_gain":0.0,"event_name":"Shining Light","player_choice":"Entered Light","floor":5.0,"gold_loss":0.0,"damage_taken":15.0,"cards_upgraded":["Defend_B","Defend_B"]},{"cards_removed":["Strike_B"],"damage_healed":0.0,"max_hp_gain":0.0,"max_hp_loss":0.0,"gold_gain":0.0,"event_name":"Bonfire Elementals","player_choice":"Offered Basic","floor":19.0,"gold_loss":0.0,"damage_taken":0.0},{"damage_healed":0.0,"max_hp_gain":0.0,"max_hp_loss":0.0,"gold_gain":0.0,"event_name":"Beggar","player_choice":"Ignored","floor":22.0,"gold_loss":0.0,"damage_taken":0.0},{"damage_healed":0.0,"max_hp_gain":0.0,"max_hp_loss":0.0,"gold_gain":0.0,"event_name":"The Woman in Blue","player_choice":"Bought 0 Potions","floor":28.0,"gold_loss":0.0,"damage_taken":0.0},{"damage_healed":0.0,"max_hp_gain":0.0,"max_hp_loss":0.0,"gold_gain":0.0,"event_name":"Winding Halls","player_choice":"Embrace Madness","floor":36.0,"gold_loss":0.0,"damage_taken":9.0,"cards_obtained":["Madness","Madness"]}],"is_beta":false,"boss_relics":[{"not_picked":["Philosopher\u0027s Stone","Sozu"],"picked":"Runic Pyramid"},{"not_picked":["Eternal Feather","Cursed Key"],"picked":"White Beast Statue"}],"items_purged_floors":[2,12,38],"is_endless":false,"potions_floor_spawned":[7,8,14,18,21,31,33,35,39],"killed_by":"Giant Head","ascension_level":4}