{"gold_per_floor":[116,216,291,305,318,318,318,318,369,369,207,222,257,274,274,372,372,386,400,400,119,130,130,5,19,64,98,98,198,210,162,162,265,265,277,19,34,0,47,47,110,110,135,85,85,104,121,137,137,137],"floor_reached":51,"playtime":6375,"items_purged":["Strike_R","Flex","Fire Breathing","Defend_R"],"score":729,"play_id":"c318228c-3648-479e-b5eb-77ed51821b23","local_time":"20181024225122","is_ascension_mode":true,"campfire_choices":[{"data":"Iron Wave","floor":6,"key":"SMITH"},{"data":"Bash","floor":8,"key":"SMITH"},{"data":"Rampage","floor":15,"key":"SMITH"},{"floor":23,"key":"REST"},{"floor":28,"key":"REST"},{"floor":32,"key":"REST"},{"floor":40,"key":"REST"},{"floor":49,"key":"REST"}],"neow_cost":"NONE","seed_source_timestamp":851110578747334,"circlet_count":0,"master_deck":["Strike_R+1","Strike_R+1","Defend_R","Defend_R","Bash+1","Iron Wave","Iron Wave+1","Rampage+1","Shrug It Off+1","Clothesline","Flex","Flex","Demon Form","Heavy Blade","Iron Wave","Reaper","Apotheosis+1","Spot Weakness","Whirlwind","Shockwave","Impervious","Barricade","Shrug It Off+1","Clash","Forethought","Metallicize"],"relics":["Burning Blood","Boot","Question Card","Whetstone","Bronze Scales","Fusion Hammer","Regal Pillow","War Paint","Pocketwatch","Letter Opener","Lizard Tail","Kunai","Red Mask","Thread and Needle","Tiny Chest","Smiling Mask"],"potions_floor_usage":[13,16,16,22,29,29,33,33,33,33,35,37,39,50,50],"damage_taken":[{"damage":2,"enemies":"Small Slimes","floor":1,"turns":4},{"damage":1,"enemies":"Cultist","floor":4,"turns":4},{"damage":1,"enemies":"2 Louse","floor":5,"turns":2},{"damage":5,"enemies":"Looter","floor":12,"turns":3},{"damage":21,"enemies":"Lagavulin","floor":13,"turns":6},{"damage":0,"enemies":"3 Louse","floor":14,"turns":3},{"damage":49,"enemies":"Slime Boss","floor":16,"turns":10},{"damage":14,"enemies":"3 Byrds","floor":18,"turns":3},{"damage":7,"enemies":"Chosen","floor":19,"turns":4},{"damage":9,"enemies":"Snake Plant","floor":22,"turns":3},{"damage":17,"enemies":"Shelled Parasite and Fungi","floor":25,"turns":5},{"damage":39,"enemies":"Book of Stabbing","floor":27,"turns":6},{"damage":29,"enemies":"Colosseum Slavers","floor":29,"turns":4},{"damage":25,"enemies":"Colosseum Nobs","floor":29,"turns":5},{"damage":16,"enemies":"Snecko","floor":30,"turns":5},{"damage":4,"enemies":"Automaton","floor":33,"turns":6},{"damage":19,"enemies":"3 Darklings","floor":35,"turns":4},{"damage":12,"enemies":"Orb Walker","floor":37,"turns":4},{"damage":84,"enemies":"2 Orb Walkers","floor":39,"turns":6},{"damage":24,"enemies":"Giant Head","floor":41,"turns":11},{"damage":45,"enemies":"Sphere and 2 Shapes","floor":46,"turns":6},{"damage":18,"enemies":"3 Darklings","floor":47,"turns":4},{"damage":9,"enemies":"Maw","floor":48,"turns":9},{"damage":3,"enemies":"Time Eater","floor":50,"turns":12}],"seed_played":"-8656867726217816541","potions_obtained":[{"floor":5,"key":"GamblersBrew"},{"floor":12,"key":"Energy Potion"},{"floor":13,"key":"SteroidPotion"},{"floor":14,"key":"Poison Potion"},{"floor":18,"key":"PowerPotion"},{"floor":22,"key":"Dexterity Potion"},{"floor":29,"key":"Fire Potion"},{"floor":30,"key":"EntropicBrew"},{"floor":35,"key":"LiquidBronze"},{"floor":39,"key":"SteroidPotion"},{"floor":47,"key":"SpeedPotion"},{"floor":48,"key":"Fire Potion"}],"is_trial":false,"path_per_floor":["M","?","?","M","M","R","?","R","T","?","$","M","E","M","R","B",null,"M","M","?","$","M","R","$","M","T","E","R","?","M","$","R","B",null,"M","$","M","?","?","R","E","$","T","$","?","M","M","M","R","B"],"character_chosen":"IRONCLAD","items_purchased":["Rampage","Shrug It Off","Apotheosis","Block Potion","Kunai"],"campfire_rested":5,"item_purchase_floors":[11,11,21,31,36],"current_hp_per_floor":[80,80,69,74,79,79,67,67,67,67,67,68,53,59,59,16,80,72,71,71,71,68,80,80,69,69,36,75,61,59,59,80,80,80,67,67,61,61,42,80,62,62,62,62,62,44,50,47,80,80],"gold":137,"neow_bonus":"RANDOM_COMMON_RELIC","is_prod":false,"is_daily":false,"chose_seed":false,"campfire_upgraded":3,"win_rate":0,"timestamp":1540446682,"path_taken":["M","?","?","M","M","R","?","R","T","?","$","M","E","M","R","BOSS","M","M","?","$","?","R","$","M","T","E","R","?","?","?","R","BOSS","M","$","M","?","?","R","E","?","T","$","?","M","M","M","R","BOSS"],"build_version":"2018-10-18","purchased_purges":4,"victory":true,"max_hp_per_floor":[80,80,80,80,80,80,80,80,80,80,80,80,80,80,80,80,80,80,80,80,80,80,80,80,80,80,80,80,80,80,80,80,80,80,80,80,80,80,80,80,80,80,80,80,80,80,80,80,80,80],"card_choices":[{"not_picked":["Combust","Hemokinesis"],"picked":"Iron Wave","floor":1},{"not_picked":["Blood for Blood","Clothesline"],"picked":"Iron Wave","floor":4},{"not_picked":["Evolve","Combust","Dropkick"],"picked":"SKIP","floor":5},{"not_picked":["Hemokinesis","Infernal Blade","Perfected Strike"],"picked":"Clothesline","floor":12},{"not_picked":["Combust","Anger","Battle Trance"],"picked":"Flex","floor":13},{"not_picked":["Body Slam","Seeing Red","Intimidate"],"picked":"Flex","floor":14},{"not_picked":["Berserk","Feed","Barricade"],"picked":"Demon Form","floor":16},{"not_picked":["Warcry","Burning Pact","True Grit"],"picked":"Heavy Blade","floor":18},{"not_picked":["Thunderclap","Clothesline","Bloodletting"],"picked":"Iron Wave","floor":19},{"not_picked":["Fiend Fire","Perfected Strike+1","Warcry"],"picked":"Spot Weakness","floor":22},{"not_picked":["Armaments","Wild Strike","Searing Blow","Hemokinesis"],"picked":"SKIP","floor":25},{"not_picked":["Flex","Perfected Strike","Cleave"],"picked":"Whirlwind","floor":27},{"not_picked":["Searing Blow","Rampage","Corruption"],"picked":"Shockwave","floor":30},{"not_picked":["Feed","Fiend Fire","Dark Embrace"],"picked":"Impervious","floor":33},{"not_picked":["Thunderclap+1","Flex+1","Armaments","Sever Soul+1"],"picked":"SKIP","floor":35},{"not_picked":["Carnage","Body Slam+1","Entrench"],"picked":"Barricade","floor":37},{"not_picked":["Twin Strike+1","Clothesline+1","Fire Breathing+1"],"picked":"Shrug It Off+1","floor":39},{"not_picked":["Perfected Strike","Body Slam","Cleave"],"picked":"Clash","floor":41},{"not_picked":["Secret Weapon","Violence","Panache"],"picked":"Forethought","floor":45},{"not_picked":["Warcry","Dual Wield","Sever Soul"],"picked":"Metallicize","floor":46},{"not_picked":["Pommel Strike","Warcry","Twin Strike","Flex"],"picked":"SKIP","floor":47},{"not_picked":["Infernal Blade+1","Bloodletting","Thunderclap","Cleave+1"],"picked":"SKIP","floor":48}],"player_experience":160619,"relics_obtained":[{"floor":9,"key":"Whetstone"},{"floor":13,"key":"Bronze Scales"},{"floor":26,"key":"Regal Pillow"},{"floor":27,"key":"War Paint"},{"floor":29,"key":"Pocketwatch"},{"floor":29,"key":"Letter Opener"},{"floor":39,"key":"Thread and Needle"},{"floor":41,"key":"Tiny Chest"},{"floor":43,"key":"Smiling Mask"}],"event_choices":[{"damage_healed":0,"gold_gain":100,"player_choice":"Pray","damage_taken":0,"max_hp_gain":0,"max_hp_loss":0,"event_name":"Golden Shrine","floor":2,"gold_loss":0},{"damage_healed":0,"gold_gain":75,"player_choice":"Gather Gold","damage_taken":11,"max_hp_gain":0,"max_hp_loss":0,"event_name":"World of Goop","floor":3,"gold_loss":0},{"damage_healed":0,"gold_gain":0,"player_choice":"Success","damage_taken":12,"relics_obtained":["Question Card"],"max_hp_gain":0,"max_hp_loss":0,"event_name":"Scrap Ooze","floor":7,"gold_loss":0},{"damage_healed":0,"gold_gain":0,"cards_transformed":["Strike_R"],"player_choice":"Transformed","damage_taken":0,"max_hp_gain":0,"max_hp_loss":0,"event_name":"Transmorgrifier","floor":10,"gold_loss":0,"cards_obtained":["Fire Breathing"]},{"damage_healed":0,"gold_gain":0,"cards_transformed":["Strike_R","Defend_R"],"player_choice":"Became Test Subject","damage_taken":0,"max_hp_gain":0,"max_hp_loss":0,"event_name":"Drug Dealer","floor":20,"gold_loss":0,"cards_obtained":["Flex","Reaper"]},{"damage_healed":0,"gold_gain":0,"player_choice":"Fight","damage_taken":0,"max_hp_gain":0,"max_hp_loss":0,"event_name":"Colosseum","floor":29,"gold_loss":0},{"damage_healed":0,"gold_gain":0,"player_choice":"Fought Nobs","damage_taken":0,"max_hp_gain":0,"max_hp_loss":0,"event_name":"Colosseum","floor":29,"gold_loss":0},{"damage_healed":0,"gold_gain":0,"player_choice":"Paid","damage_taken":0,"relics_obtained":["Red Mask"],"max_hp_gain":0,"max_hp_loss":0,"event_name":"Tomb of Lord Red Mask","floor":38,"gold_loss":34},{"damage_healed":0,"gold_gain":0,"player_choice":"Fight","damage_taken":0,"max_hp_gain":0,"max_hp_loss":0,"event_name":"Mysterious Sphere","floor":39,"gold_loss":0},{"damage_healed":0,"gold_gain":0,"player_choice":"Memory 1","damage_taken":0,"max_hp_gain":0,"max_hp_loss":0,"event_name":"SensoryStone","floor":45,"gold_loss":0}],"is_beta":false,"boss_relics":[{"not_picked":["Runic Pyramid","Calling Bell"],"picked":"Fusion Hammer"},{"not_picked":["Pandora\u0027s Box","Tiny House"],"picked":"Lizard Tail"}],"items_purged_floors":[11,21,24,44],"is_endless":false,"potions_floor_spawned":[5,12,13,14,18,22,29,29,30,35,39,47,48],"ascension_level":1}