{"gold_per_floor":[119,119,119,119,132,132,157,177,177,210,222,244,286,317,329,438,450,475,498,120,137,150,150,150],"floor_reached":24,"playtime":2894,"items_purged":["Strike_B"],"score":292,"play_id":"f023a430-f984-4498-a006-fd585055834b","local_time":"20190131180855","is_ascension_mode":true,"campfire_choices":[{"data":"Barrage","floor":6,"key":"SMITH"},{"floor":11,"key":"REST"},{"floor":15,"key":"REST"},{"floor":23,"key":"REST"}],"neow_cost":"NONE","seed_source_timestamp":1354299336427734,"circlet_count":0,"master_deck":["Strike_B","Strike_B","Defend_B","Defend_B","Defend_B","Defend_B","Zap","Dualcast","Static Discharge","Barrage+1","Rebound","Capacitor","White Noise","Glacier+1","Redo+1","Buffer","Fusion+1","Hologram+1","Defragment","Reinforced Body+1","Compile Driver"],"relics":["Cracked Core","NeowsBlessing","Incense Burner","Gremlin Horn","MawBank","Toxic Egg 2","Nuclear Battery","Toy Ornithopter"],"potions_floor_usage":[5,10,13,16,19,22],"damage_taken":[{"damage":0,"enemies":"Small Slimes","floor":1,"turns":1},{"damage":0,"enemies":"Jaw Worm","floor":5,"turns":1},{"damage":0,"enemies":"3 Sentries","floor":7,"turns":2},{"damage":0,"enemies":"Cultist","floor":8,"turns":4},{"damage":25,"enemies":"Lagavulin","floor":10,"turns":6},{"damage":7,"enemies":"3 Louse","floor":12,"turns":4},{"damage":34,"enemies":"Gremlin Nob","floor":13,"turns":3},{"damage":7,"enemies":"Exordium Thugs","floor":14,"turns":5},{"damage":1,"enemies":"The Guardian","floor":16,"turns":12},{"damage":11,"enemies":"Spheric Guardian","floor":18,"turns":4},{"damage":14,"enemies":"Shell Parasite","floor":19,"turns":8},{"damage":18,"enemies":"Centurion and Healer","floor":21,"turns":8},{"damage":25,"enemies":"Shelled Parasite and Fungi","floor":22,"turns":5},{"damage":44,"enemies":"Slavers","floor":24,"turns":3}],"seed_played":"-3815008111871957524","potions_obtained":[{"floor":4,"key":"Energy Potion"},{"floor":4,"key":"Explosive Potion"},{"floor":4,"key":"Poison Potion"},{"floor":5,"key":"Fruit Juice"},{"floor":8,"key":"Ancient Potion"},{"floor":10,"key":"SteroidPotion"},{"floor":16,"key":"Swift Potion"}],"is_trial":false,"path_per_floor":["M","?","?","?","M","R","E","M","T","E","R","M","E","M","R","B",null,"M","M","$","M","M","R","E"],"character_chosen":"DEFECT","items_purchased":["Defragment","Reinforced Body+1","Toy Ornithopter"],"campfire_rested":3,"item_purchase_floors":[20,20,20],"current_hp_per_floor":[75,68,68,68,73,73,73,73,73,48,72,65,31,24,48,47,80,69,55,55,37,17,41,0],"gold":150,"neow_bonus":"THREE_ENEMY_KILL","is_prod":false,"is_daily":false,"chose_seed":false,"campfire_upgraded":1,"win_rate":0,"timestamp":1548986935,"path_taken":["M","?","?","?","M","R","E","M","T","E","R","?","E","M","R","BOSS","M","M","$","M","M","R","E"],"build_version":"2019-01-23","purchased_purges":1,"victory":false,"max_hp_per_floor":[75,75,75,75,80,80,80,80,80,80,80,80,80,80,80,80,80,80,80,80,80,80,80,80],"card_choices":[{"not_picked":["Sweeping Beam","Beam Cell"],"picked":"Static Discharge","floor":1},{"not_picked":["Skim","Turbo"],"picked":"Barrage","floor":5},{"not_picked":["Hologram","Sweeping Beam"],"picked":"Rebound","floor":7},{"not_picked":["Gash","Compile Driver"],"picked":"Capacitor","floor":8},{"not_picked":["FTL","Compile Driver"],"picked":"White Noise","floor":10},{"not_picked":["Hello World","Rebound","Blizzard"],"picked":"SKIP","floor":12},{"not_picked":["Leap","Steam Power"],"picked":"Glacier","floor":13},{"not_picked":["Sweeping Beam","Darkness+1"],"picked":"Redo+1","floor":14},{"not_picked":["All For One","Meteor Strike"],"picked":"Buffer","floor":16},{"not_picked":["Skim+1","Barrage"],"picked":"Fusion+1","floor":18},{"not_picked":["Steam Power+1","Coolheaded+1"],"picked":"Hologram+1","floor":19},{"not_picked":["Steam+1","Tempest+1"],"picked":"Compile Driver","floor":21},{"not_picked":["Storm","Sweeping Beam","Fusion+1"],"picked":"SKIP","floor":22}],"player_experience":267456,"relics_obtained":[{"floor":7,"key":"Incense Burner"},{"floor":9,"key":"Gremlin Horn"},{"floor":10,"key":"MawBank"},{"floor":13,"key":"Toxic Egg 2"}],"event_choices":[{"cards_removed":["Strike_B"],"damage_healed":0,"gold_gain":0,"player_choice":"Card Removal","damage_taken":7,"max_hp_gain":0,"max_hp_loss":0,"event_name":"Golden Wing","floor":2,"gold_loss":0},{"damage_healed":0,"gold_gain":0,"player_choice":"Ignored","damage_taken":0,"max_hp_gain":0,"max_hp_loss":0,"event_name":"Liars Game","floor":3,"gold_loss":0},{"damage_healed":0,"gold_gain":0,"player_choice":"Got Potions","damage_taken":0,"max_hp_gain":0,"max_hp_loss":0,"event_name":"Lab","floor":4,"gold_loss":0}],"is_beta":false,"boss_relics":[{"not_picked":["Orrery","Busted Crown"],"picked":"Nuclear Battery"}],"items_purged_floors":[20],"is_endless":false,"potions_floor_spawned":[5,8,10,12,16],"killed_by":"Slavers","ascension_level":4}