{"gold_per_floor":[115,126,136,154,166,193,193,523,573,573,590,290,290,43,43,148,148,163,163,88,100,112,112,138,155,224,224],"floor_reached":27,"playtime":1477,"items_purged":["Strike_B"],"score":294,"play_id":"4bff5c47-b6d8-4209-a356-8c20040e474c","local_time":"20190721153841","is_ascension_mode":true,"campfire_choices":[{"data":"Zap","floor":7.0,"key":"SMITH"},{"data":"Dualcast","floor":10.0,"key":"SMITH"},{"data":"Loop","floor":15.0,"key":"SMITH"},{"data":"Buffer","floor":23.0,"key":"SMITH"}],"neow_cost":"NONE","seed_source_timestamp":258516488845100,"circlet_count":0,"master_deck":["Strike_B","Defend_B","Defend_B","Defend_B","Defend_B+1","Zap+1","Dualcast+1","FTL","Conserve Battery+1","Glacier","Echo Form","Beam Cell","Cold Snap","Barrage","Defragment","Loop+1","Heatsinks","Parasite","Buffer+1","Compile Driver","Sunder","Hologram","Coolheaded","Go for the Eyes"],"special_seed":0,"relics":["Cracked Core","Emotion Chip","Old Coin","Strawberry","War Paint","Symbiotic Virus","Black Star","Matryoshka","Juzu Bracelet","Boot","Darkstone Periapt"],"potions_floor_usage":[24,27],"damage_taken":[{"damage":1.0,"enemies":"Cultist","floor":1.0,"turns":3.0},{"damage":0.0,"enemies":"2 Louse","floor":2.0,"turns":2.0},{"damage":0.0,"enemies":"Small Slimes","floor":3.0,"turns":2.0},{"damage":2.0,"enemies":"Looter","floor":4.0,"turns":3.0},{"damage":1.0,"enemies":"Blue Slaver","floor":5.0,"turns":3.0},{"damage":9.0,"enemies":"Gremlin Nob","floor":6.0,"turns":3.0},{"damage":13.0,"enemies":"Lagavulin","floor":8.0,"turns":6.0},{"damage":3.0,"enemies":"Exordium Thugs","floor":11.0,"turns":4.0},{"damage":42.0,"enemies":"Hexaghost","floor":16.0,"turns":7.0},{"damage":4.0,"enemies":"Chosen","floor":18.0,"turns":4.0},{"damage":23.0,"enemies":"2 Thieves","floor":21.0,"turns":4.0},{"damage":3.0,"enemies":"Centurion and Healer","floor":22.0,"turns":6.0},{"damage":25,"enemies":"Gremlin Leader","floor":24,"turns":7},{"damage":21,"enemies":"3 Cultists","floor":25,"turns":7},{"damage":0,"enemies":"Slavers","floor":27,"turns":1}],"seed_played":"-3568130676856584724","potions_obtained":[{"floor":3.0,"key":"FocusPotion"},{"floor":5.0,"key":"Fire Potion"},{"floor":6.0,"key":"Dexterity Potion"},{"floor":8.0,"key":"Energy Potion"},{"floor":21.0,"key":"LiquidBronze"},{"floor":25,"key":"FearPotion"}],"is_trial":false,"path_per_floor":["M","M","M","M","M","E","R","E","T","R","M","$","?","$","R","B",null,"M","?","?","M","M","R","E","M","T","E"],"character_chosen":"DEFECT","items_purchased":["War Paint","Heatsinks","Symbiotic Virus"],"campfire_rested":0,"item_purchase_floors":[12,12,14],"current_hp_per_floor":[74,74,74,72,71,62,62,49,56,56,53,53,73,73,73,31,82,78,78,78,55,52,52,27,6,6,6],"gold":224,"neow_bonus":"TRANSFORM_CARD","is_prod":false,"is_daily":false,"chose_seed":false,"campfire_upgraded":4,"win_rate":0,"timestamp":1563719921,"path_taken":["M","M","M","M","?","E","R","E","T","R","M","$","?","$","R","BOSS","M","?","?","M","M","R","E","M","T","E"],"build_version":"2019-07-17","purchased_purges":1,"victory":false,"max_hp_per_floor":[75,75,75,75,75,75,75,75,82,82,82,82,82,82,82,82,82,82,82,82,82,82,82,82,82,82,82],"card_choices":[{"not_picked":["Auto Shields","Steam"],"picked":"Conserve Battery","floor":1.0},{"not_picked":["Turbo","Sweeping Beam"],"picked":"Glacier","floor":2.0},{"not_picked":["Self Repair","Glacier"],"picked":"Echo Form","floor":3.0},{"not_picked":["Conserve Battery","Turbo"],"picked":"Beam Cell","floor":4.0},{"not_picked":["Stack","Double Energy"],"picked":"Cold Snap","floor":5.0},{"not_picked":["Conserve Battery","Turbo"],"picked":"Barrage","floor":6.0},{"not_picked":["Rebound","Multi-Cast"],"picked":"Defragment","floor":8.0},{"not_picked":["Glacier","Stack"],"picked":"Loop","floor":11.0},{"not_picked":["Core Surge","Reboot"],"picked":"Buffer","floor":16.0},{"not_picked":["Rebound","Cold Snap"],"picked":"Compile Driver","floor":18.0},{"not_picked":["Beam Cell","Stack+1"],"picked":"Sunder","floor":21.0},{"not_picked":["Genetic Algorithm","Aggregate+1"],"picked":"Hologram","floor":22.0},{"not_picked":["Defragment","Undo"],"picked":"Coolheaded","floor":24},{"not_picked":["Gash","Coolheaded"],"picked":"Go for the Eyes","floor":25}],"player_experience":189344,"relics_obtained":[{"floor":6.0,"key":"Emotion Chip"},{"floor":8.0,"key":"Old Coin"},{"floor":9.0,"key":"Strawberry"},{"floor":24,"key":"Matryoshka"},{"floor":24,"key":"Juzu Bracelet"},{"floor":26,"key":"Boot"},{"floor":26,"key":"Darkstone Periapt"}],"event_choices":[{"damage_healed":20.0,"max_hp_gain":0.0,"max_hp_loss":0.0,"gold_gain":0.0,"event_name":"Mushrooms","player_choice":"Healed and dodged fight","floor":13.0,"gold_loss":0.0,"damage_taken":0.0,"cards_obtained":["Parasite"]},{"damage_healed":0.0,"max_hp_gain":0.0,"max_hp_loss":0.0,"gold_gain":0.0,"event_name":"Ghosts","player_choice":"Ignored","floor":19.0,"gold_loss":0.0,"damage_taken":0.0},{"cards_removed":["Strike_B"],"damage_healed":0.0,"max_hp_gain":0.0,"max_hp_loss":0.0,"gold_gain":0.0,"event_name":"Beggar","player_choice":"Gave Gold","floor":20.0,"gold_loss":75.0,"damage_taken":0.0}],"is_beta":false,"boss_relics":[{"not_picked":["Calling Bell","Velvet Choker"],"picked":"Black Star"}],"items_purged_floors":[12],"is_endless":false,"potions_floor_spawned":[3,5,6,8,11,21,25],"killed_by":"Slavers","ascension_level":4}