{"gold_per_floor":[217,217,231,109,209,209,228,260,260,272,272,76,91,122,122,227,227,247,257,172,184,196,237,249,84,107,35,47,47,75,92,92,193,193,208,222,0,0,15,15,43,43,97,97,150,150,184,203,203,203,203,203,7,35,35],"floor_reached":55,"playtime":5792,"items_purged":["Strike_R","Writhe"],"score":883,"play_id":"ff4bb038-df34-4708-8616-497d4fb85622","local_time":"20190319231019","is_ascension_mode":true,"campfire_choices":[{"data":"Bash","floor":6,"key":"SMITH"},{"floor":11,"key":"REST"},{"floor":15,"key":"REST"},{"floor":29,"key":"REST"},{"floor":32,"key":"REST"},{"floor":42,"key":"REST"},{"floor":44,"key":"RECALL"},{"floor":49,"key":"REST"},{"floor":52,"key":"REST"}],"neow_cost":"NONE","seed_source_timestamp":2790272791694028,"circlet_count":0,"master_deck":["Strike_R+1","Strike_R","Strike_R","Strike_R+1","Defend_R","Defend_R","Defend_R","Bash+1","Pommel Strike","Flex","Uppercut","Apotheosis+1","Demon Form","Heavy Blade+1","Shrug It Off","Metallicize","Flame Barrier","Reaper","Shrug It Off","Impervious","Iron Wave","Flame Barrier+1","Entrench+1","Limit Break","Disarm+1"],"relics":["Burning Blood","Magic Flower","Mango","Whetstone","Fusion Hammer","MawBank","Enchiridion","Paper Frog","Lantern","Self Forming Clay","Black Star","Red Mask","FossilizedHelix","Happy Flower","Bronze Scales","Prayer Wheel","Red Skull","Ornamental Fan","Blue Candle","Champion Belt"],"potions_floor_usage":[8,8,18,23,28,33,39,39,45,48,54,55],"damage_taken":[{"damage":10,"enemies":"Small Slimes","floor":1,"turns":3},{"damage":0,"enemies":"Cultist","floor":3,"turns":3},{"damage":4,"enemies":"2 Louse","floor":7,"turns":3},{"damage":70,"enemies":"3 Sentries","floor":8,"turns":14},{"damage":20,"enemies":"Exordium Thugs","floor":10,"turns":3},{"damage":6,"enemies":"Blue Slaver","floor":13,"turns":5},{"damage":28,"enemies":"Gremlin Nob","floor":14,"turns":5},{"damage":67,"enemies":"Slime Boss","floor":16,"turns":12},{"damage":51,"enemies":"3 Byrds","floor":18,"turns":6},{"damage":8,"enemies":"Chosen","floor":19,"turns":4},{"damage":18,"enemies":"Gremlin Leader","floor":23,"turns":4},{"damage":2,"enemies":"Snake Plant","floor":28,"turns":5},{"damage":27,"enemies":"Book of Stabbing","floor":30,"turns":7},{"damage":11,"enemies":"Snecko","floor":31,"turns":4},{"damage":60,"enemies":"Automaton","floor":33,"turns":7},{"damage":0,"enemies":"3 Shapes","floor":35,"turns":10},{"damage":0,"enemies":"Orb Walker","floor":36,"turns":4},{"damage":26,"enemies":"Jaw Worm Horde","floor":39,"turns":6},{"damage":83,"enemies":"Nemesis","floor":41,"turns":11},{"damage":35,"enemies":"2 Orb Walkers","floor":45,"turns":7},{"damage":111,"enemies":"Giant Head","floor":47,"turns":11},{"damage":0,"enemies":"Spire Growth","floor":48,"turns":7},{"damage":8,"enemies":"Time Eater","floor":50,"turns":8},{"damage":105,"enemies":"Shield and Spear","floor":54,"turns":11},{"damage":28,"enemies":"The Heart","floor":55,"turns":5}],"seed_played":"8295556216666300237","potions_obtained":[{"floor":2,"key":"EssenceOfSteel"},{"floor":2,"key":"FairyPotion"},{"floor":2,"key":"Regen Potion"},{"floor":7,"key":"BloodPotion"},{"floor":16,"key":"PowerPotion"},{"floor":18,"key":"Explosive Potion"},{"floor":30,"key":"FearPotion"},{"floor":33,"key":"Dexterity Potion"},{"floor":36,"key":"LiquidBronze"},{"floor":41,"key":"Regen Potion"},{"floor":47,"key":"BloodPotion"},{"floor":54,"key":"AttackPotion"}],"is_trial":false,"path_per_floor":["M","?","M","$","?","R","M","E","T","M","R","$","M","E","R","B",null,"M","M","?","?","?","E","?","$","T","$","M","R","E","M","R","B",null,"M","M","?","?","M","?","E","R","T","R","?","?","E","M","R","B",null,"R","$","E","B"],"character_chosen":"IRONCLAD","items_purchased":["Flex","Apotheosis","Flame Barrier","Regen Potion","Limit Break","PowerPotion"],"campfire_rested":7,"item_purchase_floors":[4,12,25,27,53,53],"current_hp_per_floor":[76,76,80,80,80,80,80,39,53,42,70,70,73,54,82,24,94,52,53,53,37,37,28,28,28,28,28,57,85,67,65,93,42,94,94,94,94,94,77,77,32,60,60,60,61,61,23,67,94,94,94,94,94,28,0],"gold":35,"neow_bonus":"HUNDRED_GOLD","is_prod":false,"is_daily":false,"chose_seed":false,"campfire_upgraded":1,"win_rate":0,"timestamp":1553062219,"path_taken":["M","?","?","$","?","R","M","E","T","M","R","$","M","E","R","BOSS","M","M","?","?","?","E","?","$","T","$","M","R","E","M","R","BOSS","M","M","?","?","?","?","E","R","T","R","?","?","E","M","R","BOSS","R","$","E","BOSS"],"build_version":"2019-01-23","purchased_purges":2,"victory":false,"max_hp_per_floor":[80,80,80,80,80,80,80,80,94,94,94,94,94,94,94,94,94,94,94,94,94,94,94,94,94,94,94,94,94,94,94,94,94,94,94,94,94,94,94,94,94,94,94,94,94,94,94,94,94,94,94,94,94,94,94],"card_choices":[{"not_picked":["Havoc","Clothesline"],"picked":"Pommel Strike","floor":1},{"not_picked":["Havoc","Clash","Clothesline"],"picked":"SKIP","floor":3},{"not_picked":["Anger","Clash","Perfected Strike"],"picked":"SKIP","floor":7},{"not_picked":["Thunderclap","Immolate"],"picked":"Uppercut","floor":8},{"not_picked":["Clash","Flex","Cleave"],"picked":"SKIP","floor":10},{"not_picked":["Second Wind","Sever Soul","Wild Strike"],"picked":"SKIP","floor":13},{"not_picked":["Cleave","Perfected Strike","Clash"],"picked":"SKIP","floor":14},{"not_picked":["Offering","Double Tap"],"picked":"Demon Form","floor":16},{"not_picked":["Wild Strike","Clash"],"picked":"Heavy Blade+1","floor":18},{"not_picked":["Perfected Strike+1","True Grit"],"picked":"Shrug It Off","floor":19},{"not_picked":["Body Slam","Fire Breathing"],"picked":"Metallicize","floor":23},{"not_picked":["True Grit","Clothesline+1","Twin Strike+1"],"picked":"SKIP","floor":28},{"not_picked":["Body Slam","Juggernaut"],"picked":"Reaper","floor":30},{"not_picked":["True Grit+1","Clash"],"picked":"Shrug It Off","floor":31},{"not_picked":["Juggernaut","Feed"],"picked":"Impervious","floor":33},{"not_picked":["Reckless Charge","Evolve+1","Armaments+1"],"picked":"SKIP","floor":35},{"not_picked":["Pommel Strike","Shrug It Off","Twin Strike"],"picked":"SKIP","floor":36},{"not_picked":["Carnage+1","Battle Trance"],"picked":"Iron Wave","floor":39},{"not_picked":["Anger+1","Inflame"],"picked":"Flame Barrier+1","floor":41},{"not_picked":["Searing Blow","Sword Boomerang"],"picked":"Entrench+1","floor":47},{"not_picked":["Heavy Blade","Pommel Strike","Body Slam+1"],"picked":"SKIP","floor":48},{"not_picked":["Corruption+1","Pummel+1","Armaments"],"picked":"SKIP","floor":48},{"not_picked":["Feed","Body Slam"],"picked":"Disarm+1","floor":54}],"player_experience":309155,"relics_obtained":[{"floor":8,"key":"Magic Flower"},{"floor":9,"key":"Mango"},{"floor":14,"key":"Whetstone"},{"floor":21,"key":"Enchiridion"},{"floor":23,"key":"Paper Frog"},{"floor":30,"key":"Self Forming Clay"},{"floor":41,"key":"FossilizedHelix"},{"floor":41,"key":"Happy Flower"},{"floor":43,"key":"Bronze Scales"},{"floor":45,"key":"Prayer Wheel"},{"floor":47,"key":"Red Skull"},{"floor":47,"key":"Ornamental Fan"},{"floor":54,"key":"Blue Candle"},{"floor":54,"key":"Champion Belt"}],"event_choices":[{"damage_healed":0,"gold_gain":0,"player_choice":"Got Potions","damage_taken":0,"max_hp_gain":0,"max_hp_loss":0,"event_name":"Lab","floor":2,"gold_loss":0},{"damage_healed":0,"gold_gain":100,"player_choice":"Pray","damage_taken":0,"max_hp_gain":0,"max_hp_loss":0,"event_name":"Golden Shrine","floor":5,"gold_loss":0},{"damage_healed":0,"gold_gain":0,"player_choice":"Obtained Relic","damage_taken":0,"relics_obtained":["MawBank"],"max_hp_gain":0,"max_hp_loss":0,"event_name":"Addict","floor":20,"gold_loss":85},{"damage_healed":0,"gold_gain":0,"player_choice":"Obtained Book","damage_taken":16,"max_hp_gain":0,"max_hp_loss":0,"event_name":"Cursed Tome","floor":21,"gold_loss":0},{"damage_healed":0,"gold_gain":0,"player_choice":"Ignored","damage_taken":0,"max_hp_gain":0,"max_hp_loss":0,"event_name":"Ghosts","floor":22,"gold_loss":0},{"damage_healed":0,"gold_gain":0,"player_choice":"Opened","damage_taken":0,"relics_obtained":["Lantern"],"max_hp_gain":0,"max_hp_loss":0,"event_name":"The Mausoleum","floor":24,"gold_loss":0,"cards_obtained":["Writhe"]},{"damage_healed":0,"gold_gain":0,"player_choice":"Paid","damage_taken":0,"relics_obtained":["Red Mask"],"max_hp_gain":0,"max_hp_loss":0,"event_name":"Tomb of Lord Red Mask","floor":37,"gold_loss":222},{"damage_healed":0,"gold_gain":0,"player_choice":"Forge","damage_taken":0,"max_hp_gain":0,"max_hp_loss":0,"event_name":"Accursed Blacksmith","floor":38,"gold_loss":0,"cards_upgraded":["Apotheosis"]},{"damage_healed":0,"gold_gain":0,"player_choice":"Memory 1","damage_taken":0,"max_hp_gain":0,"max_hp_loss":0,"event_name":"SensoryStone","floor":40,"gold_loss":0},{"damage_healed":0,"gold_gain":0,"player_choice":"Fight","damage_taken":0,"max_hp_gain":0,"max_hp_loss":0,"event_name":"Mysterious Sphere","floor":45,"gold_loss":0},{"cards_removed":["Defend_R"],"damage_healed":0,"gold_gain":0,"player_choice":"Removed Skill","damage_taken":0,"max_hp_gain":0,"max_hp_loss":0,"event_name":"Falling","floor":46,"gold_loss":0}],"is_beta":false,"boss_relics":[{"not_picked":["White Beast Statue","Eternal Feather"],"picked":"Fusion Hammer"},{"not_picked":["Coffee Dripper","Velvet Choker"],"picked":"Black Star"}],"items_purged_floors":[4,25],"is_endless":false,"potions_floor_spawned":[7,16,18,30,33,36,41,47,54],"killed_by":"The Heart","ascension_level":3}