{"gold_per_floor":[109,34,34,6,22,22,55,75,154,185,185,185,22,57,57,132,132,146,46,46,57,57,57,87,99,183,206,218,258,286,223,235,326,338,367,397,424,436,498,510,549,561,573,614,637,649,671,7,7,7,7],"floor_reached":51,"playtime":3903,"items_purged":["Regret","Strike_G","Pain"],"score":1643,"play_id":"7784cf34-a73a-44d4-9e75-e59c4100aefc","local_time":"20190802233226","is_ascension_mode":true,"campfire_choices":[{"data":"Neutralize","floor":6.0,"key":"SMITH"},{"data":"Glass Knife","floor":11.0,"key":"SMITH"},{"data":"Deadly Poison","floor":15.0,"key":"SMITH"},{"data":"Tools of the Trade","floor":23.0,"key":"SMITH"},{"data":"Footwork","floor":25.0,"key":"SMITH"},{"data":"Burst","floor":32.0,"key":"SMITH"},{"data":"Adrenaline","floor":40,"key":"SMITH"},{"floor":42,"key":"REST"},{"floor":46,"key":"RECALL"},{"data":"Noxious Fumes","floor":49,"key":"SMITH"}],"neow_cost":"NONE","seed_source_timestamp":257165977481819,"circlet_count":0,"master_deck":["AscendersBane","Defend_G+1","Defend_G+1","Defend_G+1","Defend_G+1","Defend_G+1","Survivor","Neutralize+1","Tactician+1","Corpse Explosion+1","Caltrops","Dagger Throw","Deadly Poison+1","Glass Knife+1","Dagger Spray","Adrenaline+1","Dash+1","Prepared","Tools of the Trade+1","Cloak And Dagger+1","Footwork+1","Burst+1","Dodge and Roll","After Image","Madness+1","Madness","Noxious Fumes+1","Footwork","Blur+1","Well Laid Plans","Glass Knife+1"],"special_seed":0,"relics":["Astrolabe","PreservedInsect","Thread and Needle","Blue Candle","Molten Egg 2","Bag of Preparation","Runic Dome","MawBank","Meat on the Bone","Matryoshka","Cursed Key","StoneCalendar","Darkstone Periapt","Paper Crane","The Courier","Membership Card","Centennial Puzzle","Oddly Smooth Stone","Incense Burner","War Paint"],"potions_floor_usage":[41,41,50],"damage_taken":[{"damage":2.0,"enemies":"Jaw Worm","floor":1.0,"turns":4.0},{"damage":3.0,"enemies":"2 Louse","floor":5.0,"turns":4.0},{"damage":23.0,"enemies":"Lagavulin","floor":7.0,"turns":6.0},{"damage":0.0,"enemies":"Cultist","floor":8.0,"turns":3.0},{"damage":0.0,"enemies":"Gremlin Nob","floor":10.0,"turns":3.0},{"damage":0.0,"enemies":"Lagavulin","floor":14.0,"turns":5.0},{"damage":29.0,"enemies":"Slime Boss","floor":16.0,"turns":8.0},{"damage":0.0,"enemies":"3 Byrds","floor":18.0,"turns":2.0},{"damage":18.0,"enemies":"Spheric Guardian","floor":21.0,"turns":5.0},{"damage":0.0,"enemies":"Gremlin Leader","floor":24.0,"turns":3.0},{"damage":0.0,"enemies":"3 Cultists","floor":27.0,"turns":3.0},{"damage":1.0,"enemies":"Slavers","floor":29.0,"turns":3.0},{"damage":12.0,"enemies":"Shelled Parasite and Fungi","floor":30.0,"turns":4.0},{"damage":8.0,"enemies":"Champ","floor":33.0,"turns":14.0},{"damage":0.0,"enemies":"Orb Walker","floor":35.0,"turns":4.0},{"damage":0.0,"enemies":"3 Darklings","floor":36.0,"turns":2.0},{"damage":8.0,"enemies":"Maw","floor":37.0,"turns":9.0},{"damage":24,"enemies":"Giant Head","floor":41,"turns":8},{"damage":13,"enemies":"Nemesis","floor":44,"turns":7},{"damage":30,"enemies":"Spire Growth","floor":45,"turns":6},{"damage":0,"enemies":"4 Shapes","floor":47,"turns":5},{"damage":12,"enemies":"Donu and Deca","floor":50,"turns":9},{"damage":43,"enemies":"Time Eater","floor":51,"turns":13}],"seed_played":"-4472057013489998963","potions_obtained":[{"floor":1.0,"key":"Explosive Potion"},{"floor":8.0,"key":"GamblersBrew"},{"floor":14.0,"key":"FearPotion"},{"floor":18.0,"key":"GamblersBrew"},{"floor":20.0,"key":"SkillPotion"},{"floor":21.0,"key":"PowerPotion"},{"floor":27.0,"key":"AttackPotion"},{"floor":29.0,"key":"EntropicBrew"},{"floor":33.0,"key":"Swift Potion"},{"floor":35.0,"key":"Fire Potion"},{"floor":36.0,"key":"GhostInAJar"},{"floor":45,"key":"Ancient Potion"}],"is_trial":false,"path_per_floor":["M","?","?","$","M","R","E","M","T","E","R","?","$","E","R","B",null,"M","$","?","M","?","R","E","R","T","M","?","E","M","?","R","B",null,"M","M","M","?","?","R","E","R","T","E","M","R","M","$","R","B","B"],"character_chosen":"THE_SILENT","items_purchased":["Dagger Throw","Dash+1","Membership Card","Well Laid Plans","Centennial Puzzle","Oddly Smooth Stone","Incense Burner","War Paint","Regen Potion","Glass Knife+1"],"campfire_rested":1,"item_purchase_floors":[4,13,48,48,48,48,48,48,48,48],"current_hp_per_floor":[57,57,57,57,54,54,31,31,31,31,31,31,31,31,31,2,50,50,50,50,32,32,32,32,32,32,44,44,43,43,43,43,35,58,58,58,50,38,32,32,20,39,39,38,20,20,32,32,32,35,0],"gold":7,"neow_bonus":"BOSS_RELIC","is_prod":false,"is_daily":false,"chose_seed":false,"campfire_upgraded":8,"win_rate":0,"timestamp":1564813946,"path_taken":["M","?","?","$","M","R","E","M","T","E","R","?","?","E","R","BOSS","M","$","?","?","?","R","E","R","T","M","?","E","M","?","R","BOSS","M","M","M","?","?","R","E","R","T","E","M","R","M","$","R","BOSS","BOSS"],"build_version":"2019-07-17","purchased_purges":3,"victory":false,"max_hp_per_floor":[66,66,66,66,66,66,66,66,66,66,66,66,66,66,66,66,66,66,66,66,66,66,66,66,66,66,66,66,66,66,66,66,66,66,66,66,66,66,66,66,66,66,66,66,66,66,66,66,66,66,66],"card_choices":[{"not_picked":["Eviscerate","Blade Dance"],"picked":"Caltrops","floor":1.0},{"not_picked":["Deflect","Blade Dance"],"picked":"Deadly Poison","floor":5.0},{"not_picked":["Sucker Punch","Slice"],"picked":"Glass Knife","floor":7.0},{"not_picked":["Choke","Acrobatics"],"picked":"Dagger Spray","floor":8.0},{"not_picked":["Wraith Form v2","Dodge and Roll"],"picked":"Adrenaline","floor":10.0},{"not_picked":["Infinite Blades","Masterful Stab+1"],"picked":"Prepared","floor":14.0},{"not_picked":["Phantasmal Killer","Corpse Explosion"],"picked":"Tools of the Trade","floor":16.0},{"not_picked":["Slice+1","Dagger Throw+1"],"picked":"Cloak And Dagger","floor":18.0},{"not_picked":["Underhanded Strike+1","Bane+1"],"picked":"Footwork","floor":21.0},{"not_picked":["Tactician","Poisoned Stab+1","Concentrate"],"picked":"SKIP","floor":24.0},{"not_picked":["Distraction","Bane+1","Blade Dance"],"picked":"SKIP","floor":27.0},{"not_picked":["Poisoned Stab+1","Reflex"],"picked":"Burst","floor":29.0},{"not_picked":["Bane+1","Poisoned Stab+1"],"picked":"Dodge and Roll","floor":30.0},{"not_picked":["Doppelganger","Phantasmal Killer"],"picked":"After Image","floor":33.0},{"not_picked":["Dodge and Roll","Cloak And Dagger","Deflect"],"picked":"SKIP","floor":35.0},{"not_picked":["Eviscerate+1","Reflex","Cloak And Dagger"],"picked":"SKIP","floor":36.0},{"not_picked":["Accuracy","Dagger Spray+1","Bane+1"],"picked":"SKIP","floor":37.0},{"not_picked":["Riddle With Holes+1","Masterful Stab+1"],"picked":"Noxious Fumes","floor":41},{"not_picked":["Skewer+1","Eviscerate+1","Deadly Poison"],"picked":"SKIP","floor":44},{"not_picked":["Sucker Punch+1","Flying Knee+1"],"picked":"Footwork","floor":45},{"not_picked":["Dagger Throw+1","Dodge and Roll"],"picked":"Blur+1","floor":47}],"player_experience":1040221,"relics_obtained":[{"floor":7.0,"key":"Thread and Needle"},{"floor":10.0,"key":"Blue Candle"},{"floor":14.0,"key":"Bag of Preparation"},{"floor":24.0,"key":"MawBank"},{"floor":26.0,"key":"Meat on the Bone"},{"floor":29.0,"key":"Matryoshka"},{"floor":41,"key":"StoneCalendar"},{"floor":43,"key":"Darkstone Periapt"},{"floor":43,"key":"Paper Crane"},{"floor":44,"key":"The Courier"}],"event_choices":[{"cards_removed":["Strike_G"],"damage_healed":0.0,"max_hp_gain":0.0,"max_hp_loss":0.0,"gold_gain":0.0,"event_name":"The Cleric","player_choice":"Card Removal","floor":2.0,"gold_loss":75.0,"damage_taken":0.0},{"damage_healed":0.0,"max_hp_gain":0.0,"max_hp_loss":0.0,"gold_gain":0.0,"event_name":"Big Fish","player_choice":"Box","floor":3.0,"gold_loss":0.0,"damage_taken":0.0,"relics_obtained":["PreservedInsect"],"cards_obtained":["Regret"]},{"damage_healed":0.0,"max_hp_gain":0.0,"max_hp_loss":0.0,"gold_gain":0.0,"event_name":"Dead Adventurer","player_choice":"Searched \u00271\u0027 times","floor":12.0,"gold_loss":0.0,"damage_taken":0.0,"relics_obtained":["Molten Egg 2"]},{"damage_healed":0.0,"max_hp_gain":0.0,"max_hp_loss":0.0,"gold_gain":0.0,"event_name":"Lab","player_choice":"Got Potions","floor":20.0,"gold_loss":0.0,"damage_taken":0.0},{"damage_healed":0.0,"max_hp_gain":0.0,"max_hp_loss":0.0,"gold_gain":0.0,"event_name":"Vampires","player_choice":"Ignored","floor":22.0,"gold_loss":0.0,"damage_taken":0.0},{"damage_healed":0.0,"max_hp_gain":0.0,"max_hp_loss":0.0,"gold_gain":0.0,"event_name":"Back to Basics","player_choice":"Simplicity","floor":28.0,"gold_loss":0.0,"damage_taken":0.0,"cards_upgraded":["Defend_G","Defend_G","Defend_G","Defend_G","Defend_G"]},{"cards_removed":["Storm of Steel"],"damage_healed":0.0,"max_hp_gain":0.0,"max_hp_loss":0.0,"gold_gain":0.0,"event_name":"Beggar","player_choice":"Gave Gold","floor":31.0,"gold_loss":75.0,"damage_taken":0.0},{"damage_healed":0.0,"max_hp_gain":0.0,"max_hp_loss":0.0,"gold_gain":0.0,"event_name":"Winding Halls","player_choice":"Embrace Madness","floor":38.0,"gold_loss":0.0,"damage_taken":12.0,"cards_obtained":["Madness","Madness"]},{"damage_healed":0,"gold_gain":50,"player_choice":"Touch","damage_taken":6,"max_hp_gain":0,"max_hp_loss":0,"event_name":"FaceTrader","floor":39,"gold_loss":0}],"is_beta":false,"boss_relics":[{"not_picked":["Pandora\u0027s Box","Empty Cage"],"picked":"Runic Dome"},{"not_picked":["Velvet Choker","Busted Crown"],"picked":"Cursed Key"}],"items_purged_floors":[13,19,48],"is_endless":false,"potions_floor_spawned":[1,8,14,18,21,27,29,33,35,36,45],"killed_by":"Time Eater","ascension_level":20}