{"gold_per_floor":[112,127,1,21,39,69,81,113,125,14,14,14,41,41,41,41],"floor_reached":16,"playtime":1077,"items_purged":["Defend_B","Strike_B"],"score":143,"play_id":"e779398f-ec96-47c9-9ec4-9b0a3b0813bb","local_time":"20190731184620","is_ascension_mode":true,"campfire_choices":[{"data":"Conserve Battery","floor":7,"key":"SMITH"},{"floor":12,"key":"REST"},{"floor":15,"key":"REST"}],"neow_cost":"NONE","seed_source_timestamp":5204228810711709,"circlet_count":0,"master_deck":["Strike_B","Strike_B","Strike_B","Defend_B","Defend_B","Defend_B","Zap+1","Dualcast","Leap","Cold Snap","Conserve Battery+1","FTL","Darkness","Ball Lightning","Self Repair"],"relics":["Cracked Core","MawBank","Darkstone Periapt","Omamori"],"potions_floor_usage":[4,6,6],"damage_taken":[{"damage":8,"enemies":"Jaw Worm","floor":1,"turns":4},{"damage":9,"enemies":"2 Louse","floor":2,"turns":2},{"damage":0,"enemies":"Cultist","floor":4,"turns":2},{"damage":8,"enemies":"3 Louse","floor":5,"turns":3},{"damage":19,"enemies":"3 Sentries","floor":6,"turns":9},{"damage":30,"enemies":"Exordium Thugs","floor":8,"turns":5},{"damage":21,"enemies":"Lagavulin","floor":13,"turns":6},{"damage":32,"enemies":"Hexaghost","floor":16,"turns":9}],"seed_played":"1950309832375693918","potions_obtained":[{"floor":1,"key":"Fire Potion"},{"floor":4,"key":"Fire Potion"},{"floor":5,"key":"Regen Potion"}],"is_trial":false,"path_per_floor":["M","M","$","M","M","E","R","M","T","$","?","R","E","?","R","B"],"character_chosen":"DEFECT","items_purchased":["Conserve Battery","Ball Lightning"],"campfire_rested":2,"item_purchase_floors":[3,10],"current_hp_per_floor":[60,51,51,51,43,39,39,9,9,9,9,31,10,10,32,0],"gold":41,"neow_bonus":"UPGRADE_CARD","is_prod":false,"is_daily":false,"chose_seed":false,"campfire_upgraded":1,"win_rate":0,"timestamp":1564623980,"path_taken":["M","M","$","M","M","E","R","M","T","$","?","R","E","?","R","BOSS"],"build_version":"2019-07-17","purchased_purges":2,"victory":false,"max_hp_per_floor":[75,75,75,75,75,75,75,75,75,75,75,75,75,75,75,75],"card_choices":[{"not_picked":["BootSequence","Sweeping Beam"],"picked":"Leap","floor":1},{"not_picked":["Sweeping Beam","Scrape"],"picked":"Cold Snap","floor":2},{"not_picked":["Stack","Leap"],"picked":"FTL","floor":4},{"not_picked":["Blizzard","Hologram","Streamline"],"picked":"SKIP","floor":5},{"not_picked":["Meteor Strike","Heatsinks"],"picked":"Darkness","floor":6},{"not_picked":["Force Field","Rip and Tear","BootSequence"],"picked":"SKIP","floor":8},{"not_picked":["FTL","Conserve Battery"],"picked":"Self Repair","floor":13}],"player_experience":340695,"relics_obtained":[{"floor":6,"key":"MawBank"},{"floor":13,"key":"Omamori"}],"event_choices":[{"damage_healed":0,"gold_gain":0,"player_choice":"Searched \u00271\u0027 times","damage_taken":0,"relics_obtained":["Darkstone Periapt"],"max_hp_gain":0,"max_hp_loss":0,"event_name":"Dead Adventurer","floor":11,"gold_loss":0},{"damage_healed":0,"gold_gain":0,"player_choice":"Ignored","damage_taken":0,"max_hp_gain":0,"max_hp_loss":0,"event_name":"Golden Wing","floor":14,"gold_loss":0}],"is_beta":false,"boss_relics":[],"items_purged_floors":[3,10],"is_endless":false,"potions_floor_spawned":[1,4,5],"killed_by":"Hexaghost","ascension_level":6}