{"gold_per_floor":[115,190,19,19,32,61,77,77,77,97,122,122],"floor_reached":12,"playtime":600,"items_purged":["Defend_G"],"score":106,"play_id":"dbb119aa-b96a-4566-b29c-695e3c5b6d75","local_time":"20190706131455","is_ascension_mode":true,"campfire_choices":[],"neow_cost":"NONE","seed_source_timestamp":407927912807500,"circlet_count":0,"master_deck":["Strike_G","Strike_G","Strike_G","Strike_G","Strike_G","Defend_G","Defend_G","Defend_G","Defend_G","Survivor","Neutralize+1","Cloak And Dagger","Well Laid Plans","Quick Slash","Backstab","Infinite Blades","Flechettes","Noxious Fumes","Flying Knee"],"relics":["Ring of the Snake","Ornamental Fan","Toxic Egg 2","Orichalcum"],"potions_floor_usage":[11],"damage_taken":[{"damage":4,"enemies":"Jaw Worm","floor":1,"turns":5},{"damage":0,"enemies":"Cultist","floor":5,"turns":3},{"damage":44,"enemies":"Lagavulin","floor":6,"turns":10},{"damage":0,"enemies":"Small Slimes","floor":7,"turns":3},{"damage":0,"enemies":"2 Fungi Beasts","floor":10,"turns":3},{"damage":11,"enemies":"Gremlin Nob","floor":11,"turns":4},{"damage":5,"enemies":"Large Slime","floor":12,"turns":2}],"seed_played":"-1961941179453553639","potions_obtained":[{"floor":6,"key":"Fire Potion"},{"floor":7,"key":"Energy Potion"},{"floor":10,"key":"Energy Potion"}],"is_trial":false,"path_per_floor":["M","?","$","?","M","E","M","?","T","M","E","M"],"character_chosen":"THE_SILENT","items_purchased":["Well Laid Plans","Quick Slash"],"campfire_rested":0,"item_purchase_floors":[3,3],"current_hp_per_floor":[73,62,62,62,62,18,18,15,15,15,4,0],"gold":122,"neow_bonus":"TEN_PERCENT_HP_BONUS","is_prod":false,"is_daily":false,"chose_seed":false,"campfire_upgraded":0,"win_rate":0,"timestamp":1562415295,"path_taken":["M","?","$","?","?","E","M","?","T","M","E","M"],"build_version":"2019-07-05","purchased_purges":1,"victory":false,"max_hp_per_floor":[77,77,77,77,77,77,77,77,77,77,77,77],"card_choices":[{"not_picked":["Poisoned Stab","Blade Dance"],"picked":"Cloak And Dagger","floor":1},{"not_picked":["Blur","Outmaneuver"],"picked":"Backstab","floor":5},{"not_picked":["Acrobatics","Calculated Gamble"],"picked":"Infinite Blades","floor":6},{"not_picked":["Predator","Deadly Poison"],"picked":"Flechettes","floor":7},{"not_picked":["Outmaneuver+1","Catalyst+1"],"picked":"Noxious Fumes","floor":10},{"not_picked":["Skewer","Eviscerate"],"picked":"Flying Knee","floor":11}],"player_experience":122483,"relics_obtained":[{"floor":6,"key":"Ornamental Fan"},{"floor":9,"key":"Toxic Egg 2"},{"floor":11,"key":"Orichalcum"}],"event_choices":[{"damage_healed":0,"gold_gain":75,"player_choice":"Gather Gold","damage_taken":11,"max_hp_gain":0,"max_hp_loss":0,"event_name":"World of Goop","floor":2,"gold_loss":0},{"damage_healed":0,"gold_gain":0,"player_choice":"Forge","damage_taken":0,"max_hp_gain":0,"max_hp_loss":0,"event_name":"Accursed Blacksmith","floor":4,"gold_loss":0,"cards_upgraded":["Neutralize"]},{"damage_healed":0,"gold_gain":0,"player_choice":"Fled","damage_taken":3,"max_hp_gain":0,"max_hp_loss":0,"event_name":"Scrap Ooze","floor":8,"gold_loss":0}],"is_beta":false,"boss_relics":[],"items_purged_floors":[3],"is_endless":false,"potions_floor_spawned":[6,7,10],"killed_by":"Large Slime","ascension_level":4}