{"gold_per_floor":[109,126,126,144,158,158,158,158,182,182,212,256,271,286,286,410,410,423,98,113,131,131,131,170,170,170,170,120,120,133,156,156,282,282,303,318,318,25,44,79,104,119,195,195],"floor_reached":44,"playtime":3794,"items_purged":["Defend_B"],"score":462,"play_id":"847c7052-7eb9-4354-93ce-153a9638e3df","local_time":"20190602132654","is_ascension_mode":false,"campfire_choices":[{"data":"Zap","floor":6,"key":"SMITH"},{"data":"Dualcast","floor":8,"key":"SMITH"},{"data":"Cold Snap","floor":10,"key":"SMITH"},{"data":"Creative AI","floor":15,"key":"SMITH"},{"data":"Buffer","floor":23,"key":"SMITH"},{"floor":25,"key":"REST"},{"floor":27,"key":"REST"},{"floor":29,"key":"REST"},{"floor":32,"key":"REST"}],"neow_cost":"NONE","seed_source_timestamp":92501548461000,"circlet_count":0,"master_deck":["Defend_B","Defend_B","Zap+1","Dualcast+1","Cold Snap+1","Ball Lightning","Compile Driver","Glacier","Creative AI+1","Cold Snap","Doom and Gloom","Buffer+1","Capacitor+1","Chaos+1","Hello World+1","Force Field+1","Sweeping Beam","Conserve Battery","Streamline+1","Turbo+1","Blizzard","Electrodynamics","Stack+1","Amplify","Glacier","Coolheaded+1","Pain"],"relics":["Cracked Core","Golden Idol","Bag of Preparation","PreservedInsect","Astrolabe","Toolbox","Calipers","Thread and Needle","Cursed Key","Bottled Tornado","Gambling Chip","Darkstone Periapt"],"potions_floor_usage":[31,33,42,44],"damage_taken":[{"damage":4,"enemies":"Jaw Worm","floor":1,"turns":5},{"damage":0,"enemies":"Small Slimes","floor":2,"turns":3},{"damage":1,"enemies":"Cultist","floor":4,"turns":3},{"damage":1,"enemies":"Exordium Wildlife","floor":5,"turns":3},{"damage":14,"enemies":"Gremlin Nob","floor":12,"turns":3},{"damage":0,"enemies":"Exordium Thugs","floor":13,"turns":3},{"damage":3,"enemies":"Large Slime","floor":14,"turns":5},{"damage":30,"enemies":"Hexaghost","floor":16,"turns":10},{"damage":16,"enemies":"3 Byrds","floor":18,"turns":5},{"damage":3,"enemies":"Chosen","floor":20,"turns":5},{"damage":19,"enemies":"Snake Plant","floor":21,"turns":8},{"damage":72,"enemies":"Slavers","floor":24,"turns":6},{"damage":27,"enemies":"Chosen and Byrds","floor":30,"turns":6},{"damage":0,"enemies":"Centurion and Healer","floor":31,"turns":6},{"damage":35,"enemies":"Automaton","floor":33,"turns":11},{"damage":8,"enemies":"3 Darklings","floor":35,"turns":6},{"damage":3,"enemies":"Orb Walker","floor":36,"turns":4},{"damage":38,"enemies":"Writhing Mass","floor":39,"turns":7},{"damage":3,"enemies":"Nemesis","floor":40,"turns":9},{"damage":13,"enemies":"Maw","floor":41,"turns":7},{"damage":0,"enemies":"Sphere and 2 Shapes","floor":42,"turns":8},{"damage":8,"enemies":"4 Shapes","floor":44,"turns":2}],"seed_played":"1819268986777861865","potions_obtained":[{"floor":1,"key":"Poison Potion"},{"floor":4,"key":"Energy Potion"},{"floor":13,"key":"Ancient Potion"},{"floor":21,"key":"FairyPotion"},{"floor":31,"key":"Explosive Potion"},{"floor":42,"key":"EssenceOfSteel"}],"is_trial":false,"path_per_floor":["M","M","?","M","M","R","?","R","T","R","?","E","M","M","R","B",null,"M","$","M","M","?","R","E","R","T","R","?","R","M","M","R","B",null,"M","M","?","$","M","E","M","M","T","M"],"character_chosen":"DEFECT","items_purchased":["Sweeping Beam","Toolbox","Bottled Tornado","Fire Potion"],"campfire_rested":4,"item_purchase_floors":[19,19,38,38],"current_hp_per_floor":[71,71,69,68,67,67,67,67,67,67,67,53,53,50,50,20,69,53,53,50,31,54,54,6,26,26,46,46,66,39,39,59,24,69,61,58,58,58,20,17,4,4,4,0],"gold":195,"neow_bonus":"REMOVE_CARD","is_prod":false,"is_daily":false,"chose_seed":false,"campfire_upgraded":5,"win_rate":0.0,"timestamp":1559478414,"path_taken":["M","M","?","M","M","R","?","R","T","R","?","E","M","M","R","BOSS","M","$","M","M","?","R","E","R","T","R","?","R","M","M","R","BOSS","M","M","?","$","M","E","M","M","T","M"],"build_version":"2019-01-23","purchased_purges":1,"victory":false,"max_hp_per_floor":[75,75,69,69,69,69,69,69,69,69,69,69,69,69,69,69,69,69,69,69,69,69,69,69,69,69,69,69,69,69,69,69,69,69,69,69,66,66,66,66,66,66,66,66],"card_choices":[{"not_picked":["Aggregate","Reinforced Body"],"picked":"Cold Snap","floor":1},{"not_picked":["Turbo","Storm"],"picked":"Ball Lightning","floor":2},{"not_picked":["Heatsinks","Storm"],"picked":"Compile Driver","floor":4},{"not_picked":["Go for the Eyes","Gash"],"picked":"Glacier","floor":5},{"not_picked":["Cold Snap","Barrage"],"picked":"Creative AI","floor":12},{"not_picked":["Compile Driver","Tempest"],"picked":"Cold Snap","floor":13},{"not_picked":["Go for the Eyes","Conserve Battery"],"picked":"Doom and Gloom","floor":14},{"not_picked":["Seek","Echo Form"],"picked":"Buffer","floor":16},{"not_picked":["Streamline","Hologram"],"picked":"Force Field+1","floor":18},{"not_picked":["Tempest","Go for the Eyes","Rebound"],"picked":"SKIP","floor":20},{"not_picked":["Stack","Doom and Gloom+1"],"picked":"Conserve Battery","floor":21},{"not_picked":["Storm+1","Reinforced Body"],"picked":"Streamline+1","floor":24},{"not_picked":["Double Energy","Rebound"],"picked":"Turbo+1","floor":30},{"not_picked":["Storm","Hologram"],"picked":"Blizzard","floor":31},{"not_picked":["Rainbow","Biased Cognition"],"picked":"Electrodynamics","floor":33},{"not_picked":["Turbo","Rip and Tear","Go for the Eyes+1"],"picked":"SKIP","floor":35},{"not_picked":["Go for the Eyes","Ball Lightning","Rebound"],"picked":"SKIP","floor":36},{"not_picked":["Turbo","Coolheaded+1"],"picked":"Stack+1","floor":39},{"not_picked":["Hologram+1","Cold Snap"],"picked":"Amplify","floor":40},{"not_picked":["Blizzard","Storm"],"picked":"Glacier","floor":41},{"not_picked":["Conserve Battery","Turbo"],"picked":"Coolheaded+1","floor":42}],"player_experience":59409,"relics_obtained":[{"floor":9,"key":"Bag of Preparation"},{"floor":12,"key":"PreservedInsect"},{"floor":24,"key":"Calipers"},{"floor":26,"key":"Thread and Needle"},{"floor":40,"key":"Gambling Chip"},{"floor":43,"key":"Darkstone Periapt"}],"event_choices":[{"damage_healed":0,"gold_gain":0,"player_choice":"Lose Max HP","damage_taken":0,"relics_obtained":["Golden Idol"],"max_hp_gain":0,"max_hp_loss":6,"event_name":"Golden Idol","floor":3,"gold_loss":0},{"cards_removed":["Strike_B"],"damage_healed":0,"gold_gain":0,"player_choice":"Forget","damage_taken":0,"max_hp_gain":0,"max_hp_loss":0,"event_name":"Living Wall","floor":7,"gold_loss":0},{"damage_healed":0,"gold_gain":30,"player_choice":"Searched \u00272\u0027 times","damage_taken":0,"max_hp_gain":0,"max_hp_loss":0,"event_name":"Dead Adventurer","floor":11,"gold_loss":0},{"damage_healed":23,"gold_gain":0,"player_choice":"Heal","damage_taken":0,"max_hp_gain":0,"max_hp_loss":0,"event_name":"The Library","floor":22,"gold_loss":0},{"damage_healed":0,"gold_gain":0,"player_choice":"Bet on Murderer","damage_taken":0,"max_hp_gain":0,"max_hp_loss":0,"event_name":"The Joust","floor":28,"gold_loss":50},{"damage_healed":0,"gold_gain":0,"player_choice":"Max HP","damage_taken":0,"max_hp_gain":0,"max_hp_loss":3,"event_name":"Winding Halls","floor":37,"gold_loss":0}],"is_beta":false,"boss_relics":[{"not_picked":["White Beast Statue","Snecko Eye"],"picked":"Astrolabe"},{"not_picked":["Eternal Feather","Tiny House"],"picked":"Cursed Key"}],"items_purged_floors":[19],"is_endless":false,"potions_floor_spawned":[1,4,13,14,18,21,31,39,42],"killed_by":"4 Shapes","ascension_level":0}