{"gold_per_floor":[117,134,134,134,152,152,188,207,207,237,275,275,275,294,294,419,419,419],"floor_reached":18,"playtime":1008,"items_purged":[],"score":170,"play_id":"5b26297f-d7dc-46c1-be39-bfa62ad9851a","local_time":"20190530002914","is_ascension_mode":false,"campfire_choices":[{"data":"Bash","floor":6,"key":"SMITH"},{"floor":12,"key":"REST"},{"floor":15,"key":"REST"}],"neow_cost":"NONE","seed_source_timestamp":90960125123900,"circlet_count":0,"master_deck":["Strike_R","Strike_R","Strike_R","Strike_R","Strike_R","Defend_R","Defend_R","Defend_R","Defend_R","Bash+1","Injury","Fire Breathing","Headbutt","Pommel Strike","Berserk","Power Through+1","Metallicize+1","Body Slam+1"],"relics":["Burning Blood","Golden Idol","Shuriken","Gremlin Horn","Boot","Juzu Bracelet","Dodecahedron","Astrolabe"],"potions_floor_usage":[7,14,16],"damage_taken":[{"damage":13,"enemies":"2 Louse","floor":1,"turns":4},{"damage":5,"enemies":"Cultist","floor":2,"turns":4},{"damage":0,"enemies":"Small Slimes","floor":5,"turns":3},{"damage":19,"enemies":"Gremlin Nob","floor":7,"turns":5},{"damage":19,"enemies":"Blue Slaver","floor":8,"turns":3},{"damage":49,"enemies":"3 Sentries","floor":11,"turns":7},{"damage":14,"enemies":"3 Louse","floor":14,"turns":2},{"damage":35,"enemies":"Slime Boss","floor":16,"turns":7},{"damage":0,"enemies":"2 Thieves","floor":18,"turns":1}],"seed_played":"138231589068043214","potions_obtained":[{"floor":1,"key":"Block Potion"},{"floor":5,"key":"LiquidBronze"},{"floor":7,"key":"Dexterity Potion"},{"floor":11,"key":"Swift Potion"}],"is_trial":false,"path_per_floor":["M","M","?","?","M","R","E","M","T","?","E","R","T","M","R","B",null,"M"],"character_chosen":"IRONCLAD","items_purchased":[],"campfire_rested":2,"item_purchase_floors":[],"current_hp_per_floor":[81,82,82,88,88,88,75,62,62,62,19,45,45,37,63,34,88,88],"gold":419,"neow_bonus":"TEN_PERCENT_HP_BONUS","is_prod":false,"is_daily":false,"chose_seed":false,"campfire_upgraded":1,"win_rate":0.0,"timestamp":1559172554,"path_taken":["M","M","?","?","?","R","E","M","T","?","E","R","?","M","R","BOSS","M"],"build_version":"2019-01-23","purchased_purges":0,"victory":false,"max_hp_per_floor":[88,88,88,88,88,88,88,88,88,88,88,88,88,88,88,88,88,88],"card_choices":[{"not_picked":["Rupture","Headbutt"],"picked":"Spot Weakness","floor":1},{"not_picked":["Pommel Strike","Burning Pact"],"picked":"Heavy Blade","floor":2},{"not_picked":["Sword Boomerang","Twin Strike"],"picked":"Inflame","floor":5},{"not_picked":["Disarm","Thunderclap"],"picked":"Fire Breathing","floor":7},{"not_picked":["Cleave","Hemokinesis"],"picked":"Headbutt","floor":8},{"not_picked":["Warcry","Feel No Pain"],"picked":"Limit Break","floor":11},{"not_picked":["Perfected Strike","Cleave"],"picked":"Pommel Strike","floor":14},{"not_picked":["Bludgeon","Dark Embrace"],"picked":"Berserk","floor":16}],"player_experience":21651,"relics_obtained":[{"floor":7,"key":"Shuriken"},{"floor":9,"key":"Gremlin Horn"},{"floor":11,"key":"Juzu Bracelet"},{"floor":13,"key":"Dodecahedron"}],"event_choices":[{"damage_healed":0,"gold_gain":0,"player_choice":"Take Wound","damage_taken":0,"relics_obtained":["Golden Idol"],"max_hp_gain":0,"max_hp_loss":0,"event_name":"Golden Idol","floor":3,"gold_loss":0,"cards_obtained":["Injury"]},{"cards_removed":["Spot Weakness"],"damage_healed":6,"gold_gain":0,"player_choice":"Offered Uncommon","damage_taken":0,"max_hp_gain":0,"max_hp_loss":0,"event_name":"Bonfire Elementals","floor":4,"gold_loss":0},{"damage_healed":0,"gold_gain":30,"player_choice":"Searched \u00272\u0027 times","damage_taken":0,"relics_obtained":["Boot"],"max_hp_gain":0,"max_hp_loss":0,"event_name":"Dead Adventurer","floor":10,"gold_loss":0}],"is_beta":false,"boss_relics":[{"not_picked":["Orrery","Ectoplasm"],"picked":"Astrolabe"}],"items_purged_floors":[],"is_endless":false,"potions_floor_spawned":[1,5,7,11],"killed_by":"2 Thieves","ascension_level":0}