{"gold_per_floor":[116,131,148,164,183,216,15,42,118,133,151,168,168,202,202,297,297,280,295,210,241,7,7,27,27,27,61,61,61,74,92,92,92],"floor_reached":33,"playtime":1976,"items_purged":["Gash"],"score":374,"play_id":"14bc069a-44d3-4eab-9454-5ca7a0830c08","local_time":"20190721161657","is_ascension_mode":true,"campfire_choices":[{"floor":13.0,"key":"REST"},{"floor":15.0,"key":"REST"},{"floor":23.0,"key":"DIG"},{"floor":28,"key":"DIG"},{"data":"White Noise","floor":32,"key":"SMITH"}],"neow_cost":"NONE","seed_source_timestamp":260321956609000,"circlet_count":0,"master_deck":["Defend_B","Defend_B","Defend_B","Defend_B","Zap","Dualcast","Sweeping Beam","Sunder","Fusion","Glacier","Go for the Eyes","Rebound","Ball Lightning","FTL","Ball Lightning","White Noise+1","Echo Form","Creative AI","Conserve Battery","Turbo","Stack","Capacitor","BootSequence","Coolheaded","Bite","Bite","Bite","Bite","Bite","Recycle","Self Repair","Steam","Compile Driver"],"special_seed":0,"relics":["Cracked Core","Shovel","Toolbox","Kunai","Bottled Flame","Incense Burner","Eternal Feather","Anchor","Red Mask","Bronze Scales","Mummified Hand","Regal Pillow","Bag of Preparation"],"potions_floor_usage":[27,33,33],"damage_taken":[{"damage":3.0,"enemies":"2 Louse","floor":1.0,"turns":2.0},{"damage":0.0,"enemies":"Small Slimes","floor":2.0,"turns":2.0},{"damage":1.0,"enemies":"Cultist","floor":3.0,"turns":3.0},{"damage":0.0,"enemies":"2 Fungi Beasts","floor":4.0,"turns":2.0},{"damage":2.0,"enemies":"3 Louse","floor":5.0,"turns":3.0},{"damage":19.0,"enemies":"3 Sentries","floor":6.0,"turns":8.0},{"damage":26.0,"enemies":"Gremlin Nob","floor":8.0,"turns":5.0},{"damage":0.0,"enemies":"Exordium Thugs","floor":10.0,"turns":4.0},{"damage":0.0,"enemies":"Red Slaver","floor":11.0,"turns":3.0},{"damage":2.0,"enemies":"Looter","floor":12.0,"turns":3.0},{"damage":16.0,"enemies":"Lagavulin","floor":14.0,"turns":5.0},{"damage":34.0,"enemies":"Hexaghost","floor":16.0,"turns":8.0},{"damage":14.0,"enemies":"2 Thieves","floor":18.0,"turns":5.0},{"damage":5.0,"enemies":"Spheric Guardian","floor":19.0,"turns":3.0},{"damage":2.0,"enemies":"Masked Bandits","floor":21.0,"turns":5.0},{"damage":6.0,"enemies":"Chosen and Byrds","floor":24.0,"turns":5.0},{"damage":28,"enemies":"Gremlin Leader","floor":27,"turns":5},{"damage":13,"enemies":"3 Cultists","floor":30,"turns":3},{"damage":5,"enemies":"Sentry and Sphere","floor":31,"turns":7},{"damage":70,"enemies":"Automaton","floor":33,"turns":6}],"seed_played":"5287634462168697406","potions_obtained":[{"floor":3.0,"key":"SkillPotion"},{"floor":8.0,"key":"SteroidPotion"},{"floor":10.0,"key":"Block Potion"},{"floor":11.0,"key":"FocusPotion"},{"floor":14.0,"key":"FearPotion"},{"floor":16.0,"key":"Block Potion"},{"floor":24.0,"key":"Energy Potion"},{"floor":30,"key":"Strength Potion"},{"floor":31,"key":"Poison Potion"}],"is_trial":false,"path_per_floor":["M","M","M","M","M","E","$","E","T","M","M","M","R","E","R","B",null,"M","M","?","?","$","R","M","?","T","E","R","?","M","M","R","B"],"character_chosen":"DEFECT","items_purchased":["Toolbox","Capacitor","BootSequence"],"campfire_rested":2,"item_purchase_floors":[7,22,22],"current_hp_per_floor":[72,72,71,71,69,50,50,24,24,24,24,22,44,28,50,16,75,61,56,56,54,54,69,63,52,52,30,48,48,39,52,52,0],"gold":92,"neow_bonus":"THREE_CARDS","is_prod":false,"is_daily":false,"chose_seed":false,"campfire_upgraded":1,"win_rate":0,"timestamp":1563722217,"path_taken":["M","M","M","M","M","E","$","E","T","M","M","M","R","E","R","BOSS","M","M","?","?","$","R","M","?","T","E","R","?","?","M","R","BOSS"],"build_version":"2019-07-17","purchased_purges":1,"victory":false,"max_hp_per_floor":[75,75,75,75,75,75,75,75,75,75,75,75,75,75,75,75,75,75,75,75,75,75,75,75,52,52,52,52,52,52,52,52,52],"card_choices":[{"not_picked":["Rebound","Loop"],"picked":"Sweeping Beam","floor":0.0},{"not_picked":["Beam Cell","Compile Driver"],"picked":"Sunder","floor":1.0},{"not_picked":["Storm","Conserve Battery"],"picked":"Fusion","floor":2.0},{"not_picked":["Gash","Chill"],"picked":"Glacier","floor":3.0},{"not_picked":["Compile Driver","Leap"],"picked":"Gash","floor":4.0},{"not_picked":["Beam Cell","Leap"],"picked":"Go for the Eyes","floor":5.0},{"not_picked":["Go for the Eyes","Force Field"],"picked":"Rebound","floor":6.0},{"not_picked":["Rip and Tear","BootSequence"],"picked":"Ball Lightning","floor":8.0},{"not_picked":["Steam","Coolheaded"],"picked":"FTL","floor":10.0},{"not_picked":["Hologram","Conserve Battery"],"picked":"Ball Lightning","floor":11.0},{"not_picked":["Machine Learning","Leap"],"picked":"White Noise","floor":12.0},{"not_picked":["Sweeping Beam","Go for the Eyes"],"picked":"Echo Form","floor":14.0},{"not_picked":["Rainbow","Machine Learning"],"picked":"Creative AI","floor":16.0},{"not_picked":["Fusion","Go for the Eyes"],"picked":"Conserve Battery","floor":18.0},{"not_picked":["Sweeping Beam","Aggregate"],"picked":"Turbo","floor":19.0},{"not_picked":["Conserve Battery","Machine Learning"],"picked":"Stack","floor":21.0},{"not_picked":["Go for the Eyes","Streamline"],"picked":"Coolheaded","floor":24.0},{"not_picked":["Multi-Cast","Sweeping Beam"],"picked":"Recycle","floor":27},{"not_picked":["Beam Cell+1","Sunder"],"picked":"Steam","floor":30},{"not_picked":["Go for the Eyes","Barrage"],"picked":"Compile Driver","floor":31}],"player_experience":190821,"relics_obtained":[{"floor":6.0,"key":"Shovel"},{"floor":8.0,"key":"Kunai"},{"floor":9.0,"key":"Bottled Flame"},{"floor":14.0,"key":"Incense Burner"},{"floor":21.0,"key":"Red Mask"},{"floor":23.0,"key":"Bronze Scales"},{"floor":26.0,"key":"Mummified Hand"},{"floor":27,"key":"Regal Pillow"},{"floor":28,"key":"Bag of Preparation"}],"event_choices":[{"damage_healed":0.0,"max_hp_gain":0.0,"max_hp_loss":0.0,"gold_gain":0.0,"event_name":"Addict","player_choice":"Obtained Relic","floor":20.0,"gold_loss":85.0,"damage_taken":0.0,"relics_obtained":["Anchor"]},{"damage_healed":0.0,"max_hp_gain":0.0,"max_hp_loss":0.0,"gold_gain":0.0,"event_name":"Masked Bandits","player_choice":"Fought Bandits","floor":21.0,"gold_loss":0.0,"damage_taken":0.0},{"damage_healed":0.0,"max_hp_gain":0.0,"max_hp_loss":23.0,"gold_gain":0.0,"event_name":"Vampires","player_choice":"Became a vampire","floor":25.0,"gold_loss":0.0,"damage_taken":0.0,"cards_obtained":["Bite","Bite","Bite","Bite","Bite"]},{"damage_healed":0,"gold_gain":0,"player_choice":"1 cards matched","damage_taken":0,"max_hp_gain":0,"max_hp_loss":0,"event_name":"Match and Keep!","floor":29,"gold_loss":0,"cards_obtained":["Self Repair"]}],"is_beta":false,"boss_relics":[{"not_picked":["Coffee Dripper","Busted Crown"],"picked":"Eternal Feather"}],"items_purged_floors":[22],"is_endless":false,"potions_floor_spawned":[3,8,10,11,14,16,24,30,31],"killed_by":"Automaton","ascension_level":4}