{"gold_per_floor":[118,5,21,38,56,56,91,91,121,133,144,179,179,210,210,314,314,324,324,54,69,69,99,99],"floor_reached":24,"playtime":959,"items_purged":["Strike_R"],"score":307,"play_id":"d3ffbcba-8f4b-448a-a195-4b67f946e2f3","local_time":"20190728234525","is_ascension_mode":true,"campfire_choices":[{"data":"Armaments","floor":6.0,"key":"SMITH"},{"data":"Inflame","floor":8.0,"key":"SMITH"},{"floor":15.0,"key":"REST"}],"neow_cost":"NONE","seed_source_timestamp":893229238392700,"circlet_count":0,"master_deck":["Strike_R","Strike_R","Strike_R","Defend_R","Defend_R","Defend_R","Defend_R","Bash","Spot Weakness","Burning Pact","Inflame+1","Reckless Charge","Armaments+1","Headbutt","Twin Strike","Feel No Pain","Sword Boomerang","True Grit+1","Twin Strike+1","Carnage+1","Fiend Fire+1","Pummel+1","Pummel+1","Cleave+1","Sword Boomerang+1"],"special_seed":0,"relics":["Burning Blood","Bronze Scales","Tiny Chest","Molten Egg 2","Kunai","Lizard Tail","DollysMirror","Thread and Needle"],"potions_floor_usage":[23],"damage_taken":[{"damage":3.0,"enemies":"2 Louse","floor":1.0,"turns":3.0},{"damage":2.0,"enemies":"Jaw Worm","floor":3.0,"turns":3.0},{"damage":1.0,"enemies":"Cultist","floor":4.0,"turns":4.0},{"damage":11.0,"enemies":"Blue Slaver","floor":5.0,"turns":5.0},{"damage":11.0,"enemies":"Lagavulin","floor":7.0,"turns":5.0},{"damage":1.0,"enemies":"Looter","floor":10.0,"turns":2.0},{"damage":21.0,"enemies":"Exordium Thugs","floor":11.0,"turns":3.0},{"damage":18.0,"enemies":"Gremlin Nob","floor":12.0,"turns":4.0},{"damage":20.0,"enemies":"3 Sentries","floor":14.0,"turns":5.0},{"damage":50.0,"enemies":"Slime Boss","floor":16.0,"turns":10.0},{"damage":11.0,"enemies":"Spheric Guardian","floor":18.0,"turns":3.0},{"damage":19,"enemies":"Chosen","floor":21,"turns":4},{"damage":38,"enemies":"Book of Stabbing","floor":23,"turns":5},{"damage":7,"enemies":"Centurion and Healer","floor":24,"turns":2}],"seed_played":"8824040150752036336","potions_obtained":[{"floor":1.0,"key":"Block Potion"},{"floor":11.0,"key":"Dexterity Potion"},{"floor":12.0,"key":"Ancient Potion"},{"floor":14.0,"key":"SteroidPotion"},{"floor":18.0,"key":"Fire Potion"}],"is_trial":false,"path_per_floor":["M","$","M","M","M","R","E","R","T","M","M","E","?","E","R","B",null,"M","?","$","M","$","E","M"],"character_chosen":"IRONCLAD","items_purchased":["Inflame","Reckless Charge","DollysMirror"],"campfire_rested":1,"item_purchase_floors":[2,2,20],"current_hp_per_floor":[75,75,79,80,75,75,70,70,70,75,60,48,48,34,58,14,64,59,59,59,46,46,14,7],"gold":99,"neow_bonus":"TRANSFORM_CARD","is_prod":false,"is_daily":false,"chose_seed":false,"campfire_upgraded":2,"win_rate":0,"timestamp":1564353925,"path_taken":["M","$","M","M","M","R","E","R","T","M","M","E","?","E","R","BOSS","M","?","$","M","$","E","M"],"build_version":"2019-07-17","purchased_purges":1,"victory":false,"max_hp_per_floor":[80,80,80,80,80,80,80,80,80,80,80,80,80,80,80,80,80,80,80,80,80,80,80,80],"card_choices":[{"not_picked":["Perfected Strike","Flex"],"picked":"Burning Pact","floor":1.0},{"not_picked":["Iron Wave","Dual Wield"],"picked":"Armaments","floor":3.0},{"not_picked":["Thunderclap","Spot Weakness"],"picked":"Headbutt","floor":4.0},{"not_picked":["Whirlwind","Barricade"],"picked":"Twin Strike","floor":5.0},{"not_picked":["Seeing Red","Armaments"],"picked":"Feel No Pain","floor":7.0},{"not_picked":["Power Through","Body Slam"],"picked":"Sword Boomerang","floor":10.0},{"not_picked":["Perfected Strike","Body Slam"],"picked":"True Grit","floor":11.0},{"not_picked":["Juggernaut","Power Through"],"picked":"Twin Strike","floor":12.0},{"not_picked":["Rage","Clothesline+1"],"picked":"Carnage+1","floor":14.0},{"not_picked":["Offering","Exhume"],"picked":"Fiend Fire+1","floor":16.0},{"not_picked":["Havoc","Inflame"],"picked":"Pummel+1","floor":18.0},{"not_picked":["Sever Soul+1","Ghostly Armor"],"picked":"Cleave+1","floor":21},{"not_picked":["Rage","Bludgeon+1"],"picked":"Sword Boomerang+1","floor":23}],"player_experience":205321,"relics_obtained":[{"floor":7.0,"key":"Bronze Scales"},{"floor":9.0,"key":"Tiny Chest"},{"floor":12.0,"key":"Molten Egg 2"},{"floor":14.0,"key":"Kunai"},{"floor":23,"key":"Thread and Needle"}],"event_choices":[{"damage_healed":0.0,"max_hp_gain":0.0,"max_hp_loss":0.0,"gold_gain":0.0,"event_name":"Living Wall","player_choice":"Grow","floor":13.0,"gold_loss":0.0,"damage_taken":0.0,"cards_upgraded":["True Grit"]},{"damage_healed":0.0,"max_hp_gain":0.0,"max_hp_loss":0.0,"gold_gain":0.0,"event_name":"Lab","player_choice":"Got Potions","floor":19.0,"gold_loss":0.0,"damage_taken":0.0}],"is_beta":false,"boss_relics":[{"not_picked":["Snecko Eye","Runic Cube"],"picked":"Lizard Tail"}],"items_purged_floors":[20],"is_endless":false,"potions_floor_spawned":[1,11,12,14,18],"killed_by":"Centurion and Healer","ascension_level":6}