{"gold_per_floor":[109,109,109,123,123,123,167,187,213,65,65,81,31,54,54,179,179,192,192,192,192,114,155,155,175,175,175,202,202,231,250,250,354,354,370,370,127,146,166,166,196,213,238,86,86,98,98,110,110,110],"floor_reached":50,"playtime":5540,"items_purged":["Injury","Defend_B+1","Injury"],"score":633,"play_id":"d646ba3c-a704-419d-87c8-26138dcae912","local_time":"20181105163906","is_ascension_mode":true,"campfire_choices":[{"floor":6,"key":"REST"},{"data":"Capacitor","floor":15,"key":"SMITH"},{"floor":27,"key":"REST"},{"floor":29,"key":"REST"},{"floor":32,"key":"REST"},{"floor":40,"key":"REST"},{"floor":45,"key":"REST"},{"floor":49,"key":"REST"}],"neow_cost":"NONE","seed_source_timestamp":954690339881102,"circlet_count":0,"master_deck":["Strike_B+1","Strike_B+1","Strike_B+1","Defend_B+1","Zap","Dualcast","Rebound","FTL","Capacitor+1","Conserve Battery","Ball Lightning","Leap","Conserve Battery","Leap","Electrodynamics","Barrage+1","Glacier","Defragment","Darkness","Compile Driver","Cold Snap+1","Redo","Echo Form","Conserve Battery+1","Cold Snap","Parasite","Parasite","Coolheaded+1"],"relics":["Cracked Core","NeowsBlessing","Bloody Idol","Orichalcum","Bronze Scales","Fusion Hammer","Boot","Kunai","Darkstone Periapt","Art of War","Cursed Key","Strawberry","Oddly Smooth Stone","Smiling Mask","Bag of Preparation"],"potions_floor_usage":[12,16,16,33,39,42,47,50],"damage_taken":[{"damage":0,"enemies":"Jaw Worm","floor":1,"turns":1},{"damage":0,"enemies":"2 Louse","floor":4,"turns":1},{"damage":0,"enemies":"3 Sentries","floor":7,"turns":1},{"damage":1,"enemies":"Cultist","floor":8,"turns":3},{"damage":0,"enemies":"Large Slime","floor":12,"turns":5},{"damage":0,"enemies":"2 Fungi Beasts","floor":14,"turns":3},{"damage":15,"enemies":"The Guardian","floor":16,"turns":9},{"damage":14,"enemies":"Spheric Guardian","floor":18,"turns":4},{"damage":5,"enemies":"Book of Stabbing","floor":23,"turns":5},{"damage":5,"enemies":"3 Byrds","floor":25,"turns":3},{"damage":28,"enemies":"Slavers","floor":28,"turns":6},{"damage":9,"enemies":"Gremlin Leader","floor":30,"turns":4},{"damage":3,"enemies":"Centurion and Healer","floor":31,"turns":5},{"damage":37,"enemies":"Champ","floor":33,"turns":11},{"damage":8,"enemies":"3 Shapes","floor":35,"turns":5},{"damage":21,"enemies":"3 Darklings","floor":38,"turns":3},{"damage":27,"enemies":"Writhing Mass","floor":39,"turns":6},{"damage":73,"enemies":"Reptomancer","floor":41,"turns":6},{"damage":30,"enemies":"Maw","floor":42,"turns":8},{"damage":22,"enemies":"Transient","floor":46,"turns":5},{"damage":13,"enemies":"Writhing Mass","floor":47,"turns":3},{"damage":10,"enemies":"Spire Growth","floor":48,"turns":5},{"damage":52,"enemies":"Time Eater","floor":50,"turns":6}],"seed_played":"-4733818887028917948","potions_obtained":[{"floor":1,"key":"Fruit Juice"},{"floor":4,"key":"Weak Potion"},{"floor":12,"key":"FocusPotion"},{"floor":30,"key":"FairyPotion"},{"floor":31,"key":"Swift Potion"},{"floor":33,"key":"LiquidBronze"},{"floor":38,"key":"Block Potion"},{"floor":41,"key":"Dexterity Potion"},{"floor":48,"key":"Explosive Potion"}],"is_trial":false,"path_per_floor":["M","?","?","M","?","R","E","M","T","$","?","M","?","M","R","B",null,"M","?","?","?","$","E","?","M","T","R","E","R","E","M","R","B",null,"M","?","$","M","M","R","E","M","T","$","R","M","M","M","R","B"],"character_chosen":"DEFECT","items_purchased":["Ball Lightning","Leap","Defragment","Oddly Smooth Stone","SmokeBomb"],"campfire_rested":7,"item_purchase_floors":[10,10,22,37,44],"current_hp_per_floor":[75,68,53,53,53,75,75,74,74,74,74,79,79,79,79,64,80,66,66,66,66,66,61,61,61,61,80,57,80,76,78,80,48,80,77,84,84,68,52,79,11,6,17,17,46,29,22,17,48,0],"gold":110,"neow_bonus":"THREE_ENEMY_KILL","is_prod":false,"is_daily":false,"chose_seed":false,"campfire_upgraded":1,"win_rate":0,"timestamp":1541464746,"path_taken":["M","?","?","M","?","R","E","M","T","?","?","?","?","M","R","BOSS","M","?","?","?","$","E","?","M","T","R","E","R","E","M","R","BOSS","M","?","$","M","M","R","E","M","T","$","R","M","?","M","R","BOSS"],"build_version":"2018-11-01","purchased_purges":3,"victory":false,"max_hp_per_floor":[75,75,75,75,75,75,75,75,75,75,75,80,80,80,80,80,80,80,80,80,80,80,80,80,80,80,80,80,80,80,80,80,80,80,80,87,87,87,93,93,93,93,99,99,99,99,105,105,105,105],"card_choices":[{"not_picked":["Steam Power","Melter"],"picked":"Rebound","floor":1},{"not_picked":["Reinforced Body","Sweeping Beam"],"picked":"FTL","floor":4},{"not_picked":["Fusion","Recycle"],"picked":"Capacitor","floor":7},{"not_picked":["Doom and Gloom","BootSequence"],"picked":"Conserve Battery","floor":8},{"not_picked":["Sweeping Beam","Streamline"],"picked":"Conserve Battery","floor":12},{"not_picked":["Turbo","Stack"],"picked":"Leap","floor":14},{"not_picked":["Biased Cognition","All For One"],"picked":"Electrodynamics","floor":16},{"not_picked":["Tempest","Cold Snap"],"picked":"Barrage+1","floor":18},{"not_picked":["Compile Driver","Ball Lightning+1"],"picked":"Darkness","floor":23},{"not_picked":["Skim","Rebound"],"picked":"Compile Driver","floor":25},{"not_picked":["Rebound","Creative AI"],"picked":"Cold Snap+1","floor":28},{"not_picked":["Sweeping Beam","Rip and Tear+1","Undo+1"],"picked":"SKIP","floor":30},{"not_picked":["Coolheaded","Double Energy+1"],"picked":"Redo","floor":31},{"not_picked":["Reboot","Creative AI"],"picked":"Echo Form","floor":33},{"not_picked":["Sweeping Beam+1","Force Field+1"],"picked":"Conserve Battery+1","floor":35},{"not_picked":["Ball Lightning","Go for the Eyes"],"picked":"Cold Snap","floor":38},{"not_picked":["Stack+1","Thunder Strike","Cold Snap"],"picked":"SKIP","floor":39},{"not_picked":["Genetic Algorithm","Barrage","Sunder+1"],"picked":"SKIP","floor":41},{"not_picked":["Heatsinks","Chill","Ball Lightning+1"],"picked":"SKIP","floor":42},{"not_picked":["Genetic Algorithm+1","Biased Cognition","Blizzard+1"],"picked":"SKIP","floor":46},{"not_picked":["Beam Cell","Compile Driver"],"picked":"Coolheaded+1","floor":48}],"player_experience":174854,"relics_obtained":[{"floor":7,"key":"Orichalcum"},{"floor":9,"key":"Bronze Scales"},{"floor":23,"key":"Boot"},{"floor":26,"key":"Kunai"},{"floor":28,"key":"Darkstone Periapt"},{"floor":30,"key":"Art of War"},{"floor":41,"key":"Smiling Mask"},{"floor":43,"key":"Bag of Preparation"}],"event_choices":[{"cards_removed":["Strike_B"],"damage_healed":0,"gold_gain":0,"player_choice":"Card Removal","damage_taken":7,"max_hp_gain":0,"max_hp_loss":0,"event_name":"Golden Wing","floor":2,"gold_loss":0},{"damage_healed":0,"gold_gain":0,"player_choice":"Entered Light","damage_taken":15,"max_hp_gain":0,"max_hp_loss":0,"event_name":"Shining Light","floor":3,"gold_loss":0,"cards_upgraded":["Strike_B","Defend_B"]},{"damage_healed":0,"gold_gain":0,"player_choice":"Take Wound","damage_taken":0,"relics_obtained":["Golden Idol"],"max_hp_gain":0,"max_hp_loss":0,"event_name":"Golden Idol","floor":5,"gold_loss":0,"cards_obtained":["Injury"]},{"cards_removed":["Defend_B"],"damage_healed":0,"gold_gain":0,"player_choice":"Purged","damage_taken":0,"max_hp_gain":0,"max_hp_loss":0,"event_name":"Purifier","floor":11,"gold_loss":0},{"cards_removed":["Defend_B"],"damage_healed":0,"gold_gain":0,"player_choice":"Card Removal","damage_taken":0,"max_hp_gain":0,"max_hp_loss":0,"event_name":"The Cleric","floor":13,"gold_loss":50},{"damage_healed":0,"gold_gain":0,"player_choice":"Simplicity","damage_taken":0,"max_hp_gain":0,"max_hp_loss":0,"event_name":"Back to Basics","floor":19,"gold_loss":0,"cards_upgraded":["Strike_B","Strike_B","Defend_B"]},{"damage_healed":0,"gold_gain":0,"player_choice":"Read","damage_taken":0,"max_hp_gain":0,"max_hp_loss":0,"event_name":"The Library","floor":20,"gold_loss":0,"cards_obtained":["Glacier"]},{"damage_healed":0,"gold_gain":0,"player_choice":"Ignored","damage_taken":0,"max_hp_gain":0,"max_hp_loss":0,"event_name":"Vampires","floor":21,"gold_loss":0},{"damage_healed":0,"gold_gain":0,"player_choice":"Gave Idol","damage_taken":0,"relics_obtained":["Bloody Idol"],"max_hp_gain":0,"max_hp_loss":0,"event_name":"Forgotten Altar","floor":24,"relics_lost":["Golden Idol"],"gold_loss":0},{"damage_healed":0,"gold_gain":0,"player_choice":"Gave Potion","damage_taken":0,"relics_obtained":["Strawberry"],"max_hp_gain":0,"max_hp_loss":0,"event_name":"WeMeetAgain","floor":36,"gold_loss":0}],"is_beta":false,"boss_relics":[{"not_picked":["Black Star","Coffee Dripper"],"picked":"Fusion Hammer"},{"not_picked":["Tiny House","Philosopher\u0027s Stone"],"picked":"Cursed Key"}],"items_purged_floors":[10,37,44],"is_endless":false,"potions_floor_spawned":[1,4,12,30,31,33,38,41,48],"killed_by":"Time Eater","ascension_level":1}