{"gold_per_floor":[111,124,139,89,89,89,104,124,124,124,157,182,182,6,6,130,130,155,143,242,242,267,267,288,288,288,288,324,338,61,61],"floor_reached":31,"playtime":1125,"items_purged":["Strike_B","Strike_B"],"score":283,"play_id":"2a909c99-e2a0-4ada-8ef7-0123b4ab79d9","local_time":"20190612190718","is_ascension_mode":true,"campfire_choices":[{"data":"Zap","floor":6,"key":"SMITH"},{"floor":10,"key":"REST"},{"floor":15,"key":"REST"},{"floor":23,"key":"REST"},{"floor":25,"key":"REST"},{"floor":27,"key":"REST"}],"neow_cost":"NONE","seed_source_timestamp":870388197976600,"circlet_count":0,"master_deck":["Strike_B","Strike_B","Defend_B","Defend_B","Defend_B","Zap+1","Dualcast","Ball Lightning","Steam","Compile Driver","White Noise","Redo","Stack","Ball Lightning","Conserve Battery","Gash","Core Surge","Turbo+1","Hologram","Chaos","Cold Snap+1","Sunder","Hologram+1","Coolheaded"],"relics":["Cracked Core","Golden Idol","Pantograph","PreservedInsect","GremlinMask","Sozu","Blue Candle","Calipers","DataDisk"],"potions_floor_usage":[8,16],"damage_taken":[{"damage":13,"enemies":"Jaw Worm","floor":1,"turns":4},{"damage":7,"enemies":"Small Slimes","floor":2,"turns":3},{"damage":1,"enemies":"Cultist","floor":3,"turns":4},{"damage":8,"enemies":"Large Slime","floor":7,"turns":5},{"damage":5,"enemies":"Exordium Thugs","floor":8,"turns":4},{"damage":24,"enemies":"3 Sentries","floor":11,"turns":5},{"damage":5,"enemies":"Gremlin Gang","floor":12,"turns":4},{"damage":7,"enemies":"The Guardian","floor":16,"turns":8},{"damage":26,"enemies":"3 Byrds","floor":18,"turns":5},{"damage":36,"enemies":"2 Thieves","floor":19,"turns":4},{"damage":4,"enemies":"Chosen and Byrds","floor":22,"turns":4},{"damage":36,"enemies":"Snake Plant","floor":24,"turns":4},{"damage":8,"enemies":"Book of Stabbing","floor":28,"turns":5},{"damage":13,"enemies":"Snecko","floor":29,"turns":4},{"damage":31,"enemies":"Slavers","floor":31,"turns":2}],"seed_played":"1583393945553030019","potions_obtained":[{"floor":7,"key":"AttackPotion"},{"floor":8,"key":"GamblersBrew"},{"floor":12,"key":"AttackPotion"}],"is_trial":false,"path_per_floor":["M","M","M","?","?","R","M","M","T","R","E","M","?","$","R","B",null,"M","M","?","?","M","R","M","R","T","R","E","M","$","E"],"character_chosen":"DEFECT","items_purchased":["Conserve Battery","Gash","DataDisk","Coolheaded"],"campfire_rested":5,"item_purchase_floors":[14,14,30,30],"current_hp_per_floor":[69,62,61,61,41,41,33,28,28,52,28,23,23,23,47,65,82,56,20,20,20,16,40,4,28,28,52,44,31,31,0],"gold":61,"neow_bonus":"TEN_PERCENT_HP_BONUS","is_prod":false,"is_daily":false,"chose_seed":false,"campfire_upgraded":1,"win_rate":0,"timestamp":1560362838,"path_taken":["M","M","M","?","?","R","M","M","T","R","E","M","?","$","R","BOSS","M","M","?","?","M","R","?","R","T","R","E","M","$","E"],"build_version":"2019-01-23","purchased_purges":2,"victory":false,"max_hp_per_floor":[82,82,82,82,82,82,82,82,82,82,82,82,82,82,82,82,82,82,82,82,82,82,82,82,82,82,82,82,82,82,82],"card_choices":[{"not_picked":["Stack","Go for the Eyes"],"picked":"Ball Lightning","floor":1},{"not_picked":["Rebound","Melter"],"picked":"Steam","floor":2},{"not_picked":["Go for the Eyes","Hologram"],"picked":"Compile Driver","floor":3},{"not_picked":["Loop","FTL"],"picked":"White Noise","floor":7},{"not_picked":["Multi-Cast","Beam Cell"],"picked":"Redo","floor":8},{"not_picked":["Blizzard","Lockon"],"picked":"Stack","floor":11},{"not_picked":["Reprogram","Rebound"],"picked":"Ball Lightning","floor":12},{"not_picked":["Fission","Meteor Strike"],"picked":"Core Surge","floor":16},{"not_picked":["Steam","Gash"],"picked":"Turbo+1","floor":18},{"not_picked":["Darkness","Ball Lightning"],"picked":"Hologram","floor":19},{"not_picked":["Loop+1","Stack+1"],"picked":"Chaos","floor":22},{"not_picked":["Reinforced Body","Biased Cognition"],"picked":"Cold Snap+1","floor":24},{"not_picked":["Consume","Steam"],"picked":"Sunder","floor":28},{"not_picked":["Tempest","Ball Lightning"],"picked":"Hologram+1","floor":29}],"player_experience":91558,"relics_obtained":[{"floor":9,"key":"Pantograph"},{"floor":11,"key":"PreservedInsect"},{"floor":26,"key":"Blue Candle"},{"floor":28,"key":"Calipers"}],"event_choices":[{"cards_removed":["Defend_B"],"damage_healed":0,"gold_gain":0,"player_choice":"Card Removal","damage_taken":0,"max_hp_gain":0,"max_hp_loss":0,"event_name":"The Cleric","floor":4,"gold_loss":50},{"damage_healed":0,"gold_gain":0,"player_choice":"Take Damage","damage_taken":20,"relics_obtained":["Golden Idol"],"max_hp_gain":0,"max_hp_loss":0,"event_name":"Golden Idol","floor":5,"gold_loss":0},{"damage_healed":0,"gold_gain":0,"player_choice":"Trade","damage_taken":0,"relics_obtained":["GremlinMask"],"max_hp_gain":0,"max_hp_loss":0,"event_name":"FaceTrader","floor":13,"gold_loss":0},{"damage_healed":0,"gold_gain":99,"player_choice":"Stole From Cult","damage_taken":0,"max_hp_gain":0,"max_hp_loss":0,"event_name":"Nest","floor":20,"gold_loss":0},{"damage_healed":0,"gold_gain":0,"player_choice":"Ignored","damage_taken":0,"max_hp_gain":0,"max_hp_loss":0,"event_name":"Cursed Tome","floor":21,"gold_loss":0}],"is_beta":false,"boss_relics":[{"not_picked":["Runic Dome","Fusion Hammer"],"picked":"Sozu"}],"items_purged_floors":[14,30],"is_endless":false,"potions_floor_spawned":[7,8,12,18,22,29],"killed_by":"Slavers","ascension_level":2}