{"gold_per_floor":[112,112,112,212,231,246,246,123,123,123,139,159,195,14,14,135,135,150,164,214,18,33,33,33],"floor_reached":24,"playtime":1873,"items_purged":["Strike_B","Defend_B","Strike_B"],"score":255,"play_id":"8907dbfc-990e-4146-bb38-8ab7be65cb36","local_time":"20190731182602","is_ascension_mode":true,"campfire_choices":[{"floor":7,"key":"REST"},{"floor":10,"key":"REST"},{"data":"Barrage","floor":15,"key":"SMITH"},{"floor":23,"key":"REST"}],"neow_cost":"NONE","seed_source_timestamp":5202213852667411,"circlet_count":0,"master_deck":["Strike_B+1","Strike_B+1","Defend_B","Defend_B","Defend_B","Zap","Dualcast","Coolheaded","Beam Cell","Barrage+1","Gash","Melter","Leap","Reboot","Capacitor","Gash+1","Chaos","Electrodynamics","Loop"],"relics":["Cracked Core","Happy Flower","Golden Idol","Potion Belt","Black Star"],"potions_floor_usage":[16,22,22,24],"damage_taken":[{"damage":0,"enemies":"Cultist","floor":1,"turns":3},{"damage":0,"enemies":"Jaw Worm","floor":5,"turns":4},{"damage":9,"enemies":"2 Louse","floor":6,"turns":2},{"damage":11,"enemies":"Exordium Thugs","floor":11,"turns":5},{"damage":10,"enemies":"Large Slime","floor":12,"turns":3},{"damage":7,"enemies":"Gremlin Nob","floor":13,"turns":3},{"damage":12,"enemies":"Hexaghost","floor":16,"turns":8},{"damage":19,"enemies":"Shell Parasite","floor":18,"turns":6},{"damage":11,"enemies":"3 Byrds","floor":19,"turns":5},{"damage":18,"enemies":"Centurion and Healer","floor":22,"turns":4},{"damage":41,"enemies":"Book of Stabbing","floor":24,"turns":4}],"seed_played":"-5871170832484910701","potions_obtained":[{"floor":11,"key":"SpeedPotion"},{"floor":12,"key":"PowerPotion"},{"floor":13,"key":"PowerPotion"},{"floor":19,"key":"FearPotion"}],"is_trial":false,"path_per_floor":["M","?","?","?","M","M","R","$","T","R","M","M","E","$","R","B",null,"M","M","?","$","M","R","E"],"character_chosen":"DEFECT","items_purchased":["Gash","Capacitor","Electrodynamics"],"campfire_rested":3,"item_purchase_floors":[8,14,21],"current_hp_per_floor":[68,53,35,35,35,26,48,48,48,70,59,49,42,42,42,30,64,45,34,34,34,16,38,0],"gold":33,"neow_bonus":"RANDOM_COMMON_RELIC","is_prod":false,"is_daily":false,"chose_seed":false,"campfire_upgraded":1,"win_rate":0,"timestamp":1564622762,"path_taken":["M","?","?","?","?","M","R","$","T","R","M","M","E","$","R","BOSS","M","M","?","$","?","R","E"],"build_version":"2019-07-17","purchased_purges":3,"victory":false,"max_hp_per_floor":[75,75,75,75,75,75,75,75,75,75,75,75,75,75,75,75,75,75,75,75,75,75,75,75],"card_choices":[{"not_picked":["Steam","Streamline"],"picked":"Coolheaded","floor":1},{"not_picked":["Hello World","Cold Snap"],"picked":"Beam Cell","floor":5},{"not_picked":["Tempest","Gash"],"picked":"Barrage","floor":6},{"not_picked":["Hologram","Sweeping Beam"],"picked":"Melter","floor":11},{"not_picked":["Amplify","Compile Driver"],"picked":"Leap","floor":12},{"not_picked":["Barrage","BootSequence"],"picked":"Reboot","floor":13},{"not_picked":["Chaos","Steam"],"picked":"Gash+1","floor":18},{"not_picked":["Go for the Eyes","Stack"],"picked":"Chaos","floor":19},{"not_picked":["Stack","Beam Cell"],"picked":"Loop","floor":22}],"player_experience":338822,"relics_obtained":[{"floor":13,"key":"Potion Belt"}],"event_choices":[{"damage_healed":0,"gold_gain":0,"player_choice":"Entered Light","damage_taken":15,"max_hp_gain":0,"max_hp_loss":0,"event_name":"Shining Light","floor":2,"gold_loss":0,"cards_upgraded":["Strike_B","Strike_B"]},{"damage_healed":0,"gold_gain":0,"player_choice":"Take Damage","damage_taken":18,"relics_obtained":["Golden Idol"],"max_hp_gain":0,"max_hp_loss":0,"event_name":"Golden Idol","floor":3,"gold_loss":0},{"damage_healed":0,"gold_gain":100,"player_choice":"Gold","damage_taken":0,"max_hp_gain":0,"max_hp_loss":0,"event_name":"Wheel of Change","floor":4,"gold_loss":0},{"damage_healed":0,"gold_gain":100,"player_choice":"Bet on Murderer","damage_taken":0,"max_hp_gain":0,"max_hp_loss":0,"event_name":"The Joust","floor":20,"gold_loss":50}],"is_beta":false,"boss_relics":[{"not_picked":["Sozu","Eternal Feather"],"picked":"Black Star"}],"items_purged_floors":[8,14,21],"is_endless":false,"potions_floor_spawned":[11,12,13,19],"killed_by":"Book of Stabbing","ascension_level":6}