{"gold_per_floor":[113,113,125,200,218,252,252,202,202,202,79,92,127,147,147,242,242,242,182,182,182,182,182,182,182,182,182,182,182,182,182,182,182,182,182,82,82,82,82,82,82,82,82,82,82,82,82,82,82,82,82,82,30,30,30],"floor_reached":55,"playtime":6843,"items_purged":["Strike_B","Strike_B"],"score":919,"play_id":"1275a9b9-bd9e-427e-8b11-fa367d725c36","local_time":"20190223173737","is_ascension_mode":true,"campfire_choices":[{"floor":7,"key":"REST"},{"data":"Echo Form","floor":15,"key":"SMITH"},{"floor":23,"key":"REST"},{"floor":25,"key":"REST"},{"floor":27,"key":"RECALL"},{"floor":29,"key":"REST"},{"floor":32,"key":"REST"},{"floor":40,"key":"REST"},{"data":"Conserve Battery","floor":42,"key":"SMITH"},{"data":"Buffer","floor":49,"key":"SMITH"},{"data":"Conserve Battery","floor":52,"key":"SMITH"}],"neow_cost":"NONE","seed_source_timestamp":791974036800940,"circlet_count":0,"master_deck":["Strike_B","Defend_B","Defend_B","Defend_B","Defend_B","Zap","Dualcast","Cold Snap","Reprogram","Streamline+1","Gash+1","Barrage+1","Barrage+1","Echo Form+1","Machine Learning","Conserve Battery+1","Conserve Battery+1","Undo+1","Chill+1","Fusion+1","Self Repair+1","Buffer+1","Parasite","Redo+1","Consume+1","Go for the Eyes+1"],"relics":["Cracked Core","Molten Egg 2","DataDisk","Letter Opener","Emotion Chip","Ectoplasm","Pear","Bottled Flame","Vajra","Dodecahedron","Mercury Hourglass","Inserter","GremlinMask","Blood Vial","Incense Burner","Happy Flower"],"potions_floor_usage":[13,16,19,19,24,24,30,31,41,44,44,55],"damage_taken":[{"damage":2,"enemies":"Jaw Worm","floor":1,"turns":3},{"damage":0,"enemies":"Small Slimes","floor":3,"turns":3},{"damage":2,"enemies":"2 Louse","floor":5,"turns":2},{"damage":17,"enemies":"Gremlin Nob","floor":6,"turns":4},{"damage":0,"enemies":"Large Slime","floor":12,"turns":3},{"damage":14,"enemies":"Lagavulin","floor":13,"turns":4},{"damage":1,"enemies":"Looter","floor":14,"turns":2},{"damage":26,"enemies":"The Guardian","floor":16,"turns":8},{"damage":19,"enemies":"Shell Parasite","floor":18,"turns":4},{"damage":13,"enemies":"2 Thieves","floor":19,"turns":4},{"damage":13,"enemies":"Cultist and Chosen","floor":22,"turns":6},{"damage":17,"enemies":"Gremlin Leader","floor":24,"turns":6},{"damage":31,"enemies":"Book of Stabbing","floor":28,"turns":5},{"damage":31,"enemies":"Slavers","floor":30,"turns":5},{"damage":16,"enemies":"Snake Plant","floor":31,"turns":4},{"damage":38,"enemies":"Automaton","floor":33,"turns":10},{"damage":0,"enemies":"3 Shapes","floor":35,"turns":3},{"damage":20,"enemies":"3 Darklings","floor":38,"turns":5},{"damage":19,"enemies":"Giant Head","floor":41,"turns":7},{"damage":3,"enemies":"Writhing Mass","floor":44,"turns":6},{"damage":16,"enemies":"4 Shapes","floor":45,"turns":5},{"damage":14,"enemies":"3 Darklings","floor":47,"turns":5},{"damage":0,"enemies":"Sphere and 2 Shapes","floor":48,"turns":6},{"damage":21,"enemies":"Awakened One","floor":50,"turns":15},{"damage":53,"enemies":"Shield and Spear","floor":54,"turns":10},{"damage":70,"enemies":"The Heart","floor":55,"turns":3}],"seed_played":"-2263714139492737942","potions_obtained":[{"floor":3,"key":"EssenceOfSteel"},{"floor":12,"key":"SpeedPotion"},{"floor":13,"key":"Fire Potion"},{"floor":16,"key":"Fire Potion"},{"floor":18,"key":"LiquidBronze"},{"floor":19,"key":"FocusPotion"},{"floor":24,"key":"SpeedPotion"},{"floor":30,"key":"LiquidBronze"},{"floor":33,"key":"Block Potion"},{"floor":35,"key":"FearPotion"},{"floor":38,"key":"Poison Potion"},{"floor":54,"key":"Regen Potion"}],"is_trial":false,"path_per_floor":["M","?","M","?","M","E","R","?","T","T","$","M","E","M","R","B",null,"M","M","?","T","M","R","E","R","T","R","E","R","E","M","R","B",null,"M","$","?","M","?","R","E","R","T","M","M","?","M","M","R","B",null,"R","$","E","B"],"character_chosen":"DEFECT","items_purchased":["Barrage+1","Go for the Eyes+1"],"campfire_rested":6,"item_purchase_floors":[11,53],"current_hp_per_floor":[80,73,73,62,60,43,67,67,67,67,67,67,53,52,52,26,68,49,36,36,46,33,60,43,70,70,70,39,66,35,19,46,8,71,71,71,71,51,51,78,69,69,69,78,84,84,82,92,92,81,89,89,89,58,0],"gold":30,"neow_bonus":"TEN_PERCENT_HP_BONUS","is_prod":false,"is_daily":false,"chose_seed":false,"campfire_upgraded":4,"win_rate":0,"timestamp":1550972257,"path_taken":["M","?","M","?","M","E","R","?","T","?","?","M","E","?","R","BOSS","M","?","?","?","M","R","E","R","T","R","E","R","E","M","R","BOSS","M","$","?","?","?","R","E","R","T","?","M","?","M","M","R","BOSS","R","$","E","BOSS"],"build_version":"2019-01-23","purchased_purges":2,"victory":false,"max_hp_per_floor":[82,82,82,82,82,82,82,82,82,82,82,82,82,82,82,82,82,82,82,82,92,92,92,92,92,92,92,92,92,92,92,92,92,92,92,92,92,92,92,92,92,92,92,92,92,92,92,92,92,92,92,92,92,92,92],"card_choices":[{"not_picked":["Hologram","Beam Cell"],"picked":"Cold Snap","floor":1},{"not_picked":["Sweeping Beam+1","Hologram"],"picked":"Reprogram","floor":3},{"not_picked":["Hologram","Steam"],"picked":"Streamline+1","floor":5},{"not_picked":["Lockon+1","Static Discharge"],"picked":"Gash+1","floor":6},{"not_picked":["Ball Lightning+1","Recycle"],"picked":"Barrage+1","floor":12},{"not_picked":["Heatsinks","Compile Driver+1"],"picked":"Echo Form","floor":13},{"not_picked":["Stack","Redo","BootSequence"],"picked":"SKIP","floor":14},{"not_picked":["Core Surge+1","Thunder Strike+1"],"picked":"Machine Learning","floor":16},{"not_picked":["Gash+1","FTL+1"],"picked":"Conserve Battery","floor":18},{"not_picked":["Genetic Algorithm","Barrage+1","Hello World"],"picked":"SKIP","floor":19},{"not_picked":["Chill","Force Field+1"],"picked":"Conserve Battery","floor":22},{"not_picked":["Core Surge+1","Sunder+1"],"picked":"Undo+1","floor":24},{"not_picked":["Reprogram","Storm"],"picked":"Beam Cell+1","floor":28},{"not_picked":["Hologram","Sweeping Beam+1","Beam Cell+1"],"picked":"SKIP","floor":30},{"not_picked":["Consume","Sweeping Beam+1"],"picked":"Chill+1","floor":31},{"not_picked":["Conserve Battery+1","Sweeping Beam+1"],"picked":"Fusion+1","floor":35},{"not_picked":["Barrage+1","Beam Cell+1"],"picked":"Self Repair+1","floor":38},{"not_picked":["Scrape+1","Hologram+1"],"picked":"Buffer","floor":41},{"not_picked":["Ball Lightning+1","Hologram+1"],"picked":"Redo+1","floor":44},{"not_picked":["Genetic Algorithm+1","Beam Cell+1"],"picked":"Consume+1","floor":45},{"not_picked":["Capacitor+1","Biased Cognition","Doom and Gloom+1"],"picked":"SKIP","floor":47},{"not_picked":["Turbo+1","Streamline+1","Sunder+1"],"picked":"SKIP","floor":48},{"not_picked":["Thunder Strike+1","Coolheaded","Hologram"],"picked":"SKIP","floor":54}],"player_experience":281787,"relics_obtained":[{"floor":6,"key":"DataDisk"},{"floor":10,"key":"Letter Opener"},{"floor":13,"key":"Emotion Chip"},{"floor":21,"key":"Pear"},{"floor":24,"key":"Bottled Flame"},{"floor":26,"key":"Vajra"},{"floor":28,"key":"Dodecahedron"},{"floor":30,"key":"Mercury Hourglass"},{"floor":41,"key":"Blood Vial"},{"floor":43,"key":"Incense Burner"},{"floor":54,"key":"Happy Flower"}],"event_choices":[{"damage_healed":0,"gold_gain":0,"player_choice":"Success","damage_taken":7,"relics_obtained":["Molten Egg 2"],"max_hp_gain":0,"max_hp_loss":0,"event_name":"Scrap Ooze","floor":2,"gold_loss":0},{"damage_healed":0,"gold_gain":75,"player_choice":"Gather Gold","damage_taken":11,"max_hp_gain":0,"max_hp_loss":0,"event_name":"World of Goop","floor":4,"gold_loss":0},{"cards_removed":["Strike_B"],"damage_healed":0,"gold_gain":0,"player_choice":"Card Removal","damage_taken":0,"max_hp_gain":0,"max_hp_loss":0,"event_name":"The Cleric","floor":8,"gold_loss":50},{"damage_healed":0,"gold_gain":99,"player_choice":"Stole From Cult","damage_taken":0,"max_hp_gain":0,"max_hp_loss":0,"event_name":"Nest","floor":20,"gold_loss":0},{"damage_healed":0,"gold_gain":0,"player_choice":"0 cards matched","damage_taken":0,"max_hp_gain":0,"max_hp_loss":0,"event_name":"Match and Keep!","floor":37,"gold_loss":0,"cards_obtained":[]},{"damage_healed":0,"gold_gain":0,"player_choice":"Trade","damage_taken":0,"relics_obtained":["GremlinMask"],"max_hp_gain":0,"max_hp_loss":0,"event_name":"FaceTrader","floor":39,"gold_loss":0},{"cards_removed":["Beam Cell"],"damage_healed":0,"gold_gain":0,"player_choice":"Removed Attack","damage_taken":0,"max_hp_gain":0,"max_hp_loss":0,"event_name":"Falling","floor":46,"gold_loss":0}],"is_beta":false,"boss_relics":[{"not_picked":["Pandora\u0027s Box","FrozenCore"],"picked":"Ectoplasm"},{"not_picked":["Black Star","Sozu"],"picked":"Inserter"}],"items_purged_floors":[11,36],"is_endless":false,"potions_floor_spawned":[3,12,13,16,18,19,24,30,33,35,38,54],"killed_by":"The Heart","ascension_level":5}