{"gold_per_floor":[117,131,131,142,16,47,47,122,122,122,157,157,157,107,107,212,212,228,239,257,277,287,287,287],"floor_reached":24,"playtime":2430,"items_purged":["Strike_B"],"score":227,"play_id":"c8e05ac8-7729-4134-bc77-1bc60d8a8235","local_time":"20181226123816","is_ascension_mode":true,"campfire_choices":[{"data":"Barrage","floor":7,"key":"SMITH"},{"floor":10,"key":"REST"},{"data":"Streamline","floor":13,"key":"SMITH"},{"floor":15,"key":"REST"},{"floor":23,"key":"REST"}],"neow_cost":"NONE","seed_source_timestamp":5452360705587,"circlet_count":0,"master_deck":["Zap","Dualcast","Barrage+1","FTL","Coolheaded","Streamline+1","Core Surge","Cold Snap","Creative AI","Barrage","Static Discharge","Reprogram","Aggregate","Sunder","Seek","Glacier","Reinforced Body","Conserve Battery","Reinforced Body","Go for the Eyes"],"relics":["Cracked Core","NeowsBlessing","Meat on the Bone","Matryoshka","Bag of Marbles","Question Card","Pandora\u0027s Box"],"potions_floor_usage":[11,16,24,24],"damage_taken":[{"damage":0,"enemies":"2 Louse","floor":1,"turns":1},{"damage":0,"enemies":"Cultist","floor":2,"turns":1},{"damage":0,"enemies":"Small Slimes","floor":4,"turns":1},{"damage":33,"enemies":"3 Sentries","floor":6,"turns":6},{"damage":10,"enemies":"Gremlin Nob","floor":11,"turns":3},{"damage":25,"enemies":"The Guardian","floor":16,"turns":12},{"damage":19,"enemies":"Shell Parasite","floor":18,"turns":3},{"damage":6,"enemies":"3 Byrds","floor":19,"turns":3},{"damage":33,"enemies":"Centurion and Healer","floor":20,"turns":6},{"damage":17,"enemies":"Snecko","floor":21,"turns":6},{"damage":20,"enemies":"Sentry and Sphere","floor":22,"turns":9},{"damage":43,"enemies":"Gremlin Leader","floor":24,"turns":6}],"seed_played":"-6513450764624976297","potions_obtained":[{"floor":2,"key":"Weak Potion"},{"floor":6,"key":"Poison Potion"},{"floor":19,"key":"FearPotion"},{"floor":22,"key":"SkillPotion"}],"is_trial":false,"path_per_floor":["M","M","?","M","$","E","R","?","T","R","E","T","R","?","R","B",null,"M","M","M","M","M","R","E"],"character_chosen":"DEFECT","items_purchased":["Streamline"],"campfire_rested":3,"item_purchase_floors":[5],"current_hp_per_floor":[75,75,75,75,75,42,42,31,31,53,43,43,43,43,65,40,75,56,50,29,24,16,38,0],"gold":287,"neow_bonus":"THREE_ENEMY_KILL","is_prod":false,"is_daily":false,"chose_seed":false,"campfire_upgraded":2,"win_rate":0,"timestamp":1545856696,"path_taken":["M","M","?","?","$","E","R","?","T","R","E","?","R","?","R","BOSS","M","M","M","M","M","R","E"],"build_version":"2018-12-20","purchased_purges":1,"victory":false,"max_hp_per_floor":[75,75,75,75,75,75,75,75,75,75,75,75,75,75,75,75,75,75,75,75,75,75,75,75],"card_choices":[{"not_picked":["Stack","Sweeping Beam"],"picked":"Barrage","floor":1},{"not_picked":["Barrage","Hologram"],"picked":"FTL","floor":2},{"not_picked":["Stack","Turbo"],"picked":"Coolheaded","floor":4},{"not_picked":["Coolheaded","Scrape"],"picked":"Core Surge","floor":6},{"not_picked":["Chill","Consume"],"picked":"Cold Snap","floor":11},{"not_picked":["Buffer","Meteor Strike","Echo Form"],"picked":"Creative AI","floor":16},{"not_picked":["Heatsinks","Darkness","Hello World"],"picked":"Glacier","floor":18},{"not_picked":["Storm","Compile Driver+1","Sweeping Beam"],"picked":"Reinforced Body","floor":19},{"not_picked":["Self Repair","Cold Snap","Beam Cell"],"picked":"Conserve Battery","floor":20},{"not_picked":["Steam Power","Go for the Eyes+1","Genetic Algorithm"],"picked":"Reinforced Body","floor":21},{"not_picked":["Steam+1","Redo","Rebound+1"],"picked":"Go for the Eyes","floor":22}],"player_experience":231293,"relics_obtained":[{"floor":6,"key":"Meat on the Bone"},{"floor":9,"key":"Matryoshka"},{"floor":11,"key":"Bag of Marbles"},{"floor":12,"key":"Question Card"}],"event_choices":[{"damage_healed":0,"gold_gain":0,"player_choice":"Bought 0 Potions","damage_taken":0,"max_hp_gain":0,"max_hp_loss":0,"event_name":"The Woman in Blue","floor":3,"gold_loss":0},{"damage_healed":0,"gold_gain":75,"player_choice":"Gather Gold","damage_taken":11,"max_hp_gain":0,"max_hp_loss":0,"event_name":"World of Goop","floor":8,"gold_loss":0},{"cards_removed":["Strike_B"],"damage_healed":0,"gold_gain":0,"player_choice":"Card Removal","damage_taken":0,"max_hp_gain":0,"max_hp_loss":0,"event_name":"The Cleric","floor":14,"gold_loss":50}],"is_beta":false,"boss_relics":[{"not_picked":["Calling Bell","Runic Pyramid"],"picked":"Pandora\u0027s Box"}],"items_purged_floors":[5],"is_endless":false,"potions_floor_spawned":[2,6,19,22],"killed_by":"Gremlin Leader","ascension_level":2}