{"gold_per_floor":[109,127,127,144,161,195,195,205,205,205,246,258,270,294,306,423,435,464,476,468,125,140,170,170,170],"floor_reached":25,"playtime":1224,"items_purged":["Strike_R"],"score":312,"play_id":"b7b551fa-5ae0-43f5-970c-da1f87240049","local_time":"20190730175847","is_ascension_mode":true,"campfire_choices":[{"data":"Anger","floor":7,"key":"SMITH"},{"floor":13,"key":"REST"},{"floor":15,"key":"REST"},{"floor":24,"key":"REST"}],"neow_cost":"NONE","seed_source_timestamp":1045086934488900,"circlet_count":0,"master_deck":["Strike_R","Strike_R","Defend_R","Defend_R","Defend_R","Defend_R","Bash+1","Anger+1","True Grit","Metallicize","Headbutt","Clothesline","Power Through","Wild Strike","Cleave","Juggernaut","Armaments+1","Sentinel","Dropkick","Body Slam","Carnage","Burning Pact","Uppercut"],"relics":["Burning Blood","Happy Flower","Red Skull","Regal Pillow","MawBank","Bottled Tornado","Snecko Eye","Toy Ornithopter","Omamori"],"potions_floor_usage":[6,6,16,22],"damage_taken":[{"damage":2,"enemies":"Jaw Worm","floor":1,"turns":3},{"damage":1,"enemies":"Cultist","floor":2,"turns":3},{"damage":5,"enemies":"Small Slimes","floor":4,"turns":3},{"damage":12,"enemies":"Looter","floor":5,"turns":3},{"damage":18,"enemies":"3 Sentries","floor":6,"turns":8},{"damage":25,"enemies":"Exordium Thugs","floor":8,"turns":4},{"damage":15,"enemies":"Lagavulin","floor":11,"turns":5},{"damage":1,"enemies":"2 Fungi Beasts","floor":14,"turns":3},{"damage":37,"enemies":"Slime Boss","floor":16,"turns":14},{"damage":20,"enemies":"3 Byrds","floor":18,"turns":4},{"damage":6,"enemies":"Spheric Guardian","floor":22,"turns":3},{"damage":16,"enemies":"Book of Stabbing","floor":23,"turns":5},{"damage":52,"enemies":"Gremlin Leader","floor":25,"turns":8}],"seed_played":"9112839377201496737","potions_obtained":[{"floor":1,"key":"Strength Potion"},{"floor":5,"key":"Fire Potion"},{"floor":11,"key":"EssenceOfSteel"},{"floor":14,"key":"Ancient Potion"},{"floor":20,"key":"PowerPotion"},{"floor":23,"key":"BloodPotion"}],"is_trial":false,"path_per_floor":["M","M","?","M","M","E","R","M","T","?","E","$","R","M","R","B",null,"M","?","?","$","M","E","R","E"],"character_chosen":"IRONCLAD","items_purchased":["Body Slam","Toy Ornithopter","Carnage"],"campfire_rested":3,"item_purchase_floors":[21,21,21],"current_hp_per_floor":[76,80,80,80,74,62,62,43,43,18,9,9,48,53,80,49,72,58,58,58,58,63,53,80,28],"gold":170,"neow_bonus":"RANDOM_COMMON_RELIC","is_prod":false,"is_daily":false,"chose_seed":false,"campfire_upgraded":1,"win_rate":0,"timestamp":1564505927,"path_taken":["M","M","?","M","M","E","R","?","T","?","E","$","R","M","R","BOSS","M","?","?","$","M","E","R","E"],"build_version":"2019-07-17","purchased_purges":1,"victory":false,"max_hp_per_floor":[80,80,80,80,80,80,80,80,80,80,80,80,80,80,80,80,80,80,80,80,80,80,80,80,80],"card_choices":[{"not_picked":["Dropkick","Second Wind"],"picked":"Anger","floor":1},{"not_picked":["Sword Boomerang","Power Through"],"picked":"True Grit","floor":2},{"not_picked":["Heavy Blade","Clash"],"picked":"Metallicize","floor":4},{"not_picked":["Ghostly Armor","Havoc"],"picked":"Headbutt","floor":5},{"not_picked":["True Grit","Heavy Blade"],"picked":"Clothesline","floor":6},{"not_picked":["Rage","Corruption"],"picked":"Power Through","floor":8},{"not_picked":["Dual Wield","Limit Break"],"picked":"Wild Strike","floor":11},{"not_picked":["Headbutt","Thunderclap"],"picked":"Cleave","floor":14},{"not_picked":["Limit Break","Impervious"],"picked":"Juggernaut","floor":16},{"not_picked":["Sword Boomerang","Headbutt"],"picked":"Armaments+1","floor":18},{"not_picked":["Heavy Blade+1","Flex"],"picked":"Burning Pact","floor":22},{"not_picked":["Dark Embrace","Sword Boomerang"],"picked":"Uppercut","floor":23}],"player_experience":218600,"relics_obtained":[{"floor":6,"key":"Red Skull"},{"floor":9,"key":"Regal Pillow"},{"floor":11,"key":"Bottled Tornado"},{"floor":23,"key":"Omamori"}],"event_choices":[{"damage_healed":0,"gold_gain":0,"player_choice":"Upgraded","damage_taken":0,"max_hp_gain":0,"max_hp_loss":0,"event_name":"Upgrade Shrine","floor":3,"gold_loss":0,"cards_upgraded":["Bash"]},{"damage_healed":0,"gold_gain":0,"player_choice":"Success","damage_taken":25,"relics_obtained":["MawBank"],"max_hp_gain":0,"max_hp_loss":0,"event_name":"Scrap Ooze","floor":10,"gold_loss":0},{"damage_healed":0,"gold_gain":0,"cards_transformed":["Strike_R","Strike_R"],"player_choice":"Became Test Subject","damage_taken":0,"max_hp_gain":0,"max_hp_loss":0,"event_name":"Drug Dealer","floor":19,"gold_loss":0,"cards_obtained":["Sentinel","Dropkick"]},{"damage_healed":0,"gold_gain":0,"player_choice":"Bought 1 Potion","damage_taken":0,"max_hp_gain":0,"max_hp_loss":0,"event_name":"The Woman in Blue","floor":20,"gold_loss":0}],"is_beta":false,"boss_relics":[{"not_picked":["White Beast Statue","Tiny House"],"picked":"Snecko Eye"}],"items_purged_floors":[21],"is_endless":false,"potions_floor_spawned":[1,5,11,14,23],"killed_by":"Gremlin Leader","ascension_level":7}