{"gold_per_floor":[213,17,92,30,48,48,74,94,117,30,30,60,60,72,72,171,171,190,190,11,11,11,41,41,59,82,82,108,123,123,135,135,231,231,243,131,131,148,202,202,202,202,225,243,259,259,273,273,273,273],"floor_reached":50,"playtime":2643,"items_purged":["Strike_B","Strike_B","Strike_B","Strike_B+1"],"score":616,"play_id":"14ed67e4-6f73-45a1-9901-84ea7c534a2e","local_time":"20190719195221","is_ascension_mode":true,"campfire_choices":[{"data":"Zap","floor":6,"key":"SMITH"},{"floor":11,"key":"REST"},{"floor":15,"key":"REST"},{"data":"Hyperbeam","floor":27,"key":"SMITH"},{"floor":32,"key":"REST"},{"data":"Echo Form","floor":40,"key":"SMITH"},{"data":"Coolheaded","floor":42,"key":"SMITH"},{"data":"Ball Lightning","floor":46,"key":"SMITH"},{"data":"Consume","floor":49,"key":"SMITH"}],"neow_cost":"NONE","seed_source_timestamp":100073234891900,"circlet_count":0,"master_deck":["Defend_B+1","Defend_B","Defend_B+1","Zap+1","Dualcast+1","FTL","Ball Lightning+1","Hologram","Lockon+1","Conserve Battery","Doom and Gloom","All For One","Skim","Hyperbeam+1","Leap+1","Self Repair","Gash","FTL","Steam","Coolheaded+1","Gash+1","Redo","Rebound+1","Consume+1","Echo Form+1","Coolheaded+1","Stack","Go for the Eyes+1","Steam+1","Ball Lightning+1","Thunder Strike+1","White Noise+1"],"relics":["FrozenCore","Membership Card","Bag of Preparation","Oddly Smooth Stone","Emotion Chip","Eternal Feather","Molten Egg 2","Blood Vial","War Paint","Juzu Bracelet","Ornamental Fan","Prayer Wheel","DataDisk"],"potions_floor_usage":[7,12,23,23,33,33,33,39,50,50,50],"damage_taken":[{"damage":8,"enemies":"2 Louse","floor":1,"turns":2},{"damage":0,"enemies":"Cultist","floor":5,"turns":2},{"damage":13,"enemies":"Lagavulin","floor":7,"turns":5},{"damage":2,"enemies":"Jaw Worm","floor":8,"turns":2},{"damage":14,"enemies":"3 Sentries","floor":12,"turns":6},{"damage":0,"enemies":"3 Louse","floor":14,"turns":2},{"damage":0,"enemies":"Slime Boss","floor":16,"turns":5},{"damage":20,"enemies":"3 Byrds","floor":18,"turns":4},{"damage":9,"enemies":"Book of Stabbing","floor":23,"turns":4},{"damage":1,"enemies":"Chosen","floor":25,"turns":4},{"damage":42,"enemies":"Gremlin Leader","floor":28,"turns":6},{"damage":2,"enemies":"Snecko","floor":29,"turns":3},{"damage":12,"enemies":"Cultist and Chosen","floor":31,"turns":5},{"damage":60,"enemies":"Collector","floor":33,"turns":11},{"damage":1,"enemies":"Orb Walker","floor":35,"turns":3},{"damage":1,"enemies":"3 Shapes","floor":38,"turns":6},{"damage":27,"enemies":"2 Orb Walkers","floor":39,"turns":4},{"damage":15,"enemies":"Transient","floor":44,"turns":5},{"damage":6,"enemies":"Sphere and 2 Shapes","floor":45,"turns":6},{"damage":5,"enemies":"3 Darklings","floor":47,"turns":5},{"damage":91,"enemies":"Donu and Deca","floor":50,"turns":11}],"seed_played":"-5723771070440156046","potions_obtained":[{"floor":1,"key":"EssenceOfSteel"},{"floor":5,"key":"Ancient Potion"},{"floor":8,"key":"EssenceOfSteel"},{"floor":19,"key":"PowerPotion"},{"floor":19,"key":"Dexterity Potion"},{"floor":28,"key":"SteroidPotion"},{"floor":29,"key":"EntropicBrew"},{"floor":31,"key":"PowerPotion"},{"floor":38,"key":"SteroidPotion"},{"floor":39,"key":"Explosive Potion"},{"floor":44,"key":"Block Potion"}],"is_trial":false,"path_per_floor":["M","$","?","$","M","R","E","M","T","$","R","E","?","M","R","B",null,"M","?","$","T","?","E","?","M","T","R","E","M","?","M","R","B",null,"M","$","T","M","?","R","?","R","T","M","M","R","M","?","R","B"],"character_chosen":"DEFECT","items_purchased":["Membership Card","Ball Lightning","Doom and Gloom","Self Repair","Gash","FTL","Steam","Stack","Go for the Eyes+1"],"campfire_rested":3,"item_purchase_floors":[2,4,10,20,20,20,20,36,36],"current_hp_per_floor":[67,67,56,56,56,56,43,41,41,41,63,49,34,34,56,56,75,55,55,55,55,55,53,53,61,61,73,40,47,47,37,74,15,75,75,75,75,75,48,66,66,75,75,60,63,75,70,70,75,0],"gold":273,"neow_bonus":"HUNDRED_GOLD","is_prod":false,"is_daily":false,"chose_seed":false,"campfire_upgraded":6,"win_rate":0,"timestamp":1563562341,"path_taken":["M","$","?","$","M","R","E","M","T","$","R","E","?","M","R","BOSS","M","?","$","?","?","E","?","M","T","R","E","M","?","M","R","BOSS","M","$","?","M","?","R","?","R","T","M","M","R","M","?","R","BOSS"],"build_version":"2019-07-17","purchased_purges":4,"victory":false,"max_hp_per_floor":[75,75,75,75,75,75,75,75,75,75,75,75,75,75,75,75,75,75,75,75,75,75,75,75,75,75,75,75,75,75,75,75,75,75,75,75,75,75,75,75,75,75,75,75,75,75,75,75,75,75],"card_choices":[{"not_picked":["Heatsinks","Reprogram"],"picked":"FTL","floor":1},{"not_picked":["Steam Power","Barrage"],"picked":"Hologram","floor":5},{"not_picked":["Biased Cognition","Rebound"],"picked":"Lockon","floor":7},{"not_picked":["Compile Driver","Redo"],"picked":"Conserve Battery","floor":8},{"not_picked":["Rebound","Hello World"],"picked":"All For One","floor":12},{"not_picked":["Redo","Aggregate"],"picked":"Skim","floor":14},{"not_picked":["Seek","Creative AI"],"picked":"Hyperbeam","floor":16},{"not_picked":["Go for the Eyes","Reinforced Body+1"],"picked":"Leap+1","floor":18},{"not_picked":["Force Field","Hello World"],"picked":"Coolheaded","floor":23},{"not_picked":["Ball Lightning+1","Cold Snap+1"],"picked":"Gash+1","floor":25},{"not_picked":["Hello World","Streamline+1"],"picked":"Redo","floor":28},{"not_picked":["Heatsinks","Redo"],"picked":"Rebound+1","floor":29},{"not_picked":["Gash+1","Hello World"],"picked":"Consume","floor":31},{"not_picked":["All For One+1","Creative AI"],"picked":"Echo Form","floor":33},{"not_picked":["Tempest+1","Ball Lightning+1"],"picked":"Coolheaded+1","floor":35},{"not_picked":["Double Energy","Fusion"],"picked":"Steam+1","floor":38},{"not_picked":["Leap","Redo"],"picked":"Ball Lightning+1","floor":39},{"not_picked":["Streamline+1","Coolheaded+1","Self Repair+1"],"picked":"SKIP","floor":44},{"not_picked":["Sweeping Beam+1","Coolheaded+1","Heatsinks+1"],"picked":"SKIP","floor":44},{"not_picked":["Storm+1","Hologram+1"],"picked":"Thunder Strike+1","floor":45},{"not_picked":["Sweeping Beam+1","Leap+1","Gash+1"],"picked":"SKIP","floor":45},{"not_picked":["Coolheaded+1","Conserve Battery"],"picked":"White Noise+1","floor":47},{"not_picked":["Sweeping Beam+1","Go for the Eyes+1","Barrage+1"],"picked":"SKIP","floor":47}],"player_experience":176319,"relics_obtained":[{"floor":7,"key":"Bag of Preparation"},{"floor":9,"key":"Oddly Smooth Stone"},{"floor":12,"key":"Emotion Chip"},{"floor":21,"key":"Molten Egg 2"},{"floor":23,"key":"Blood Vial"},{"floor":26,"key":"War Paint"},{"floor":28,"key":"Juzu Bracelet"},{"floor":37,"key":"Ornamental Fan"},{"floor":39,"key":"Prayer Wheel"},{"floor":43,"key":"DataDisk"}],"event_choices":[{"damage_healed":0,"gold_gain":75,"player_choice":"Gather Gold","damage_taken":11,"max_hp_gain":0,"max_hp_loss":0,"event_name":"World of Goop","floor":3,"gold_loss":0},{"damage_healed":0,"gold_gain":0,"player_choice":"Entered Light","damage_taken":15,"max_hp_gain":0,"max_hp_loss":0,"event_name":"Shining Light","floor":13,"gold_loss":0,"cards_upgraded":["Strike_B","Lockon"]},{"damage_healed":0,"gold_gain":0,"player_choice":"Got Potions","damage_taken":0,"max_hp_gain":0,"max_hp_loss":0,"event_name":"Lab","floor":19,"gold_loss":0},{"damage_healed":0,"gold_gain":0,"player_choice":"Smashed Altar","damage_taken":0,"max_hp_gain":0,"max_hp_loss":0,"event_name":"Forgotten Altar","floor":22,"gold_loss":0,"cards_obtained":["Decay"]},{"damage_healed":0,"gold_gain":0,"player_choice":"Forge","damage_taken":0,"max_hp_gain":0,"max_hp_loss":0,"event_name":"Accursed Blacksmith","floor":24,"gold_loss":0,"cards_upgraded":["Dualcast"]},{"cards_removed":["Decay"],"damage_healed":0,"gold_gain":0,"player_choice":"Removed Curses","damage_taken":0,"max_hp_gain":0,"max_hp_loss":0,"event_name":"Fountain of Cleansing","floor":30,"gold_loss":0},{"damage_healed":0,"gold_gain":0,"player_choice":"Fight","damage_taken":0,"max_hp_gain":0,"max_hp_loss":0,"event_name":"Mysterious Sphere","floor":39,"gold_loss":0},{"damage_healed":0,"gold_gain":0,"player_choice":"Ignored","damage_taken":0,"max_hp_gain":0,"max_hp_loss":0,"event_name":"Tomb of Lord Red Mask","floor":41,"gold_loss":0},{"cards_removed":["Defend_B"],"damage_healed":0,"gold_gain":0,"player_choice":"Removed Skill","damage_taken":0,"max_hp_gain":0,"max_hp_loss":0,"event_name":"Falling","floor":48,"gold_loss":0}],"is_beta":false,"boss_relics":[{"not_picked":["White Beast Statue","Coffee Dripper"],"picked":"Eternal Feather"},{"not_picked":["Nuclear Battery","Inserter"],"picked":"FrozenCore"}],"items_purged_floors":[4,10,20,36],"is_endless":false,"potions_floor_spawned":[1,5,8,28,29,31,38,39,44],"killed_by":"Donu and Deca","ascension_level":3}