{"gold_per_floor":[110,129,304,229,229,258,276,276,276,331,405,433,266,280,280,280],"floor_reached":16,"playtime":1482,"items_purged":["Doubt","Strike_G"],"score":124,"play_id":"7916758a-a7e2-4427-a113-6554cd174375","local_time":"20181112213437","is_ascension_mode":true,"campfire_choices":[{"floor":8,"key":"REST"},{"floor":15,"key":"REST"}],"neow_cost":"NONE","seed_source_timestamp":54319648365139,"circlet_count":0,"master_deck":["Defend_G","Defend_G","Defend_G","Defend_G","Defend_G","Strike_G","Strike_G","Strike_G","Survivor","Neutralize","Flying Knee","Blur","Dash","Bullet Time","Bouncing Flask","Venomology","Poisoned Stab","Escape Plan","Backflip"],"relics":["Ring of the Snake","Happy Flower","Bird Faced Urn","Matryoshka","Tiny Chest","Strawberry"],"potions_floor_usage":[6,12,12,16,16],"damage_taken":[{"damage":2,"enemies":"Small Slimes","floor":1,"turns":3},{"damage":0,"enemies":"2 Louse","floor":2,"turns":3},{"damage":21,"enemies":"Gremlin Nob","floor":6,"turns":6},{"damage":0,"enemies":"Cultist","floor":7,"turns":3},{"damage":20,"enemies":"3 Sentries","floor":10,"turns":11},{"damage":17,"enemies":"Lagavulin","floor":12,"turns":6},{"damage":0,"enemies":"2 Fungi Beasts","floor":14,"turns":5},{"damage":65,"enemies":"Slime Boss","floor":16,"turns":9}],"seed_played":"-7134015966803412651","potions_obtained":[{"floor":1,"key":"EssenceOfSteel"},{"floor":7,"key":"Energy Potion"}],"is_trial":false,"path_per_floor":["M","M","?","$","?","E","M","R","T","E","?","E","$","M","R","B"],"character_chosen":"THE_SILENT","items_purchased":["Escape Plan"],"campfire_rested":2,"item_purchase_floors":[13],"current_hp_per_floor":[68,68,68,68,68,47,47,68,68,48,48,38,38,38,61,0],"gold":280,"neow_bonus":"RANDOM_COMMON_RELIC","is_prod":false,"is_daily":false,"chose_seed":false,"campfire_upgraded":0,"win_rate":0,"timestamp":1542087277,"path_taken":["M","M","?","$","?","E","?","R","T","E","?","E","?","?","R","BOSS"],"build_version":"2018-11-08","purchased_purges":2,"victory":false,"max_hp_per_floor":[70,70,70,70,70,70,70,70,70,70,70,77,77,77,77,77],"card_choices":[{"not_picked":["Bane","Underhanded Strike"],"picked":"Flying Knee","floor":1},{"not_picked":["PiercingWail","Quick Slash"],"picked":"Blur","floor":2},{"not_picked":["Prepared","Infinite Blades"],"picked":"Bullet Time","floor":6},{"not_picked":["Slice","Backstab"],"picked":"Bouncing Flask","floor":7},{"not_picked":["Crippling Poison","Bane"],"picked":"Venomology","floor":10},{"not_picked":["PiercingWail","Dagger Throw"],"picked":"Poisoned Stab","floor":12},{"not_picked":["Masterful Stab","Prepared"],"picked":"Backflip","floor":14}],"player_experience":201682,"relics_obtained":[{"floor":6,"key":"Bird Faced Urn"},{"floor":9,"key":"Matryoshka"},{"floor":10,"key":"Tiny Chest"},{"floor":12,"key":"Strawberry"}],"event_choices":[{"damage_healed":0,"gold_gain":175,"player_choice":"AGREE","damage_taken":0,"max_hp_gain":0,"max_hp_loss":0,"event_name":"Liars Game","floor":3,"gold_loss":0,"cards_obtained":["Doubt"]},{"damage_healed":0,"gold_gain":0,"cards_transformed":["Strike_G"],"player_choice":"Transformed","damage_taken":0,"max_hp_gain":0,"max_hp_loss":0,"event_name":"Transmorgrifier","floor":5,"gold_loss":0,"cards_obtained":["Dash"]},{"damage_healed":0,"gold_gain":74,"player_choice":"Gained Gold","damage_taken":0,"max_hp_gain":0,"max_hp_loss":0,"event_name":"Golden Wing","floor":11,"gold_loss":0}],"is_beta":false,"boss_relics":[],"items_purged_floors":[4,13],"is_endless":false,"potions_floor_spawned":[1,7],"killed_by":"Slime Boss","ascension_level":1}