{"gold_per_floor":[113,113,138,88,102,143,66,66,66,66,79,99,99,118,118,242,242,256,256,256,296,320,320,345,345,368,368,368,368,392,427,427,553,553,572,572,109,129,150,150,150],"floor_reached":41,"playtime":5085,"items_purged":["Strike_R"],"score":452,"play_id":"21b7da71-9f25-49b4-adb0-c402376c3c5e","local_time":"20181025215349","is_ascension_mode":true,"campfire_choices":[{"data":"Armaments","floor":8,"key":"SMITH"},{"data":"Armaments","floor":13,"key":"SMITH"},{"floor":15,"key":"REST"},{"floor":23,"key":"REST"},{"floor":25,"key":"REST"},{"floor":27,"key":"REST"},{"data":"Inflame","floor":29,"key":"SMITH"},{"data":"Reaper","floor":32,"key":"SMITH"},{"floor":40,"key":"REST"}],"neow_cost":"NONE","seed_source_timestamp":860491298794088,"circlet_count":0,"master_deck":["Strike_R","Strike_R","Defend_R","Defend_R","Defend_R","Defend_R","Bash","Inflame+1","Armaments+1","Heavy Blade","Double Tap","Rampage","Pommel Strike","Armaments+1","Reaper+1","Twin Strike+1","Feed","Rage+1","Infernal Blade+1","Twin Strike+1"],"relics":["Burning Blood","Golden Idol","Magic Flower","Pantograph","Snecko Eye","Anchor","Red Mask","Art of War","Ornamental Fan","Potion Belt","Fusion Hammer","Toxic Egg 2"],"potions_floor_usage":[3,5,6,6,6,21,30,33,33,38,39,41],"damage_taken":[{"damage":8,"enemies":"2 Louse","floor":1,"turns":3},{"damage":19,"enemies":"Jaw Worm","floor":3,"turns":4},{"damage":5,"enemies":"Small Slimes","floor":5,"turns":6},{"damage":15,"enemies":"Lagavulin","floor":6,"turns":8},{"damage":16,"enemies":"2 Fungi Beasts","floor":11,"turns":4},{"damage":12,"enemies":"Looter","floor":12,"turns":3},{"damage":8,"enemies":"Exordium Thugs","floor":14,"turns":4},{"damage":65,"enemies":"Slime Boss","floor":16,"turns":13},{"damage":47,"enemies":"2 Thieves","floor":18,"turns":4},{"damage":61,"enemies":"Masked Bandits","floor":21,"turns":5},{"damage":0,"enemies":"Spheric Guardian","floor":22,"turns":3},{"damage":46,"enemies":"Cultist and Chosen","floor":24,"turns":6},{"damage":14,"enemies":"Centurion and Healer","floor":30,"turns":4},{"damage":11,"enemies":"Book of Stabbing","floor":31,"turns":5},{"damage":52,"enemies":"Collector","floor":33,"turns":5},{"damage":61,"enemies":"3 Shapes","floor":35,"turns":4},{"damage":11,"enemies":"Orb Walker","floor":38,"turns":4},{"damage":46,"enemies":"Sphere and 2 Shapes","floor":39,"turns":5},{"damage":96,"enemies":"Giant Head","floor":41,"turns":8}],"seed_played":"503192952944676998","potions_obtained":[{"floor":0,"key":"Fruit Juice"},{"floor":0,"key":"FearPotion"},{"floor":0,"key":"Weak Potion"},{"floor":3,"key":"BloodPotion"},{"floor":5,"key":"Ancient Potion"},{"floor":11,"key":"SteroidPotion"},{"floor":16,"key":"GamblersBrew"},{"floor":18,"key":"SkillPotion"},{"floor":21,"key":"Explosive Potion"},{"floor":33,"key":"SpeedPotion"},{"floor":38,"key":"Ancient Potion"}],"is_trial":false,"path_per_floor":["M","?","M","?","M","E","$","R","T","?","M","M","R","M","R","B",null,"M","?","?","?","M","R","M","R","T","R","T","R","M","E","R","B",null,"M","?","$","M","M","R"],"character_chosen":"IRONCLAD","items_purchased":["Rampage","Toxic Egg 2","BloodPotion","Weak Potion"],"campfire_rested":5,"item_purchase_floors":[7,37,37,37],"current_hp_per_floor":[78,58,50,50,59,50,50,50,50,50,43,40,40,41,66,29,85,59,59,59,25,34,59,28,53,53,78,78,78,78,86,86,81,88,58,58,58,68,70,84,0],"gold":150,"neow_bonus":"THREE_SMALL_POTIONS","is_prod":false,"is_daily":false,"chose_seed":false,"campfire_upgraded":4,"win_rate":0,"timestamp":1540529629,"path_taken":["M","?","M","?","?","E","?","R","T","?","M","M","R","?","R","BOSS","M","?","?","?","?","R","M","R","T","R","?","R","M","E","R","BOSS","M","?","$","M","?","R","E"],"build_version":"2018-10-25","purchased_purges":1,"victory":false,"max_hp_per_floor":[80,80,85,85,85,85,85,85,85,85,85,85,85,85,85,85,85,85,85,85,85,85,85,85,85,85,85,85,85,88,88,88,88,88,88,84,84,84,84,84,84],"card_choices":[{"not_picked":["Battle Trance","Wild Strike"],"picked":"Inflame","floor":1},{"not_picked":["Spot Weakness","Searing Blow"],"picked":"Armaments","floor":3},{"not_picked":["Entrench","Pommel Strike"],"picked":"Heavy Blade","floor":5},{"not_picked":["Cleave","Anger"],"picked":"Double Tap","floor":6},{"not_picked":["Twin Strike","Heavy Blade"],"picked":"Pommel Strike","floor":11},{"not_picked":["Carnage","Seeing Red"],"picked":"Armaments","floor":12},{"not_picked":["Cleave","Intimidate","Warcry"],"picked":"SKIP","floor":14},{"not_picked":["Double Tap","Impervious"],"picked":"Reaper","floor":16},{"not_picked":["Armaments","Perfected Strike"],"picked":"Headbutt","floor":18},{"not_picked":["Warcry+1","Rupture"],"picked":"Twin Strike+1","floor":21},{"not_picked":["Perfected Strike","Dropkick+1"],"picked":"Feed","floor":22},{"not_picked":["Clothesline","Wild Strike+1","Cleave+1"],"picked":"SKIP","floor":24},{"not_picked":["Hemokinesis","Carnage","Feel No Pain+1"],"picked":"SKIP","floor":30},{"not_picked":["Sever Soul","Thunderclap","Infernal Blade"],"picked":"SKIP","floor":31},{"not_picked":["Power Through+1","Perfected Strike+1"],"picked":"Rage+1","floor":35},{"not_picked":["Twin Strike+1","Body Slam"],"picked":"Infernal Blade+1","floor":38},{"not_picked":["Rage+1","Perfected Strike"],"picked":"Twin Strike+1","floor":39}],"player_experience":166994,"relics_obtained":[{"floor":6,"key":"Magic Flower"},{"floor":9,"key":"Pantograph"},{"floor":21,"key":"Red Mask"},{"floor":26,"key":"Art of War"},{"floor":28,"key":"Ornamental Fan"},{"floor":31,"key":"Potion Belt"}],"event_choices":[{"damage_healed":0,"gold_gain":0,"player_choice":"Take Damage","damage_taken":20,"relics_obtained":["Golden Idol"],"max_hp_gain":0,"max_hp_loss":0,"event_name":"Golden Idol","floor":2,"gold_loss":0},{"cards_removed":["Strike_R"],"damage_healed":0,"gold_gain":0,"player_choice":"Card Removal","damage_taken":0,"max_hp_gain":0,"max_hp_loss":0,"event_name":"The Cleric","floor":4,"gold_loss":50},{"cards_removed":["Strike_R"],"damage_healed":0,"gold_gain":0,"player_choice":"Forget","damage_taken":0,"max_hp_gain":0,"max_hp_loss":0,"event_name":"Living Wall","floor":10,"gold_loss":0},{"cards_removed":["Headbutt"],"damage_healed":0,"gold_gain":0,"player_choice":"Gave Card","damage_taken":0,"relics_obtained":["Anchor"],"max_hp_gain":0,"max_hp_loss":0,"event_name":"WeMeetAgain","floor":19,"gold_loss":0},{"damage_healed":0,"gold_gain":0,"player_choice":"Ignored","damage_taken":0,"max_hp_gain":0,"max_hp_loss":0,"event_name":"Ghosts","floor":20,"gold_loss":0},{"damage_healed":0,"gold_gain":0,"player_choice":"Fought Bandits","damage_taken":0,"max_hp_gain":0,"max_hp_loss":0,"event_name":"Masked Bandits","floor":21,"gold_loss":0},{"damage_healed":0,"gold_gain":0,"player_choice":"Max HP","damage_taken":0,"max_hp_gain":0,"max_hp_loss":4,"event_name":"Winding Halls","floor":36,"gold_loss":0}],"is_beta":false,"boss_relics":[{"not_picked":["Mark of Pain","Black Star"],"picked":"Snecko Eye"},{"not_picked":["Velvet Choker","Empty Cage"],"picked":"Fusion Hammer"}],"items_purged_floors":[37],"is_endless":false,"potions_floor_spawned":[3,5,11,16,18,21,22,33,38],"killed_by":"Giant Head","ascension_level":2}