{"gold_per_floor":[114,114,114,33,50,50,80,98,125,125,145,145,2,12,12,107,107,124,224,224,139,139,139,139],"floor_reached":24,"playtime":1800,"items_purged":[],"score":192,"play_id":"8e179122-4a19-44c5-a398-edfdccffea58","local_time":"20190528222207","is_ascension_mode":false,"campfire_choices":[{"data":"Warcry","floor":6,"key":"SMITH"},{"data":"Carnage","floor":10,"key":"SMITH"},{"data":"Fire Breathing","floor":12,"key":"SMITH"},{"data":"Carnage","floor":15,"key":"SMITH"},{"data":"Double Tap","floor":23,"key":"SMITH"}],"neow_cost":"NONE","seed_source_timestamp":995796839623900,"circlet_count":0,"master_deck":["Strike_R","Strike_R","Strike_R","Strike_R","Strike_R","Defend_R","Defend_R","Defend_R","Bash","Flame Barrier+1","Anger","Fire Breathing+1","Warcry+1","Carnage+1","Carnage+1","Inflame","Double Tap+1","Rampage","Reaper","Rampage","Perfected Strike+1"],"relics":["Burning Blood","Regal Pillow","Bag of Marbles","Mark of Pain","Question Card","Unceasing Top","Vajra"],"potions_floor_usage":[],"damage_taken":[{"damage":1,"enemies":"Cultist","floor":1,"turns":3},{"damage":8,"enemies":"2 Louse","floor":5,"turns":3},{"damage":21,"enemies":"Lagavulin","floor":7,"turns":7},{"damage":0,"enemies":"Small Slimes","floor":8,"turns":2},{"damage":6,"enemies":"3 Louse","floor":11,"turns":2},{"damage":7,"enemies":"Large Slime","floor":14,"turns":3},{"damage":60,"enemies":"Slime Boss","floor":16,"turns":13},{"damage":10,"enemies":"Chosen","floor":18,"turns":3},{"damage":36,"enemies":"Colosseum Slavers","floor":19,"turns":5},{"damage":12,"enemies":"Colosseum Nobs","floor":19,"turns":4},{"damage":100,"enemies":"Gremlin Leader","floor":24,"turns":6}],"seed_played":"-2059577660057901176","potions_obtained":[{"floor":7,"key":"Block Potion"},{"floor":11,"key":"GamblersBrew"},{"floor":14,"key":"LiquidBronze"},{"floor":18,"key":"SteroidPotion"}],"is_trial":false,"path_per_floor":["M","?","?","$","M","R","E","M","T","R","M","R","$","M","R","B",null,"M","?","?","?","?","R","E"],"character_chosen":"IRONCLAD","items_purchased":["Fire Breathing","Double Tap"],"campfire_rested":0,"item_purchase_floors":[4,13],"current_hp_per_floor":[88,88,88,88,86,86,71,77,77,77,77,77,77,76,76,22,88,84,60,43,43,74,74,0],"gold":139,"neow_bonus":"TEN_PERCENT_HP_BONUS","is_prod":false,"is_daily":false,"chose_seed":false,"campfire_upgraded":5,"win_rate":0.0,"timestamp":1559078527,"path_taken":["M","?","?","$","?","R","E","M","T","R","?","R","$","M","R","BOSS","M","?","?","?","?","R","E"],"build_version":"2019-01-23","purchased_purges":0,"victory":false,"max_hp_per_floor":[88,88,88,88,88,88,88,88,88,88,88,88,88,88,88,88,88,88,88,93,93,93,93,93],"card_choices":[{"not_picked":["Cleave","Flex"],"picked":"Flame Barrier","floor":1},{"not_picked":["Cleave","True Grit"],"picked":"Warcry","floor":5},{"not_picked":["Berserk","Sword Boomerang"],"picked":"Carnage","floor":7},{"not_picked":["True Grit","Flame Barrier"],"picked":"Carnage","floor":8},{"not_picked":["Rage","Cleave"],"picked":"Inflame","floor":11},{"not_picked":["Fire Breathing","Infernal Blade"],"picked":"Rampage","floor":14},{"not_picked":["Juggernaut","Dark Embrace"],"picked":"Reaper","floor":16},{"not_picked":["Clash+1","Hemokinesis+1"],"picked":"Rampage","floor":18},{"not_picked":["True Grit+1","Whirlwind"],"picked":"Perfected Strike+1","floor":19}],"player_experience":16774,"relics_obtained":[{"floor":7,"key":"Regal Pillow"},{"floor":9,"key":"Bag of Marbles"},{"floor":19,"key":"Question Card"},{"floor":19,"key":"Unceasing Top"}],"event_choices":[{"damage_healed":0,"gold_gain":0,"player_choice":"Grow","damage_taken":0,"max_hp_gain":0,"max_hp_loss":0,"event_name":"Living Wall","floor":2,"gold_loss":0,"cards_upgraded":["Flame Barrier"]},{"damage_healed":0,"gold_gain":0,"cards_transformed":["Defend_R"],"player_choice":"Transformed","damage_taken":0,"max_hp_gain":0,"max_hp_loss":0,"event_name":"Transmorgrifier","floor":3,"gold_loss":0,"cards_obtained":["Anger"]},{"damage_healed":0,"gold_gain":0,"player_choice":"Fight","damage_taken":0,"max_hp_gain":0,"max_hp_loss":0,"event_name":"Colosseum","floor":19,"gold_loss":0},{"damage_healed":0,"gold_gain":0,"player_choice":"Fought Nobs","damage_taken":0,"max_hp_gain":0,"max_hp_loss":0,"event_name":"Colosseum","floor":19,"gold_loss":0},{"damage_healed":0,"gold_gain":0,"player_choice":"Shed Blood","damage_taken":22,"max_hp_gain":5,"max_hp_loss":0,"event_name":"Forgotten Altar","floor":20,"gold_loss":0},{"damage_healed":0,"gold_gain":0,"player_choice":"Obtained Relic","damage_taken":0,"relics_obtained":["Vajra"],"max_hp_gain":0,"max_hp_loss":0,"event_name":"Addict","floor":21,"gold_loss":85},{"damage_healed":31,"gold_gain":0,"player_choice":"Heal","damage_taken":0,"max_hp_gain":0,"max_hp_loss":0,"event_name":"The Library","floor":22,"gold_loss":0}],"is_beta":false,"boss_relics":[{"not_picked":["Runic Cube","Eternal Feather"],"picked":"Mark of Pain"}],"items_purged_floors":[],"is_endless":false,"potions_floor_spawned":[7,11,14,18,19],"killed_by":"Gremlin Leader","ascension_level":0}