{"gold_per_floor":[214,214,224,98,116,116,148,168,168,168],"floor_reached":10,"playtime":415,"items_purged":[],"score":82,"play_id":"b7572b5f-7f19-4928-9f8e-6cc25bcfd92b","local_time":"20190706203338","is_ascension_mode":true,"campfire_choices":[{"data":"Backstab","floor":6,"key":"SMITH"}],"neow_cost":"NONE","seed_source_timestamp":434433797622700,"circlet_count":0,"master_deck":["Strike_G","Strike_G","Strike_G","Strike_G","Strike_G","Defend_G","Defend_G","Defend_G","Defend_G","Defend_G","Survivor","Neutralize","Blade Dance","Dodge and Roll","Backstab+1","Dagger Throw","Quick Slash","Heel Hook","Acrobatics"],"relics":["Ring of the Snake","Bag of Preparation","Dodecahedron"],"potions_floor_usage":[3,3,8],"damage_taken":[{"damage":10,"enemies":"Small Slimes","floor":1,"turns":4},{"damage":1,"enemies":"Cultist","floor":3,"turns":3},{"damage":2,"enemies":"Jaw Worm","floor":5,"turns":4},{"damage":15,"enemies":"Gremlin Nob","floor":7,"turns":4},{"damage":5,"enemies":"Exordium Thugs","floor":8,"turns":4},{"damage":47,"enemies":"Lagavulin","floor":10,"turns":6}],"seed_played":"-4287728854106343801","potions_obtained":[{"floor":1,"key":"Fruit Juice"},{"floor":2,"key":"SkillPotion"},{"floor":2,"key":"FearPotion"},{"floor":8,"key":"GamblersBrew"}],"is_trial":false,"path_per_floor":["M","?","M","$","M","R","E","M","T","E"],"character_chosen":"THE_SILENT","items_purchased":["Backstab","Dagger Throw"],"campfire_rested":0,"item_purchase_floors":[4,4],"current_hp_per_floor":[60,60,64,64,62,62,47,42,42,0],"gold":168,"neow_bonus":"HUNDRED_GOLD","is_prod":false,"is_daily":false,"chose_seed":false,"campfire_upgraded":1,"win_rate":0,"timestamp":1562441618,"path_taken":["M","?","M","$","M","R","E","?","T","E"],"build_version":"2019-07-05","purchased_purges":0,"victory":false,"max_hp_per_floor":[70,70,75,75,75,75,75,75,75,75],"card_choices":[{"not_picked":["Crippling Poison","Slice"],"picked":"Blade Dance","floor":1},{"not_picked":["Flechettes","Bane"],"picked":"Dodge and Roll","floor":3},{"not_picked":["Backflip","Bane"],"picked":"Quick Slash","floor":5},{"not_picked":["Slice","Blur"],"picked":"Heel Hook","floor":7},{"not_picked":["Dodge and Roll","Bane"],"picked":"Acrobatics","floor":8}],"player_experience":124892,"relics_obtained":[{"floor":7,"key":"Bag of Preparation"},{"floor":9,"key":"Dodecahedron"}],"event_choices":[{"damage_healed":0,"gold_gain":0,"player_choice":"Got Potions","damage_taken":0,"max_hp_gain":0,"max_hp_loss":0,"event_name":"Lab","floor":2,"gold_loss":0}],"is_beta":false,"boss_relics":[],"items_purged_floors":[],"is_endless":false,"potions_floor_spawned":[1,8],"killed_by":"Lagavulin","ascension_level":4}