{"gold_per_floor":[111,111,121,121,71,105,105,140,167,167],"floor_reached":10,"playtime":465,"items_purged":["Strike_R"],"score":89,"play_id":"046a3a5b-725a-4a54-81ba-f82ebd00c65a","local_time":"20190714201137","is_ascension_mode":true,"campfire_choices":[{"floor":7,"key":"REST"}],"neow_cost":"NONE","seed_source_timestamp":1124271427325000,"circlet_count":0,"master_deck":["Strike_R","Strike_R","Strike_R","Defend_R","Defend_R","Defend_R","Defend_R","Bash","Rampage","Twin Strike","Battle Trance","Fiend Fire"],"relics":["Burning Blood","Smiling Mask","Omamori","Pocketwatch","Boot","Blood Vial"],"potions_floor_usage":[6,10],"damage_taken":[{"damage":0,"enemies":"Small Slimes","floor":1,"turns":3},{"damage":2,"enemies":"2 Louse","floor":3,"turns":3},{"damage":40,"enemies":"3 Sentries","floor":6,"turns":11},{"damage":36,"enemies":"Gremlin Nob","floor":8,"turns":4},{"damage":33,"enemies":"Lagavulin","floor":10,"turns":5}],"seed_played":"-4562008031019338802","potions_obtained":[{"floor":1,"key":"Swift Potion"},{"floor":8,"key":"Poison Potion"}],"is_trial":false,"path_per_floor":["M","?","M","?","$","E","R","E","T","E"],"character_chosen":"IRONCLAD","items_purchased":[],"campfire_rested":1,"item_purchase_floors":[],"current_hp_per_floor":[80,73,77,70,70,36,60,30,30,0],"gold":167,"neow_bonus":"RANDOM_COMMON_RELIC","is_prod":false,"is_daily":false,"chose_seed":false,"campfire_upgraded":0,"win_rate":0,"timestamp":1563131497,"path_taken":["M","?","M","?","$","E","R","E","T","E"],"build_version":"2019-07-05","purchased_purges":1,"victory":false,"max_hp_per_floor":[80,80,80,80,80,80,80,80,80,80],"card_choices":[{"not_picked":["Entrench","Whirlwind"],"picked":"Rampage","floor":1},{"not_picked":["Body Slam","Seeing Red"],"picked":"Twin Strike","floor":3},{"not_picked":["Heavy Blade","Sword Boomerang"],"picked":"Battle Trance","floor":6},{"not_picked":["Barricade","Clothesline"],"picked":"Fiend Fire","floor":8}],"player_experience":161388,"relics_obtained":[{"floor":6,"key":"Pocketwatch"},{"floor":8,"key":"Boot"},{"floor":9,"key":"Blood Vial"}],"event_choices":[{"cards_removed":["Strike_R"],"damage_healed":0,"gold_gain":0,"player_choice":"Card Removal","damage_taken":7,"max_hp_gain":0,"max_hp_loss":0,"event_name":"Golden Wing","floor":2,"gold_loss":0},{"damage_healed":0,"gold_gain":0,"player_choice":"Success","damage_taken":7,"relics_obtained":["Omamori"],"max_hp_gain":0,"max_hp_loss":0,"event_name":"Scrap Ooze","floor":4,"gold_loss":0}],"is_beta":false,"boss_relics":[],"items_purged_floors":[5],"is_endless":false,"potions_floor_spawned":[1,8],"killed_by":"Lagavulin","ascension_level":4}