{"gold_per_floor":[118,131,81,81,101,131,131,131,131,131,131,158,129,155,155,257,257,276,292,123,137,137,157,157,157],"floor_reached":25,"playtime":2299,"items_purged":["Defend_B"],"score":272,"play_id":"874920b7-6046-40b4-aa3e-e3ae3686aa37","local_time":"20190730180626","is_ascension_mode":true,"campfire_choices":[{"floor":7,"key":"REST"},{"floor":11,"key":"REST"},{"floor":15,"key":"REST"},{"floor":24,"key":"REST"}],"neow_cost":"NONE","seed_source_timestamp":5114211006112554,"circlet_count":0,"master_deck":["Strike_B","Strike_B","Defend_B","Defend_B","Zap","Dualcast","Ball Lightning","Leap","Leap","Lockon","Machine Learning","Self Repair+1","Ball Lightning","Reinforced Body","Fusion"],"relics":["Cracked Core","Nunchaku","Singing Bowl","Omamori","Oddly Smooth Stone","Ancient Tea Set","Snecko Eye"],"potions_floor_usage":[1,12,16,18,21,23,25],"damage_taken":[{"damage":2,"enemies":"Jaw Worm","floor":1,"turns":3},{"damage":9,"enemies":"Small Slimes","floor":2,"turns":3},{"damage":1,"enemies":"Cultist","floor":5,"turns":3},{"damage":21,"enemies":"Lagavulin","floor":6,"turns":6},{"damage":17,"enemies":"Gremlin Nob","floor":12,"turns":4},{"damage":56,"enemies":"The Guardian","floor":16,"turns":14},{"damage":16,"enemies":"2 Thieves","floor":18,"turns":3},{"damage":8,"enemies":"Spheric Guardian","floor":19,"turns":5},{"damage":15,"enemies":"Cultist and Chosen","floor":21,"turns":6},{"damage":31,"enemies":"Sentry and Sphere","floor":23,"turns":6},{"damage":58,"enemies":"Slavers","floor":25,"turns":4}],"seed_played":"674263570703598565","potions_obtained":[{"floor":0,"key":"Poison Potion"},{"floor":0,"key":"Explosive Potion"},{"floor":0,"key":"EssenceOfSteel"},{"floor":6,"key":"SteroidPotion"},{"floor":12,"key":"Fire Potion"},{"floor":18,"key":"FocusPotion"},{"floor":19,"key":"Energy Potion"}],"is_trial":false,"path_per_floor":["M","M","?","?","M","E","R","?","T","?","R","E","?","T","R","B",null,"M","M","$","M","?","M","R","E"],"character_chosen":"DEFECT","items_purchased":["Ball Lightning","Reinforced Body"],"campfire_rested":4,"item_purchase_floors":[20,20],"current_hp_per_floor":[66,57,57,57,56,35,57,50,50,38,60,45,45,45,68,12,61,45,49,49,44,44,25,49,0],"gold":157,"neow_bonus":"THREE_SMALL_POTIONS","is_prod":false,"is_daily":false,"chose_seed":false,"campfire_upgraded":0,"win_rate":0,"timestamp":1564535186,"path_taken":["M","M","?","?","?","E","R","?","T","?","R","E","?","?","R","BOSS","M","M","$","M","?","M","R","E"],"build_version":"2019-07-17","purchased_purges":1,"victory":false,"max_hp_per_floor":[75,75,75,75,75,75,75,75,75,75,75,77,77,77,77,77,77,77,79,79,79,79,81,81,81],"card_choices":[{"not_picked":["Scrape","BootSequence"],"picked":"Ball Lightning","floor":1},{"not_picked":["Aggregate","Doom and Gloom"],"picked":"Leap","floor":2},{"not_picked":["Darkness","Stack"],"picked":"Leap","floor":5},{"not_picked":["All For One","Beam Cell"],"picked":"Lockon","floor":6},{"not_picked":["Undo","Streamline","Chill"],"picked":"Singing Bowl","floor":12},{"not_picked":["Core Surge","Reboot"],"picked":"Machine Learning","floor":16},{"not_picked":["Cold Snap","Go for the Eyes"],"picked":"Self Repair+1","floor":18},{"not_picked":["BootSequence","Rebound+1","Self Repair"],"picked":"Singing Bowl","floor":19},{"not_picked":["Gash","Redo"],"picked":"Fusion","floor":21},{"not_picked":["FTL","Static Discharge","Steam+1"],"picked":"Singing Bowl","floor":23}],"player_experience":330175,"relics_obtained":[{"floor":6,"key":"Nunchaku"},{"floor":9,"key":"Singing Bowl"},{"floor":12,"key":"Oddly Smooth Stone"},{"floor":14,"key":"Ancient Tea Set"}],"event_choices":[{"cards_removed":["Strike_B"],"damage_healed":0,"gold_gain":0,"player_choice":"Card Removal","damage_taken":0,"max_hp_gain":0,"max_hp_loss":0,"event_name":"The Cleric","floor":3,"gold_loss":50},{"cards_removed":["Defend_B"],"damage_healed":0,"gold_gain":0,"player_choice":"Purged","damage_taken":0,"max_hp_gain":0,"max_hp_loss":0,"event_name":"Purifier","floor":4,"gold_loss":0},{"cards_removed":["Strike_B"],"damage_healed":0,"gold_gain":0,"player_choice":"Card Removal","damage_taken":7,"max_hp_gain":0,"max_hp_loss":0,"event_name":"Golden Wing","floor":8,"gold_loss":0},{"damage_healed":0,"gold_gain":0,"player_choice":"Success","damage_taken":12,"relics_obtained":["Omamori"],"max_hp_gain":0,"max_hp_loss":0,"event_name":"Scrap Ooze","floor":10,"gold_loss":0},{"damage_healed":0,"gold_gain":0,"player_choice":"Left Gold","damage_taken":0,"max_hp_gain":0,"max_hp_loss":0,"event_name":"World of Goop","floor":13,"gold_loss":29},{"damage_healed":0,"gold_gain":0,"player_choice":"Ignored","damage_taken":0,"max_hp_gain":0,"max_hp_loss":0,"event_name":"Ghosts","floor":22,"gold_loss":0}],"is_beta":false,"boss_relics":[{"not_picked":["Ectoplasm","Calling Bell"],"picked":"Snecko Eye"}],"items_purged_floors":[20],"is_endless":false,"potions_floor_spawned":[6,12,18,19],"killed_by":"Slavers","ascension_level":6}