{"gold_per_floor":[113,38,111,111,37,62,62,97,97,124,124,24,24,37,37,135,135,152,152,171,171,187,219,237,272,319,79,109,109,109,119,119,224,224,236,138,138,138,156,156,210,210,210,210,0,12,12,12,12,12],"floor_reached":51,"playtime":3922,"items_purged":["Strike_R","Strike_R"],"score":924,"play_id":"154eb7ff-571b-479d-b8d6-ced13106f8e8","local_time":"20190714211718","is_ascension_mode":true,"campfire_choices":[{"data":"Inflame","floor":7,"key":"SMITH"},{"data":"Flame Barrier","floor":11,"key":"SMITH"},{"data":"Bash","floor":15,"key":"SMITH"},{"data":"Sword Boomerang","floor":30,"key":"SMITH"},{"data":"Exhume","floor":32,"key":"SMITH"},{"data":"Power Through","floor":40,"key":"SMITH"},{"data":"Sword Boomerang","floor":42,"key":"SMITH"},{"data":"Seeing Red","floor":44,"key":"SMITH"},{"data":"Limit Break","floor":47,"key":"SMITH"},{"floor":49,"key":"REST"}],"neow_cost":"NONE","seed_source_timestamp":1124748905562599,"circlet_count":0,"master_deck":["Strike_R","Strike_R+1","Strike_R","Defend_R","Defend_R+1","Defend_R+1","Defend_R+1","Bash+1","Wild Strike","Inflame+1","Sword Boomerang+1","Clothesline","Flame Barrier+1","Sword Boomerang+1","Reaper","Pummel","Power Through+1","Seeing Red+1","Ghostly Armor","Inflame","Limit Break+1","Exhume+1","Writhe","Pommel Strike+1","Reaper","Dropkick","Spot Weakness","Sword Boomerang+1","Spot Weakness+1"],"relics":["Burning Blood","NeowsBlessing","Matryoshka","Centennial Puzzle","Mercury Hourglass","Gremlin Horn","Strawberry","Blood Vial","Mark of Pain","Question Card","Juzu Bracelet","Bag of Marbles","War Paint","Bronze Scales","Blue Candle","Lizard Tail","Champion Belt","Bird Faced Urn","Darkstone Periapt","Red Mask"],"potions_floor_usage":[20,21,23,23,23,24,28,41,48,50],"damage_taken":[{"damage":0,"enemies":"Cultist","floor":1,"turns":1},{"damage":0,"enemies":"Lagavulin","floor":6,"turns":1},{"damage":0,"enemies":"Gremlin Nob","floor":8,"turns":1},{"damage":30,"enemies":"Lagavulin","floor":10,"turns":5},{"damage":0,"enemies":"2 Louse","floor":14,"turns":2},{"damage":44,"enemies":"Hexaghost","floor":16,"turns":8},{"damage":6,"enemies":"Spheric Guardian","floor":18,"turns":3},{"damage":7,"enemies":"3 Byrds","floor":20,"turns":2},{"damage":2,"enemies":"Snake Plant","floor":22,"turns":3},{"damage":35,"enemies":"Book of Stabbing","floor":23,"turns":6},{"damage":10,"enemies":"Centurion and Healer","floor":24,"turns":4},{"damage":44,"enemies":"Slavers","floor":25,"turns":4},{"damage":0,"enemies":"Gremlin Leader","floor":28,"turns":3},{"damage":3,"enemies":"3 Cultists","floor":31,"turns":3},{"damage":83,"enemies":"Champ","floor":33,"turns":7},{"damage":1,"enemies":"3 Shapes","floor":35,"turns":2},{"damage":23,"enemies":"3 Darklings","floor":39,"turns":4},{"damage":24,"enemies":"2 Orb Walkers","floor":41,"turns":3},{"damage":6,"enemies":"Spire Growth","floor":46,"turns":4},{"damage":14,"enemies":"Nemesis","floor":48,"turns":4},{"damage":96,"enemies":"Awakened One","floor":50,"turns":8}],"seed_played":"5957247123709762606","potions_obtained":[{"floor":1,"key":"Regen Potion"},{"floor":8,"key":"PowerPotion"},{"floor":10,"key":"EntropicBrew"},{"floor":18,"key":"LiquidBronze"},{"floor":21,"key":"Fruit Juice"},{"floor":21,"key":"SmokeBomb"},{"floor":23,"key":"BloodPotion"},{"floor":25,"key":"Poison Potion"},{"floor":31,"key":"Poison Potion"},{"floor":41,"key":"BloodPotion"}],"is_trial":false,"path_per_floor":["M","$","T","?","$","E","R","E","T","E","R","$","?","M","R","B",null,"M","?","M","?","M","E","M","E","T","$","E","?","R","M","R","B",null,"M","?","?","?","M","R","?","R","T","R","?","M","R","E","R","B",null],"character_chosen":"IRONCLAD","items_purchased":["Inflame","Inflame","Limit Break"],"campfire_rested":1,"item_purchase_floors":[5,27,27],"current_hp_per_floor":[80,80,80,80,80,80,80,80,87,63,63,63,46,54,54,18,87,87,87,86,91,92,63,68,53,53,53,61,61,61,92,92,15,92,92,92,92,92,92,92,77,77,77,77,77,81,81,77,92,36],"gold":12,"neow_bonus":"THREE_ENEMY_KILL","is_prod":false,"is_daily":false,"chose_seed":false,"campfire_upgraded":9,"win_rate":0,"timestamp":1563135438,"path_taken":["M","$","?","?","$","E","R","E","T","E","R","$","?","M","R","BOSS","M","?","?","?","?","E","M","E","T","$","E","?","R","M","R","BOSS","M","?","?","?","M","R","?","R","T","R","?","M","R","E","R","BOSS"],"build_version":"2019-07-05","purchased_purges":2,"victory":true,"max_hp_per_floor":[80,80,80,80,80,80,80,80,87,87,87,87,87,87,87,87,87,87,87,87,92,92,92,92,92,92,92,92,92,92,92,92,92,92,92,92,92,92,92,92,92,92,92,92,92,92,92,92,92,92],"card_choices":[{"not_picked":["Dual Wield","Flex"],"picked":"Wild Strike","floor":1},{"not_picked":["True Grit","Warcry"],"picked":"Sword Boomerang","floor":6},{"not_picked":["Barricade","Havoc"],"picked":"Clothesline","floor":8},{"not_picked":["Corruption","Dual Wield"],"picked":"Flame Barrier","floor":10},{"not_picked":["Burning Pact","Wild Strike"],"picked":"Sword Boomerang","floor":14},{"not_picked":["Berserk","Juggernaut"],"picked":"Reaper","floor":16},{"not_picked":["Uppercut","Whirlwind"],"picked":"Shockwave","floor":18},{"not_picked":["Metallicize","Thunderclap"],"picked":"Pummel","floor":20},{"not_picked":["Hemokinesis","Fire Breathing"],"picked":"Power Through","floor":22},{"not_picked":["Sentinel","Rampage+1"],"picked":"Seeing Red","floor":23},{"not_picked":["Armaments","Shrug It Off","Body Slam"],"picked":"Ghostly Armor","floor":24},{"not_picked":["Iron Wave","Thunderclap","Wild Strike","Headbutt"],"picked":"SKIP","floor":25},{"not_picked":["Twin Strike","Searing Blow","Carnage"],"picked":"Exhume","floor":28},{"not_picked":["Clash","Wild Strike","Twin Strike+1"],"picked":"Pommel Strike+1","floor":31},{"not_picked":["Barricade","Brutality","Bludgeon"],"picked":"Reaper","floor":33},{"not_picked":["Shrug It Off+1","Cleave","Heavy Blade+1"],"picked":"Dropkick","floor":35},{"not_picked":["Rampage","Infernal Blade","Clothesline+1"],"picked":"Sword Boomerang","floor":39},{"not_picked":["Perfected Strike","Ghostly Armor+1","Clothesline+1"],"picked":"Spot Weakness+1","floor":41},{"not_picked":["Pommel Strike","Seeing Red+1","Havoc","Sentinel"],"picked":"SKIP","floor":46}],"player_experience":161853,"relics_obtained":[{"floor":3,"key":"Matryoshka"},{"floor":6,"key":"Centennial Puzzle"},{"floor":8,"key":"Mercury Hourglass"},{"floor":9,"key":"Gremlin Horn"},{"floor":9,"key":"Strawberry"},{"floor":10,"key":"Blood Vial"},{"floor":23,"key":"Question Card"},{"floor":25,"key":"Juzu Bracelet"},{"floor":26,"key":"Bag of Marbles"},{"floor":26,"key":"War Paint"},{"floor":28,"key":"Bronze Scales"},{"floor":41,"key":"Bird Faced Urn"},{"floor":43,"key":"Darkstone Periapt"}],"event_choices":[{"damage_healed":0,"gold_gain":0,"player_choice":"Ignored","damage_taken":0,"max_hp_gain":0,"max_hp_loss":0,"event_name":"Liars Game","floor":4,"gold_loss":0},{"damage_healed":0,"gold_gain":0,"player_choice":"Entered Light","damage_taken":17,"max_hp_gain":0,"max_hp_loss":0,"event_name":"Shining Light","floor":13,"gold_loss":0,"cards_upgraded":["Strike_R","Defend_R"]},{"damage_healed":0,"gold_gain":0,"player_choice":"Forge","damage_taken":0,"max_hp_gain":0,"max_hp_loss":0,"event_name":"Accursed Blacksmith","floor":19,"gold_loss":0,"cards_upgraded":["Sword Boomerang"]},{"damage_healed":0,"gold_gain":0,"player_choice":"Got Potions","damage_taken":0,"max_hp_gain":0,"max_hp_loss":0,"event_name":"Lab","floor":21,"gold_loss":0},{"damage_healed":0,"gold_gain":0,"player_choice":"Opened","damage_taken":0,"relics_obtained":["Blue Candle"],"max_hp_gain":0,"max_hp_loss":0,"event_name":"The Mausoleum","floor":29,"gold_loss":0,"cards_obtained":["Writhe"]},{"damage_healed":0,"gold_gain":0,"player_choice":"Paid Gold","damage_taken":0,"relics_obtained":["Champion Belt"],"max_hp_gain":0,"max_hp_loss":0,"event_name":"WeMeetAgain","floor":36,"gold_loss":98},{"cards_removed":["Shockwave"],"damage_healed":0,"gold_gain":0,"player_choice":"Removed Skill","damage_taken":0,"max_hp_gain":0,"max_hp_loss":0,"event_name":"Falling","floor":37,"gold_loss":0},{"damage_healed":0,"gold_gain":0,"player_choice":"1 cards matched","damage_taken":0,"max_hp_gain":0,"max_hp_loss":0,"event_name":"Match and Keep!","floor":38,"gold_loss":0,"cards_obtained":["Spot Weakness"]},{"damage_healed":0,"gold_gain":0,"player_choice":"Fight","damage_taken":0,"max_hp_gain":0,"max_hp_loss":0,"event_name":"Mysterious Sphere","floor":41,"gold_loss":0},{"damage_healed":0,"gold_gain":0,"player_choice":"Paid","damage_taken":0,"relics_obtained":["Red Mask"],"max_hp_gain":0,"max_hp_loss":0,"event_name":"Tomb of Lord Red Mask","floor":45,"gold_loss":210}],"is_beta":false,"boss_relics":[{"not_picked":["White Beast Statue","Tiny House"],"picked":"Mark of Pain"},{"not_picked":["Snecko Eye","Philosopher\u0027s Stone"],"picked":"Lizard Tail"}],"items_purged_floors":[2,12],"is_endless":false,"potions_floor_spawned":[1,8,10,14,18,22,23,25,31,41,46,48],"ascension_level":4}