{"gold_per_floor":[110,185,285,305,325,325,358,375,375,395,405,439,439,457,457,561,561,575,593,613,631,318,318,344,344,344,344,344,362,115,129,129,228,228,240,257,64,64,64],"floor_reached":39,"playtime":2582,"items_purged":["Strike_R","Perfected Strike"],"score":523,"play_id":"a4860802-af2e-4a71-87d7-ceac2c5cee8f","local_time":"20190713000812","is_ascension_mode":true,"campfire_choices":[{"data":"Armaments","floor":6,"key":"SMITH"},{"data":"Anger","floor":13,"key":"SMITH"},{"floor":15,"key":"REST"},{"floor":23,"key":"REST"},{"floor":25,"key":"REST"},{"data":"Bash","floor":32,"key":"SMITH"}],"neow_cost":"NONE","seed_source_timestamp":963546886934900,"circlet_count":0,"master_deck":["Defend_R","Defend_R","Defend_R","Bash+1","Clothesline","Cleave","Armaments+1","Headbutt","Iron Wave","Bludgeon","Anger+1","Reckless Charge","Immolate","Carnage+1","Inflame","Sword Boomerang","Uppercut","Inflame","Double Tap","Bite","Bite","Bite","Bite","Bite","Inflame","Anger+1","Fiend Fire","Twin Strike+1","Evolve","Headbutt"],"relics":["Burning Blood","Orichalcum","Self Forming Clay","Champion Belt","Sozu","ClockworkSouvenir","Bag of Marbles","Oddly Smooth Stone","Dream Catcher","Black Star","HandDrill"],"potions_floor_usage":[4,7,12,18,20],"damage_taken":[{"damage":6,"enemies":"Cultist","floor":1,"turns":4},{"damage":0,"enemies":"2 Louse","floor":4,"turns":1},{"damage":4,"enemies":"Jaw Worm","floor":5,"turns":4},{"damage":25,"enemies":"3 Sentries","floor":7,"turns":8},{"damage":10,"enemies":"Exordium Thugs","floor":8,"turns":5},{"damage":14,"enemies":"Gremlin Gang","floor":10,"turns":5},{"damage":0,"enemies":"Large Slime","floor":11,"turns":4},{"damage":16,"enemies":"Lagavulin","floor":12,"turns":5},{"damage":2,"enemies":"Looter","floor":14,"turns":2},{"damage":20,"enemies":"Slime Boss","floor":16,"turns":10},{"damage":6,"enemies":"2 Thieves","floor":18,"turns":2},{"damage":2,"enemies":"Chosen","floor":19,"turns":3},{"damage":24,"enemies":"Snake Plant","floor":20,"turns":3},{"damage":27,"enemies":"Snecko","floor":21,"turns":4},{"damage":33,"enemies":"Slavers","floor":24,"turns":4},{"damage":5,"enemies":"Chosen and Byrds","floor":29,"turns":3},{"damage":2,"enemies":"Cultist and Chosen","floor":31,"turns":3},{"damage":50,"enemies":"Collector","floor":33,"turns":6},{"damage":7,"enemies":"Orb Walker","floor":35,"turns":3},{"damage":20,"enemies":"3 Shapes","floor":36,"turns":5},{"damage":57,"enemies":"Maw","floor":39,"turns":6}],"seed_played":"151956940352696823","potions_obtained":[{"floor":0,"key":"Weak Potion"},{"floor":0,"key":"SteroidPotion"},{"floor":0,"key":"AttackPotion"},{"floor":4,"key":"AttackPotion"},{"floor":8,"key":"Ancient Potion"},{"floor":14,"key":"Swift Potion"}],"is_trial":false,"path_per_floor":["M","?","?","M","M","R","E","M","T","M","M","E","R","M","R","B",null,"M","M","M","M","$","R","E","R","T","?","?","M","$","M","R","B",null,"M","M","$","?","M"],"character_chosen":"IRONCLAD","items_purchased":["ClockworkSouvenir","Inflame","Dream Catcher","HandDrill"],"campfire_rested":3,"item_purchase_floors":[22,22,30,37],"current_hp_per_floor":[80,69,69,75,77,77,58,54,54,46,52,42,42,46,70,56,80,80,80,62,41,41,65,38,62,62,56,56,56,56,56,56,16,56,56,42,42,42,0],"gold":64,"neow_bonus":"THREE_SMALL_POTIONS","is_prod":false,"is_daily":false,"chose_seed":false,"campfire_upgraded":3,"win_rate":0,"timestamp":1562972892,"path_taken":["M","?","?","M","M","R","E","M","T","M","M","E","R","M","R","BOSS","M","M","M","M","$","R","E","R","T","?","?","M","$","M","R","BOSS","M","M","$","?","?"],"build_version":"2019-07-05","purchased_purges":2,"victory":false,"max_hp_per_floor":[80,80,80,80,80,80,80,80,80,80,80,80,80,80,80,80,80,80,80,80,80,80,80,80,80,80,56,56,56,56,56,56,56,56,56,56,56,56,56],"card_choices":[{"not_picked":["Heavy Blade","Armaments"],"picked":"Clothesline","floor":1},{"not_picked":["True Grit","Reckless Charge"],"picked":"Cleave","floor":4},{"not_picked":["Cleave","Bloodletting"],"picked":"Armaments","floor":5},{"not_picked":["Shrug It Off","Armaments"],"picked":"Headbutt","floor":7},{"not_picked":["Reckless Charge","Sword Boomerang"],"picked":"Iron Wave","floor":8},{"not_picked":["Thunderclap","Warcry"],"picked":"Bludgeon","floor":10},{"not_picked":["Body Slam","Pummel"],"picked":"Anger","floor":11},{"not_picked":["Dual Wield","Sever Soul"],"picked":"Reckless Charge","floor":12},{"not_picked":["Corruption","Feel No Pain"],"picked":"Perfected Strike","floor":14},{"not_picked":["Offering","Bludgeon"],"picked":"Immolate","floor":16},{"not_picked":["Pommel Strike","Clash"],"picked":"Carnage+1","floor":18},{"not_picked":["True Grit","Cleave"],"picked":"Inflame","floor":19},{"not_picked":["Clothesline","True Grit"],"picked":"Sword Boomerang","floor":20},{"not_picked":["Clothesline","Shrug It Off"],"picked":"Uppercut","floor":21},{"not_picked":["Pommel Strike","Iron Wave"],"picked":"Double Tap","floor":24},{"not_picked":["Perfected Strike","Flex+1"],"picked":"Anger+1","floor":29},{"not_picked":["Feel No Pain","Sentinel","Havoc+1"],"picked":"SKIP","floor":31},{"not_picked":["Immolate","Bludgeon"],"picked":"Fiend Fire","floor":33},{"not_picked":["Anger","True Grit+1"],"picked":"Twin Strike+1","floor":35},{"not_picked":["Havoc+1","Warcry"],"picked":"Evolve","floor":36}],"player_experience":154467,"relics_obtained":[{"floor":7,"key":"Orichalcum"},{"floor":9,"key":"Self Forming Clay"},{"floor":12,"key":"Champion Belt"},{"floor":24,"key":"Bag of Marbles"},{"floor":26,"key":"Oddly Smooth Stone"}],"event_choices":[{"damage_healed":0,"gold_gain":75,"player_choice":"Gather Gold","damage_taken":11,"max_hp_gain":0,"max_hp_loss":0,"event_name":"World of Goop","floor":2,"gold_loss":0},{"damage_healed":0,"gold_gain":100,"player_choice":"Pray","damage_taken":0,"max_hp_gain":0,"max_hp_loss":0,"event_name":"Golden Shrine","floor":3,"gold_loss":0},{"damage_healed":0,"gold_gain":0,"player_choice":"Became a vampire","damage_taken":0,"max_hp_gain":0,"max_hp_loss":24,"event_name":"Vampires","floor":27,"gold_loss":0,"cards_obtained":["Bite","Bite","Bite","Bite","Bite"]},{"damage_healed":0,"gold_gain":0,"player_choice":"Copied","damage_taken":0,"max_hp_gain":0,"max_hp_loss":0,"event_name":"Duplicator","floor":28,"gold_loss":0,"cards_obtained":["Inflame"]},{"damage_healed":0,"gold_gain":0,"cards_transformed":["Defend_R"],"player_choice":"Transformed","damage_taken":0,"max_hp_gain":0,"max_hp_loss":0,"event_name":"Transmorgrifier","floor":38,"gold_loss":0,"cards_obtained":["Headbutt"]}],"is_beta":false,"boss_relics":[{"not_picked":["Empty Cage","Runic Dome"],"picked":"Sozu"},{"not_picked":["Cursed Key","Fusion Hammer"],"picked":"Black Star"}],"items_purged_floors":[22,30],"is_endless":false,"potions_floor_spawned":[4,8,11,14,21,24,29,31,35],"killed_by":"Maw","ascension_level":4}