{"gold_per_floor":[117,129,139,156,74,86,112,112,112,126,126,126,46,46,46,145,145,158,80,80,92,111,111,111],"floor_reached":24,"playtime":4129,"items_purged":[],"score":198,"play_id":"4f14f3f8-6f44-4455-b566-d0e03cbf7803","local_time":"20180906233641","is_ascension_mode":false,"campfire_choices":[{"floor":8,"key":"REST"},{"floor":11,"key":"REST"},{"data":"Armaments","floor":15,"key":"SMITH"},{"floor":23,"key":"REST"}],"neow_cost":"NONE","seed_source_timestamp":2054423669012774,"circlet_count":0,"master_deck":["Strike_R","Strike_R","Strike_R","Strike_R","Strike_R","Defend_R","Defend_R","Defend_R","Defend_R","Bash","Iron Wave","Flex","Headbutt","Shockwave","Inflame","Shrug It Off","Armaments+1","Clash","Flame Barrier","Barricade","Headbutt+1","Metallicize","Reaper","Iron Wave"],"relics":["Black Star","Red Skull","Lantern","Bottled Flame","Oddly Smooth Stone","Ornamental Fan","Eternal Feather"],"potions_floor_usage":[16,16],"damage_taken":[{"damage":1,"enemies":"Cultist","floor":1,"turns":4},{"damage":4,"enemies":"Jaw Worm","floor":2,"turns":5},{"damage":0,"enemies":"Small Slimes","floor":3,"turns":3},{"damage":15,"enemies":"Gremlin Gang","floor":4,"turns":8},{"damage":9,"enemies":"Red Slaver","floor":6,"turns":6},{"damage":30,"enemies":"Lagavulin","floor":7,"turns":8},{"damage":3,"enemies":"Lots of Slimes","floor":10,"turns":5},{"damage":57,"enemies":"Slime Boss","floor":16,"turns":15},{"damage":24,"enemies":"Shell Parasite","floor":18,"turns":11},{"damage":20,"enemies":"Chosen","floor":21,"turns":8},{"damage":20,"enemies":"Centurion and Healer","floor":22,"turns":13},{"damage":97,"enemies":"Gremlin Leader","floor":24,"turns":7}],"seed_played":"3688782979122545408","potions_obtained":[{"floor":3,"key":"Energy Potion"},{"floor":7,"key":"Block Potion"},{"floor":10,"key":"Strength Potion"},{"floor":18,"key":"SteroidPotion"}],"is_trial":false,"path_per_floor":["M","M","M","M","$","M","E","R","T","M","R","T","$","?","R","B",null,"M","$","$","M","M","R"],"character_chosen":"IRONCLAD","items_purchased":["Inflame","Flame Barrier","Metallicize"],"campfire_rested":3,"item_purchase_floors":[5,13,19],"current_hp_per_floor":[79,75,75,60,60,51,21,45,45,42,66,66,66,66,66,9,80,56,56,56,36,25,61,0],"gold":111,"neow_bonus":"BOSS_RELIC","is_prod":false,"is_daily":false,"chose_seed":false,"campfire_upgraded":1,"win_rate":0.0,"timestamp":1536302201,"path_taken":["M","?","?","M","$","M","E","R","T","M","R","?","?","?","R","BOSS","M","?","$","M","M","R","E"],"build_version":"2018-09-06","purchased_purges":0,"victory":false,"max_hp_per_floor":[80,80,80,80,80,80,80,80,80,80,80,80,80,80,80,80,80,80,80,80,80,80,80,80],"card_choices":[{"not_picked":["Shrug It Off","Headbutt"],"picked":"Iron Wave","floor":1},{"not_picked":["True Grit","Infernal Blade"],"picked":"Flex","floor":2},{"not_picked":["Hemokinesis","Cleave"],"picked":"Headbutt","floor":3},{"not_picked":["Sever Soul","Body Slam"],"picked":"Shockwave","floor":4},{"not_picked":["Clothesline","Warcry"],"picked":"Shrug It Off","floor":6},{"not_picked":["Second Wind","Headbutt"],"picked":"Armaments","floor":7},{"not_picked":["Corruption","Sever Soul"],"picked":"Clash","floor":10},{"not_picked":["Dark Embrace","Fiend Fire"],"picked":"Barricade","floor":16},{"not_picked":["Thunderclap","Pommel Strike"],"picked":"Headbutt+1","floor":18},{"not_picked":["Armaments","Flex"],"picked":"Reaper","floor":21},{"not_picked":["Twin Strike","Corruption"],"picked":"Iron Wave","floor":22}],"player_experience":3965,"relics_obtained":[{"floor":7,"key":"Red Skull"},{"floor":7,"key":"Lantern"},{"floor":9,"key":"Bottled Flame"},{"floor":12,"key":"Oddly Smooth Stone"}],"event_choices":[{"event_name":"WeMeetAgain","player_choice":"Potion","floor":14,"damage_taken":0}],"is_beta":false,"boss_relics":[{"not_picked":["Runic Cube","Philosopher\u0027s Stone"],"picked":"Eternal Feather"}],"items_purged_floors":[],"is_endless":false,"potions_floor_spawned":[3,7,10,18],"killed_by":"Gremlin Leader","ascension_level":0}