{"gold_per_floor":[114,131,131,150,169,204,204,204,204,244,262,280,301,367,367,495,495,514,514,539,10,10,41,41,41,41,57,57,57,57,91,91,186,186,196,196,196,196,20,20,47,67,67,83,83,83,101,101,101,101],"floor_reached":51,"playtime":3019,"items_purged":["Strike_R","Strike_R"],"score":906,"play_id":"fd58fc43-bac0-4a75-933e-c40fcf2762fb","local_time":"20190728221822","is_ascension_mode":true,"campfire_choices":[{"data":"Bash","floor":7.0,"key":"SMITH"},{"data":"Feed","floor":15.0,"key":"SMITH"},{"floor":25.0,"key":"REST"},{"floor":29.0,"key":"REST"},{"floor":32.0,"key":"REST"},{"floor":40.0,"key":"REST"},{"floor":46.0,"key":"REST"},{"data":"Limit Break","floor":49.0,"key":"SMITH"}],"neow_cost":"NONE","seed_source_timestamp":885779184414300,"circlet_count":0,"master_deck":["Strike_R","Strike_R","Defend_R","Defend_R","Defend_R","Defend_R","Bash+1","Anger","Anger","Wild Strike","Iron Wave","Shrug It Off","Feed+1","Thunderclap","Reckless Charge","Inflame","Limit Break+1","Clothesline","Pommel Strike+1","Evolve","Armaments","True Grit","Brutality","Infernal Blade","Inflame","Shockwave+1","Reaper","Heavy Blade+1","Metallicize","Metallicize","Battle Trance","Ghostly Armor+1","Parasite","Dropkick"],"special_seed":0,"relics":["Black Blood","Bloody Idol","Potion Belt","Mango","Kunai","Oddly Smooth Stone","Tiny Chest","Black Star","PreservedInsect","Orichalcum","Bird Faced Urn","Gambling Chip","Dodecahedron","Juzu Bracelet","Self Forming Clay","Pantograph","Vajra","Strawberry","Gremlin Horn"],"potions_floor_usage":[50,50],"damage_taken":[{"damage":1.0,"enemies":"Cultist","floor":1.0,"turns":4.0},{"damage":0.0,"enemies":"Small Slimes","floor":2.0,"turns":3.0},{"damage":4.0,"enemies":"2 Louse","floor":4.0,"turns":2.0},{"damage":16.0,"enemies":"Gremlin Gang","floor":5.0,"turns":4.0},{"damage":25.0,"enemies":"Lagavulin","floor":6.0,"turns":5.0},{"damage":16.0,"enemies":"Gremlin Nob","floor":10.0,"turns":3.0},{"damage":4.0,"enemies":"Blue Slaver","floor":11.0,"turns":3.0},{"damage":3.0,"enemies":"2 Fungi Beasts","floor":12.0,"turns":3.0},{"damage":0.0,"enemies":"Gremlin Gang","floor":13.0,"turns":2.0},{"damage":9.0,"enemies":"3 Sentries","floor":14.0,"turns":5.0},{"damage":46.0,"enemies":"The Guardian","floor":16.0,"turns":13.0},{"damage":38.0,"enemies":"3 Byrds","floor":18.0,"turns":6.0},{"damage":11.0,"enemies":"Chosen","floor":20.0,"turns":5.0},{"damage":0.0,"enemies":"Snake Plant","floor":22.0,"turns":1.0},{"damage":52.0,"enemies":"Slavers","floor":23.0,"turns":5.0},{"damage":6.0,"enemies":"Centurion and Healer","floor":27.0,"turns":7.0},{"damage":37.0,"enemies":"Book of Stabbing","floor":31.0,"turns":6.0},{"damage":91.0,"enemies":"Champ","floor":33.0,"turns":11.0},{"damage":25.0,"enemies":"Orb Walker","floor":35.0,"turns":6.0},{"damage":25.0,"enemies":"Nemesis","floor":41.0,"turns":7.0},{"damage":48.0,"enemies":"3 Darklings","floor":42.0,"turns":8.0},{"damage":49.0,"enemies":"Jaw Worm Horde","floor":44.0,"turns":6.0},{"damage":39.0,"enemies":"Writhing Mass","floor":47.0,"turns":7.0},{"damage":143,"enemies":"Donu and Deca","floor":50,"turns":10}],"seed_played":"-203386853335618631","potions_obtained":[{"floor":0.0,"key":"AttackPotion"},{"floor":0.0,"key":"SteroidPotion"},{"floor":0.0,"key":"GamblersBrew"},{"floor":4.0,"key":"GamblersBrew"},{"floor":5.0,"key":"BloodPotion"},{"floor":6.0,"key":"Swift Potion"},{"floor":10.0,"key":"Energy Potion"},{"floor":12.0,"key":"PowerPotion"},{"floor":33.0,"key":"SpeedPotion"},{"floor":35.0,"key":"EssenceOfSteel"},{"floor":41.0,"key":"BloodPotion"}],"is_trial":false,"path_per_floor":["M","M","?","M","M","E","R","?","T","E","M","M","M","E","R","B",null,"M","?","M","$","M","E","?","R","T","M","?","R","?","E","R","B",null,"M","?","T","T","$","R","E","M","T","M","?","R","M","?","R","B",null],"character_chosen":"IRONCLAD","items_purchased":["PreservedInsect","Evolve","Armaments","Ancient Potion","SmokeBomb","Metallicize"],"campfire_rested":5,"item_purchase_floors":[21,21,21,21,21,39],"current_hp_per_floor":[80,80,74,74,64,45,45,59,59,49,51,54,63,63,63,23,76,44,44,39,39,45,22,22,50,50,56,56,84,84,68,97,29,84,80,70,70,70,70,100,105,107,107,83,83,109,93,93,93,21],"gold":101,"neow_bonus":"THREE_SMALL_POTIONS","is_prod":false,"is_daily":false,"chose_seed":false,"campfire_upgraded":3,"win_rate":0,"timestamp":1564348702,"path_taken":["M","M","?","M","M","E","R","?","T","E","M","M","?","E","R","BOSS","M","?","M","$","M","E","?","R","T","?","?","R","?","E","R","BOSS","M","?","?","?","$","R","E","M","T","M","?","R","M","?","R","BOSS"],"build_version":"2019-07-17","purchased_purges":2,"victory":true,"max_hp_per_floor":[80,80,74,74,74,74,74,88,88,88,88,88,91,94,94,94,94,94,94,94,94,94,94,94,94,94,94,94,94,94,98,98,102,102,102,102,102,102,102,102,109,109,109,109,109,109,109,104,104,104],"card_choices":[{"not_picked":["Uppercut","Thunderclap"],"picked":"Anger","floor":1.0},{"not_picked":["Havoc","Flex"],"picked":"Anger","floor":2.0},{"not_picked":["Anger","Clothesline"],"picked":"Wild Strike","floor":4.0},{"not_picked":["Seeing Red","Shrug It Off"],"picked":"Iron Wave","floor":5.0},{"not_picked":["Headbutt","Rupture"],"picked":"Cleave","floor":6.0},{"not_picked":["Pommel Strike","Evolve"],"picked":"Shrug It Off","floor":10.0},{"not_picked":["Metallicize","Flex"],"picked":"Feed","floor":11.0},{"not_picked":["Wild Strike","Anger"],"picked":"Thunderclap","floor":12.0},{"not_picked":["Corruption","Entrench"],"picked":"Reckless Charge","floor":13.0},{"not_picked":["Shrug It Off","Feel No Pain"],"picked":"Inflame","floor":14.0},{"not_picked":["Impervious","Double Tap"],"picked":"Limit Break","floor":16.0},{"not_picked":["Sever Soul+1","Flex"],"picked":"Clothesline","floor":18.0},{"not_picked":["Armaments","Sword Boomerang+1"],"picked":"Pommel Strike+1","floor":20.0},{"not_picked":["Combust","Anger"],"picked":"True Grit","floor":23.0},{"not_picked":["Warcry","Iron Wave"],"picked":"Infernal Blade","floor":27.0},{"not_picked":["Fire Breathing+1","Iron Wave"],"picked":"Shockwave+1","floor":31.0},{"not_picked":["Juggernaut","Berserk"],"picked":"Reaper","floor":33.0},{"not_picked":["Flex","Corruption"],"picked":"Heavy Blade+1","floor":35.0},{"not_picked":["Perfected Strike+1","Iron Wave+1"],"picked":"Metallicize","floor":41.0},{"not_picked":["Flex+1","Iron Wave"],"picked":"Battle Trance","floor":42.0},{"not_picked":["Anger","Warcry+1"],"picked":"Ghostly Armor+1","floor":44.0},{"not_picked":["Hemokinesis","Evolve"],"picked":"Dropkick","floor":47.0}],"player_experience":202302,"relics_obtained":[{"floor":6.0,"key":"Potion Belt"},{"floor":9.0,"key":"Kunai"},{"floor":10.0,"key":"Oddly Smooth Stone"},{"floor":14.0,"key":"Tiny Chest"},{"floor":23.0,"key":"Orichalcum"},{"floor":23.0,"key":"Bird Faced Urn"},{"floor":26.0,"key":"Gambling Chip"},{"floor":31.0,"key":"Dodecahedron"},{"floor":31.0,"key":"Juzu Bracelet"},{"floor":37.0,"key":"Self Forming Clay"},{"floor":38.0,"key":"Pantograph"},{"floor":41.0,"key":"Vajra"},{"floor":41.0,"key":"Strawberry"},{"floor":43.0,"key":"Gremlin Horn"}],"event_choices":[{"damage_healed":0.0,"max_hp_gain":0.0,"max_hp_loss":6.0,"gold_gain":0.0,"event_name":"Golden Idol","player_choice":"Lose Max HP","floor":3.0,"gold_loss":0.0,"damage_taken":0.0,"relics_obtained":["Golden Idol"]},{"damage_healed":0.0,"max_hp_gain":0.0,"max_hp_loss":0.0,"gold_gain":0.0,"event_name":"WeMeetAgain","player_choice":"Gave Potion","floor":8.0,"gold_loss":0.0,"damage_taken":0.0,"relics_obtained":["Mango"]},{"damage_healed":0.0,"max_hp_gain":0.0,"max_hp_loss":0.0,"gold_gain":0.0,"event_name":"Cursed Tome","player_choice":"Ignored","floor":19.0,"gold_loss":0.0,"damage_taken":0.0},{"damage_healed":0.0,"max_hp_gain":0.0,"max_hp_loss":0.0,"gold_gain":0.0,"cards_transformed":["Strike_R"],"event_name":"Transmorgrifier","player_choice":"Transformed","floor":24.0,"gold_loss":0.0,"damage_taken":0.0,"cards_obtained":["Brutality"]},{"damage_healed":0.0,"max_hp_gain":0.0,"max_hp_loss":0.0,"gold_gain":0.0,"event_name":"Forgotten Altar","player_choice":"Gave Idol","floor":28.0,"relics_lost":["Golden Idol"],"gold_loss":0.0,"damage_taken":0.0,"relics_obtained":["Bloody Idol"]},{"damage_healed":0.0,"max_hp_gain":0.0,"max_hp_loss":0.0,"gold_gain":0.0,"event_name":"Duplicator","player_choice":"Copied","floor":30.0,"gold_loss":0.0,"damage_taken":0.0,"cards_obtained":["Inflame"]},{"damage_healed":0.0,"max_hp_gain":0.0,"max_hp_loss":0.0,"gold_gain":0.0,"event_name":"Wheel of Change","player_choice":"Damaged","floor":36.0,"gold_loss":0.0,"damage_taken":10.0},{"cards_removed":["Cleave"],"damage_healed":0.0,"max_hp_gain":0.0,"max_hp_loss":0.0,"gold_gain":0.0,"event_name":"Falling","player_choice":"Removed Attack","floor":45.0,"gold_loss":0.0,"damage_taken":0.0},{"damage_healed":0.0,"max_hp_gain":0.0,"max_hp_loss":5.0,"gold_gain":0.0,"event_name":"Winding Halls","player_choice":"Max HP","floor":48.0,"gold_loss":0.0,"damage_taken":0.0}],"is_beta":false,"boss_relics":[{"not_picked":["Astrolabe","Runic Cube"],"picked":"Black Star"},{"not_picked":["Empty Cage","Pandora\u0027s Box"],"picked":"Black Blood"}],"items_purged_floors":[21,39],"is_endless":false,"potions_floor_spawned":[4,5,6,10,12,22,33,35,41],"ascension_level":5}