{"gold_per_floor":[117,117,130,3,19,49,49,49,96,122,156,168,140,160,160,264,264,278,303,319,319,234,234,247,247,270,369,124,124,124,135,135,135],"floor_reached":33,"playtime":5118,"items_purged":["Regret","Writhe"],"score":276,"play_id":"64f043b1-6f5f-456c-99d6-a6cc3def60f2","local_time":"20180910210901","is_ascension_mode":false,"campfire_choices":[{"data":"Armaments","floor":7.0,"key":"SMITH"},{"data":"Seeing Red","floor":12.0,"key":"SMITH"},{"data":"Metallicize","floor":15.0,"key":"SMITH"},{"floor":23,"key":"REST"},{"data":"Clothesline","floor":29,"key":"SMITH"},{"floor":32,"key":"REST"}],"neow_cost":"NONE","seed_source_timestamp":0,"circlet_count":0,"master_deck":["Strike_R","Strike_R","Defend_R","Defend_R","Defend_R","Defend_R","Bash","Pommel Strike+1","Rampage","Armaments+1","Seeing Red+1","Metallicize+1","Demon Form","Clothesline+1","Rage","Fire Breathing","Feed","Reckless Charge+1","Flex+1","Seeing Red+1","Pommel Strike","Headbutt+1","J.A.X.","Flame Barrier","Anger+1"],"special_seed":0,"relics":["Burning Blood","Orichalcum","Juzu Bracelet","Bag of Marbles","Odd Mushroom","MawBank","Astrolabe","Red Mask","PreservedInsect","Pear","Whetstone","Vajra"],"potions_floor_usage":[33,33],"damage_taken":[{"damage":8.0,"enemies":"Cultist","floor":1.0,"turns":5.0},{"damage":6.0,"enemies":"Small Slimes","floor":3.0,"turns":3.0},{"damage":7.0,"enemies":"2 Louse","floor":5.0,"turns":4.0},{"damage":18.0,"enemies":"3 Sentries","floor":6.0,"turns":9.0},{"damage":12.0,"enemies":"The Mushroom Lair","floor":10.0,"turns":4.0},{"damage":28.0,"enemies":"Lagavulin","floor":11.0,"turns":7.0},{"damage":7.0,"enemies":"Red Slaver","floor":14.0,"turns":3.0},{"damage":26.0,"enemies":"Slime Boss","floor":16.0,"turns":8.0},{"damage":16.0,"enemies":"Shell Parasite","floor":18.0,"turns":8.0},{"damage":49.0,"enemies":"Masked Bandits","floor":19.0,"turns":5.0},{"damage":20.0,"enemies":"3 Byrds","floor":20.0,"turns":7.0},{"damage":13,"enemies":"Snake Plant","floor":24,"turns":5},{"damage":31,"enemies":"Sentry and Sphere","floor":31,"turns":6},{"damage":56,"enemies":"Automaton","floor":33,"turns":6}],"seed_played":"2061644769498284423","potions_obtained":[{"floor":0.0,"key":"Ancient Potion"},{"floor":0.0,"key":"SkillPotion"},{"floor":0.0,"key":"LiquidBronze"},{"floor":1.0,"key":"Regen Potion"},{"floor":6.0,"key":"SkillPotion"},{"floor":14.0,"key":"SkillPotion"},{"floor":20.0,"key":"Block Potion"},{"floor":24,"key":"LiquidBronze"}],"is_trial":false,"path_per_floor":["M","?","M","$","M","E","R","?","T","?","E","R","$","M","R","B",null,"M","?","M","?","?","R","M","?","T","?","$","R","$","M","R"],"character_chosen":"IRONCLAD","items_purchased":["Armaments","Rage","Vajra"],"campfire_rested":2,"item_purchase_floors":[4,13,28],"current_hp_per_floor":[78,78,78,78,77,65,65,65,65,59,52,52,52,51,51,31,80,73,30,16,16,16,40,36,46,46,46,46,46,46,21,49,0],"gold":135,"neow_bonus":"THREE_SMALL_POTIONS","is_prod":false,"is_daily":false,"chose_seed":false,"campfire_upgraded":4,"win_rate":0.0,"timestamp":1536638941,"path_taken":["M","?","?","$","M","E","R","?","T","?","E","R","$","M","R","BOSS","M","?","M","?","?","R","M","?","T","?","$","R","$","M","R","BOSS"],"build_version":"2018-09-06","purchased_purges":2,"victory":false,"max_hp_per_floor":[80,80,80,80,80,80,80,80,80,80,80,80,80,80,80,80,80,83,83,83,83,83,83,86,96,96,96,96,96,96,96,96,96],"card_choices":[{"not_picked":["Headbutt","Uppercut"],"picked":"Pommel Strike","floor":1.0},{"not_picked":["Sword Boomerang","Dropkick"],"picked":"Rampage","floor":3.0},{"not_picked":["Rage","Combust"],"picked":"Seeing Red","floor":5.0},{"not_picked":["Armaments","Anger"],"picked":"Metallicize","floor":6.0},{"not_picked":["Warcry","Seeing Red"],"picked":"Demon Form","floor":10.0},{"not_picked":["Rampage","Iron Wave"],"picked":"Clothesline","floor":11.0},{"not_picked":["Combust","Thunderclap"],"picked":"Fire Breathing","floor":14.0},{"not_picked":["Brutality","Impervious"],"picked":"Feed","floor":16.0},{"not_picked":["Flex+1","Spot Weakness"],"picked":"Pommel Strike","floor":18.0},{"not_picked":["Bloodletting","Thunderclap"],"picked":"Headbutt","floor":20.0},{"not_picked":["Carnage","Reckless Charge"],"picked":"Flame Barrier","floor":24},{"not_picked":["Clothesline","Perfected Strike"],"picked":"Anger+1","floor":31}],"player_experience":35722,"relics_obtained":[{"floor":6.0,"key":"Juzu Bracelet"},{"floor":9.0,"key":"Bag of Marbles"},{"floor":10.0,"key":"Odd Mushroom"},{"floor":11.0,"key":"MawBank"},{"floor":19.0,"key":"Red Mask"},{"floor":26,"key":"Whetstone"}],"event_choices":[{"event_name":"Big Fish","player_choice":"Box","floor":2.0,"damage_taken":0.0},{"event_name":"Transmorgrifier","player_choice":"Transform","floor":8.0,"damage_taken":0.0},{"event_name":"Mushrooms","player_choice":"Fought Mushrooms","floor":10.0,"damage_taken":0.0},{"event_name":"Masked Bandits","player_choice":"Fought Bandits","floor":19.0,"damage_taken":0.0},{"event_name":"Drug Dealer","player_choice":"Got JAX","floor":21.0,"damage_taken":0.0},{"event_name":"Addict","player_choice":"Obtained Relic","floor":22.0,"damage_taken":0.0},{"event_name":"The Mausoleum","player_choice":"Yes","floor":25,"damage_taken":0},{"event_name":"Nest","player_choice":"Stole From Cult","floor":27,"damage_taken":0}],"is_beta":false,"boss_relics":[{"not_picked":["Mark of Pain","Runic Dome"],"picked":"Astrolabe"}],"items_purged_floors":[4,28],"is_endless":false,"potions_floor_spawned":[1,6,14,16,20,24],"killed_by":"Automaton","ascension_level":0}