{"gold_per_floor":[115,139,139,17,17,45,57,57,57,88,88,121,131,131,131,227,227,237,12,12,26,26,26,51,51,51,113,131,141,141,158,158,257,257,271,271,271,319,339,366,366,116,140,140,157,168,168,168,168,168],"floor_reached":51,"playtime":2105,"items_purged":["Strike_G","Writhe"],"score":993,"play_id":"1f221cb1-3f8f-456d-ac27-a717e0156088","local_time":"20190715022048","is_ascension_mode":true,"campfire_choices":[{"floor":8.0,"key":"REST"},{"data":"Poisoned Stab","floor":11.0,"key":"SMITH"},{"data":"Bane","floor":15.0,"key":"SMITH"},{"data":"Wraith Form v2","floor":23.0,"key":"SMITH"},{"floor":25.0,"key":"REST"},{"data":"Dagger Spray","floor":30,"key":"SMITH"},{"data":"Well Laid Plans","floor":32,"key":"SMITH"},{"data":"Endless Agony","floor":41,"key":"SMITH"},{"data":"Flying Knee","floor":44,"key":"SMITH"},{"floor":49,"key":"REST"}],"neow_cost":"NONE","seed_source_timestamp":1144678148651600,"circlet_count":0,"master_deck":["Strike_G","Strike_G","Strike_G","Strike_G","Defend_G","Defend_G","Defend_G","Defend_G","Survivor","Neutralize+1","Bane+1","Poisoned Stab+1","Dagger Spray+1","Deadly Poison+1","Flying Knee+1","Catalyst+1","Endless Agony+1","Deadly Poison+1","Wraith Form v2+1","Backstab+1","Well Laid Plans+1","Prepared+1","Acrobatics+1","Distraction+1","Malaise+1","Backflip+1","Night Terror+1","PiercingWail+1","PanicButton+1","Blur+1","Adrenaline+1","Leg Sweep+1","Outmaneuver+1"],"special_seed":0,"relics":["Ring of the Snake","Anchor","Toxic Egg 2","Mercury Hourglass","Regal Pillow","Juzu Bracelet","Tingsha","Runic Pyramid","Membership Card","MutagenicStrength","Orichalcum","Paper Crane","Bottled Lightning","Tiny Chest","Lizard Tail","Pantograph","Smiling Mask","Shuriken","Blood Vial","Bronze Scales","Vajra"],"potions_floor_usage":[33,33,33,46,50,50,50],"damage_taken":[{"damage":0.0,"enemies":"Cultist","floor":1.0,"turns":3.0},{"damage":19.0,"enemies":"3 Sentries","floor":6.0,"turns":9.0},{"damage":2.0,"enemies":"Jaw Worm","floor":7.0,"turns":2.0},{"damage":13.0,"enemies":"Gremlin Nob","floor":10.0,"turns":3.0},{"damage":15.0,"enemies":"3 Sentries","floor":12.0,"turns":5.0},{"damage":0.0,"enemies":"Small Slimes","floor":13.0,"turns":2.0},{"damage":25.0,"enemies":"Hexaghost","floor":16.0,"turns":6.0},{"damage":0.0,"enemies":"3 Byrds","floor":18.0,"turns":4.0},{"damage":0.0,"enemies":"Spheric Guardian","floor":21.0,"turns":1.0},{"damage":9.0,"enemies":"Slavers","floor":24.0,"turns":4.0},{"damage":0,"enemies":"Gremlin Leader","floor":27,"turns":3},{"damage":2,"enemies":"Cultist and Chosen","floor":28,"turns":4},{"damage":7,"enemies":"Snake Plant","floor":29,"turns":3},{"damage":1,"enemies":"Sentry and Sphere","floor":31,"turns":5},{"damage":15,"enemies":"Collector","floor":33,"turns":7},{"damage":1,"enemies":"Orb Walker","floor":35,"turns":2},{"damage":0,"enemies":"3 Shapes","floor":39,"turns":5},{"damage":0,"enemies":"Giant Head","floor":40,"turns":6},{"damage":6,"enemies":"Sphere and 2 Shapes","floor":45,"turns":4},{"damage":1,"enemies":"Jaw Worm Horde","floor":46,"turns":3},{"damage":68,"enemies":"Donu and Deca","floor":50,"turns":11}],"seed_played":"-7389468640987915391","potions_obtained":[{"floor":6.0,"key":"Weak Potion"},{"floor":10.0,"key":"Dexterity Potion"},{"floor":13.0,"key":"Strength Potion"},{"floor":24.0,"key":"EssenceOfSteel"},{"floor":35,"key":"Energy Potion"},{"floor":46,"key":"Strength Potion"}],"is_trial":false,"path_per_floor":["M","T","?","$","T","E","M","R","T","E","R","E","M","?","R","B",null,"M","$","?","M","?","R","E","R","T","E","M","M","R","M","R","B",null,"M","?","T","T","M","E","R","$","T","R","M","M","?","?","R","B",null],"character_chosen":"THE_SILENT","items_purchased":["Dagger Spray","Membership Card","Well Laid Plans","Blood Vial","Bronze Scales","SpeedPotion","Poison Potion"],"campfire_rested":3,"item_purchase_floors":[4,19,19,42,42,42,42],"current_hp_per_floor":[70,70,70,70,70,51,49,70,70,57,57,42,42,42,42,17,57,57,57,57,57,57,57,48,70,70,70,68,61,61,60,60,45,64,63,63,63,63,63,63,63,63,63,63,59,60,60,60,70,2],"gold":168,"neow_bonus":"THREE_CARDS","is_prod":false,"is_daily":false,"chose_seed":false,"campfire_upgraded":7,"win_rate":0,"timestamp":1563153648,"path_taken":["M","?","?","$","?","E","M","R","T","E","R","E","M","?","R","BOSS","M","$","?","M","?","R","E","R","T","E","M","M","R","M","R","BOSS","M","?","?","?","M","E","R","$","T","R","M","M","?","?","R","BOSS"],"build_version":"2019-07-05","purchased_purges":2,"victory":true,"max_hp_per_floor":[70,70,70,70,70,70,70,70,70,70,70,70,70,70,70,70,70,70,70,70,70,70,70,70,70,70,70,70,70,70,70,70,70,70,70,70,70,70,70,70,70,70,70,70,70,70,70,70,70,70],"card_choices":[{"not_picked":["Backflip","Distraction"],"picked":"Bane","floor":0.0},{"not_picked":["Backflip","Calculated Gamble"],"picked":"Poisoned Stab","floor":1.0},{"not_picked":["Deflect+1","Concentrate+1"],"picked":"Deadly Poison+1","floor":6.0},{"not_picked":["Dash","Calculated Gamble+1"],"picked":"Flying Knee","floor":7.0},{"not_picked":["Distraction+1","Bouncing Flask+1"],"picked":"Catalyst+1","floor":10.0},{"not_picked":["Terror+1","Phantasmal Killer+1"],"picked":"Endless Agony","floor":12.0},{"not_picked":["Caltrops","Blur+1"],"picked":"Deadly Poison+1","floor":13.0},{"not_picked":["Night Terror+1","Adrenaline+1"],"picked":"Wraith Form v2","floor":16.0},{"not_picked":["Blade Dance+1","Poisoned Stab"],"picked":"Backstab+1","floor":18.0},{"not_picked":["Dagger Spray+1","Setup+1"],"picked":"Prepared+1","floor":21.0},{"not_picked":["Bane","Slice"],"picked":"Acrobatics+1","floor":24.0},{"not_picked":["Dash","Dodge and Roll+1"],"picked":"Distraction+1","floor":27},{"not_picked":["Escape Plan+1","Outmaneuver+1"],"picked":"Malaise+1","floor":28},{"not_picked":["Expertise+1","Setup+1"],"picked":"Backflip+1","floor":29},{"not_picked":["Heel Hook","Deadly Poison+1","Poisoned Stab"],"picked":"SKIP","floor":31},{"not_picked":["After Image","Unload"],"picked":"Night Terror+1","floor":33},{"not_picked":["Escape Plan+1","Cloak And Dagger+1"],"picked":"PiercingWail+1","floor":35},{"not_picked":["Dark Shackles+1","Discovery+1"],"picked":"PanicButton+1","floor":36},{"not_picked":["Flying Knee","Prepared+1"],"picked":"Blur+1","floor":39},{"not_picked":["Backstab+1","Endless Agony+1"],"picked":"Adrenaline+1","floor":40},{"not_picked":["Backflip+1","Slice"],"picked":"Leg Sweep+1","floor":45},{"not_picked":["Bane+1","Caltrops"],"picked":"Outmaneuver+1","floor":46}],"player_experience":169405,"relics_obtained":[{"floor":2.0,"key":"Anchor"},{"floor":5.0,"key":"Toxic Egg 2"},{"floor":6.0,"key":"Mercury Hourglass"},{"floor":9.0,"key":"Regal Pillow"},{"floor":10.0,"key":"Juzu Bracelet"},{"floor":12.0,"key":"Tingsha"},{"floor":24.0,"key":"Paper Crane"},{"floor":26.0,"key":"Bottled Lightning"},{"floor":27,"key":"Tiny Chest"},{"floor":37,"key":"Pantograph"},{"floor":38,"key":"Smiling Mask"},{"floor":40,"key":"Shuriken"},{"floor":43,"key":"Vajra"}],"event_choices":[{"damage_healed":0.0,"max_hp_gain":0.0,"max_hp_loss":0.0,"gold_gain":0.0,"event_name":"Living Wall","player_choice":"Grow","floor":3.0,"gold_loss":0.0,"damage_taken":0.0,"cards_upgraded":["Neutralize"]},{"damage_healed":0.0,"max_hp_gain":0.0,"max_hp_loss":0.0,"gold_gain":0.0,"event_name":"The Woman in Blue","player_choice":"Bought 0 Potions","floor":14.0,"gold_loss":0.0,"damage_taken":0.0},{"damage_healed":0.0,"max_hp_gain":0.0,"max_hp_loss":0.0,"gold_gain":0.0,"event_name":"Drug Dealer","player_choice":"Inject Mutagens","floor":20.0,"gold_loss":0.0,"damage_taken":0.0,"relics_obtained":["MutagenicStrength"]},{"damage_healed":0.0,"max_hp_gain":0.0,"max_hp_loss":0.0,"gold_gain":0.0,"event_name":"The Mausoleum","player_choice":"Opened","floor":22.0,"gold_loss":0.0,"damage_taken":0.0,"relics_obtained":["Orichalcum"],"cards_obtained":["Writhe"]},{"damage_healed":0,"gold_gain":0,"player_choice":"Memory 1","damage_taken":0,"max_hp_gain":0,"max_hp_loss":0,"event_name":"SensoryStone","floor":36,"gold_loss":0},{"damage_healed":0,"gold_gain":0,"player_choice":"Got Potions","damage_taken":0,"max_hp_gain":0,"max_hp_loss":0,"event_name":"Lab","floor":47,"gold_loss":0},{"cards_removed":["Defend_G"],"damage_healed":0,"gold_gain":0,"player_choice":"Removed Skill","damage_taken":0,"max_hp_gain":0,"max_hp_loss":0,"event_name":"Falling","floor":48,"gold_loss":0}],"is_beta":false,"boss_relics":[{"not_picked":["Snecko Eye","Fusion Hammer"],"picked":"Runic Pyramid"},{"not_picked":["Sozu","Calling Bell"],"picked":"Lizard Tail"}],"items_purged_floors":[4,42],"is_endless":false,"potions_floor_spawned":[6,10,13,16,24,28,29,31,35,46],"ascension_level":5}