{"gold_per_floor":[111,34,34,48,63,92,104,41,68,68,79,79,106,126,126,224,224,238,238,248,267,285,285,285,304,304,314,239,239,239,252,252,352,352,369,385,385,385,36,36],"floor_reached":40,"playtime":3774,"items_purged":["Strike_G","Parasite"],"score":418,"play_id":"f6e8ce03-3a10-4e47-98f4-ae3d70f937c8","local_time":"20181106222628","is_ascension_mode":true,"campfire_choices":[{"data":"Noxious Fumes","floor":10,"key":"SMITH"},{"data":"Poisoned Stab","floor":15,"key":"SMITH"},{"floor":23,"key":"REST"},{"floor":32,"key":"REST"}],"neow_cost":"NONE","seed_source_timestamp":990220091567067,"circlet_count":0,"master_deck":["Defend_G+1","Defend_G+1","Defend_G+1","Defend_G+1","Defend_G+1","Survivor","Neutralize","Noxious Fumes+1","Footwork","Bouncing Flask","Poisoned Stab+1","Catalyst","Blur","Backflip","After Image","Bouncing Flask+1","Burst+1","Backflip+1","Slice+1","Cloak And Dagger+1","Doppelganger","Sucker Punch+1","Adrenaline","Flying Knee","Catalyst"],"relics":["Ring of the Serpent","NeowsBlessing","Ancient Tea Set","MawBank","Blood Vial","Pantograph","Astrolabe","Oddly Smooth Stone","Molten Egg 2"],"potions_floor_usage":[6,13,16,30,30,36,40],"damage_taken":[{"damage":0,"enemies":"Jaw Worm","floor":1,"turns":1},{"damage":0,"enemies":"2 Louse","floor":4,"turns":1},{"damage":0,"enemies":"Small Slimes","floor":5,"turns":1},{"damage":43,"enemies":"Gremlin Nob","floor":6,"turns":6},{"damage":0,"enemies":"3 Louse","floor":11,"turns":3},{"damage":14,"enemies":"3 Sentries","floor":13,"turns":6},{"damage":10,"enemies":"Looter","floor":14,"turns":4},{"damage":24,"enemies":"Hexaghost","floor":16,"turns":7},{"damage":0,"enemies":"Spheric Guardian","floor":18,"turns":3},{"damage":23,"enemies":"2 Thieves","floor":20,"turns":5},{"damage":4,"enemies":"Shelled Parasite and Fungi","floor":21,"turns":8},{"damage":36,"enemies":"Chosen and Byrds","floor":22,"turns":8},{"damage":2,"enemies":"Sentry and Sphere","floor":25,"turns":5},{"damage":0,"enemies":"Centurion and Healer","floor":27,"turns":10},{"damage":5,"enemies":"Colosseum Slavers","floor":30,"turns":6},{"damage":5,"enemies":"Chosen and Byrds","floor":31,"turns":9},{"damage":40,"enemies":"Automaton","floor":33,"turns":12},{"damage":15,"enemies":"3 Darklings","floor":35,"turns":6},{"damage":16,"enemies":"3 Shapes","floor":36,"turns":6},{"damage":53,"enemies":"Reptomancer","floor":40,"turns":3}],"seed_played":"5545736368419813475","potions_obtained":[{"floor":1,"key":"Regen Potion"},{"floor":5,"key":"SkillPotion"},{"floor":13,"key":"Weak Potion"},{"floor":20,"key":"Dexterity Potion"},{"floor":22,"key":"Weak Potion"},{"floor":31,"key":"Fire Potion"},{"floor":35,"key":"SneckoOil"},{"floor":36,"key":"Explosive Potion"}],"is_trial":false,"path_per_floor":["M","$","?","M","M","E","?","$","T","R","M","?","E","M","R","B",null,"M","?","M","M","M","R","?","M","T","M","?","?","?","M","R","B",null,"M","M","?","?","$","E"],"character_chosen":"THE_SILENT","items_purchased":["Footwork","Molten Egg 2"],"campfire_rested":2,"item_purchase_floors":[2,39],"current_hp_per_floor":[70,70,52,52,52,21,44,44,44,44,46,63,51,43,43,46,70,70,70,47,45,11,32,55,55,55,57,57,44,41,38,60,35,75,60,46,46,46,46,0],"gold":36,"neow_bonus":"THREE_ENEMY_KILL","is_prod":false,"is_daily":false,"chose_seed":false,"campfire_upgraded":2,"win_rate":0,"timestamp":1541571988,"path_taken":["M","$","?","M","M","E","?","$","T","R","M","?","E","M","R","BOSS","M","?","M","M","M","R","?","M","T","M","?","?","?","M","R","BOSS","M","M","?","?","?","E"],"build_version":"2018-11-01","purchased_purges":2,"victory":false,"max_hp_per_floor":[70,70,70,70,70,70,70,70,70,70,70,70,70,70,70,70,70,70,70,70,70,70,70,70,70,70,70,70,75,75,75,75,75,75,75,75,75,71,68,68],"card_choices":[{"not_picked":["Dagger Spray","Footwork"],"picked":"Noxious Fumes","floor":1},{"not_picked":["Flechettes","Blade Dance"],"picked":"Bouncing Flask","floor":4},{"not_picked":["Sucker Punch","Slice"],"picked":"Poisoned Stab","floor":5},{"not_picked":["Bouncing Flask","Slice"],"picked":"Catalyst","floor":6},{"not_picked":["Bane","Deflect"],"picked":"Blur","floor":11},{"not_picked":["Masterful Stab","Skewer","Prepared"],"picked":"SKIP","floor":13},{"not_picked":["Terror","Endless Agony"],"picked":"Backflip","floor":14},{"not_picked":["Storm of Steel","Wraith Form v2"],"picked":"After Image","floor":16},{"not_picked":["Backstab+1","Underhanded Strike+1"],"picked":"Slice+1","floor":18},{"not_picked":["Sucker Punch","Predator+1"],"picked":"Cloak And Dagger+1","floor":20},{"not_picked":["Prepared","Caltrops","Tactician"],"picked":"SKIP","floor":21},{"not_picked":["Noxious Fumes","Predator+1"],"picked":"Doppelganger","floor":22},{"not_picked":["Predator","Prepared","Bane"],"picked":"SKIP","floor":25},{"not_picked":["Deflect+1","Wraith Form v2","Poisoned Stab"],"picked":"SKIP","floor":27},{"not_picked":["Prepared+1","Quick Slash"],"picked":"Sucker Punch+1","floor":31},{"not_picked":["Storm of Steel","Phantasmal Killer"],"picked":"Adrenaline","floor":33},{"not_picked":["Quick Slash","Dodge and Roll+1"],"picked":"Flying Knee","floor":35},{"not_picked":["Eviscerate+1","Expertise+1"],"picked":"Catalyst","floor":36}],"player_experience":188601,"relics_obtained":[{"floor":6,"key":"MawBank"},{"floor":9,"key":"Blood Vial"},{"floor":13,"key":"Pantograph"},{"floor":26,"key":"Oddly Smooth Stone"}],"event_choices":[{"damage_healed":0,"gold_gain":0,"player_choice":"Success","damage_taken":18,"relics_obtained":["Ancient Tea Set"],"max_hp_gain":0,"max_hp_loss":0,"event_name":"Scrap Ooze","floor":3,"gold_loss":0},{"damage_healed":23,"gold_gain":0,"player_choice":"Banana","damage_taken":0,"max_hp_gain":0,"max_hp_loss":0,"event_name":"Big Fish","floor":7,"gold_loss":0},{"damage_healed":17,"gold_gain":0,"player_choice":"Healed and dodged fight","damage_taken":0,"max_hp_gain":0,"max_hp_loss":0,"event_name":"Mushrooms","floor":12,"gold_loss":0,"cards_obtained":["Parasite"]},{"damage_healed":0,"gold_gain":0,"player_choice":"Simplicity","damage_taken":0,"max_hp_gain":0,"max_hp_loss":0,"event_name":"Back to Basics","floor":19,"gold_loss":0,"cards_upgraded":["Defend_G","Defend_G","Defend_G","Defend_G","Defend_G","Strike_G"]},{"damage_healed":23,"gold_gain":0,"player_choice":"Heal","damage_taken":0,"max_hp_gain":0,"max_hp_loss":0,"event_name":"The Library","floor":24,"gold_loss":0},{"cards_removed":["Strike_G"],"damage_healed":0,"gold_gain":0,"player_choice":"Gave Gold","damage_taken":0,"max_hp_gain":0,"max_hp_loss":0,"event_name":"Beggar","floor":28,"gold_loss":75},{"damage_healed":0,"gold_gain":0,"player_choice":"Shed Blood","damage_taken":18,"max_hp_gain":5,"max_hp_loss":0,"event_name":"Forgotten Altar","floor":29,"gold_loss":0},{"damage_healed":0,"gold_gain":0,"player_choice":"Fight","damage_taken":0,"max_hp_gain":0,"max_hp_loss":0,"event_name":"Colosseum","floor":30,"gold_loss":0},{"damage_healed":0,"gold_gain":0,"player_choice":"Fled From Nobs","damage_taken":0,"max_hp_gain":0,"max_hp_loss":0,"event_name":"Colosseum","floor":30,"gold_loss":0},{"damage_healed":0,"gold_gain":0,"player_choice":"Ignored","damage_taken":0,"max_hp_gain":0,"max_hp_loss":0,"event_name":"Tomb of Lord Red Mask","floor":37,"gold_loss":0},{"damage_healed":0,"gold_gain":0,"player_choice":"Max HP","damage_taken":0,"max_hp_gain":0,"max_hp_loss":4,"event_name":"Winding Halls","floor":38,"gold_loss":0}],"is_beta":false,"boss_relics":[{"not_picked":["Runic Dome","Philosopher\u0027s Stone"],"picked":"Astrolabe"},{"not_picked":["Cursed Key","HoveringKite"],"picked":"Ring of the Serpent"}],"items_purged_floors":[8,39],"is_endless":false,"potions_floor_spawned":[1,5,13,20,22,30,31,35,36],"killed_by":"Reptomancer","ascension_level":1}