{"gold_per_floor":[117,64,64,81,156,185,20,20,320,8,41,41,56,56],"floor_reached":14,"playtime":373,"items_purged":["Strike_B"],"score":110,"play_id":"f3b06a89-8f79-493c-b1d2-1274047d4b87","local_time":"20190715023329","is_ascension_mode":true,"campfire_choices":[{"floor":8,"key":"REST"}],"neow_cost":"NONE","seed_source_timestamp":1147275122638700,"circlet_count":0,"master_deck":["Strike_B","Strike_B","Strike_B","Defend_B","Defend_B","Defend_B","Defend_B","Zap","Dualcast","Sunder","Ball Lightning","Sweeping Beam","Streamline","Defragment","Gash","Defragment","Genetic Algorithm","Go for the Eyes","Fusion","Cold Snap"],"relics":["Cracked Core","Singing Bowl","Turnip","Old Coin","DollysMirror","Oddly Smooth Stone","FaceOfCleric"],"potions_floor_usage":[11],"damage_taken":[{"damage":0,"enemies":"Small Slimes","floor":1,"turns":2},{"damage":2,"enemies":"Jaw Worm","floor":4,"turns":2},{"damage":25,"enemies":"Lagavulin","floor":6,"turns":5},{"damage":30,"enemies":"3 Sentries","floor":11,"turns":5},{"damage":0,"enemies":"2 Louse","floor":13,"turns":3},{"damage":22,"enemies":"Exordium Thugs","floor":14,"turns":3}],"seed_played":"-6610297974033480417","potions_obtained":[{"floor":6,"key":"PowerPotion"}],"is_trial":false,"path_per_floor":["M","$","?","M","?","E","$","R","T","$","E","?","M","M"],"character_chosen":"DEFECT","items_purchased":["Ball Lightning","Defragment","Gash","DollysMirror","Genetic Algorithm","Go for the Eyes"],"campfire_rested":1,"item_purchase_floors":[2,7,7,10,10,10],"current_hp_per_floor":[82,82,64,62,51,26,26,50,50,50,20,20,21,0],"gold":56,"neow_bonus":"TEN_PERCENT_HP_BONUS","is_prod":false,"is_daily":false,"chose_seed":false,"campfire_upgraded":0,"win_rate":0,"timestamp":1563154409,"path_taken":["M","$","?","M","?","E","?","R","T","$","E","?","M","M"],"build_version":"2019-07-05","purchased_purges":1,"victory":false,"max_hp_per_floor":[82,82,82,82,82,82,82,82,82,82,82,82,83,83],"card_choices":[{"not_picked":["Rebound","Sweeping Beam"],"picked":"Sunder","floor":1},{"not_picked":["Scrape","Conserve Battery"],"picked":"Sweeping Beam","floor":4},{"not_picked":["Loop","Chill"],"picked":"Streamline","floor":6},{"not_picked":["Sweeping Beam","Hyperbeam"],"picked":"Fusion","floor":11},{"not_picked":["Stack","Streamline"],"picked":"Cold Snap","floor":13}],"player_experience":171554,"relics_obtained":[{"floor":6,"key":"Turnip"},{"floor":9,"key":"Old Coin"},{"floor":11,"key":"Oddly Smooth Stone"}],"event_choices":[{"damage_healed":0,"gold_gain":0,"player_choice":"Success","damage_taken":18,"relics_obtained":["Singing Bowl"],"max_hp_gain":0,"max_hp_loss":0,"event_name":"Scrap Ooze","floor":3,"gold_loss":0},{"damage_healed":0,"gold_gain":75,"player_choice":"Gather Gold","damage_taken":11,"max_hp_gain":0,"max_hp_loss":0,"event_name":"World of Goop","floor":5,"gold_loss":0},{"damage_healed":0,"gold_gain":0,"player_choice":"Trade","damage_taken":0,"relics_obtained":["FaceOfCleric"],"max_hp_gain":0,"max_hp_loss":0,"event_name":"FaceTrader","floor":12,"gold_loss":0}],"is_beta":false,"boss_relics":[],"items_purged_floors":[7],"is_endless":false,"potions_floor_spawned":[6],"killed_by":"Exordium Thugs","ascension_level":3}