{"gold_per_floor":[119,119,69,19,38,67,78,108,108,108,140,152,164,196,208,322,334,364,65,65,65,76,106,106,122,149,149,149,183,108,161,161,265,265,285,296,148,148,54,54,84,84,84,84,115,115,127,142,142,142,142,142,42,42],"floor_reached":54,"playtime":3949,"items_purged":["Strike_B","Writhe"],"score":819,"play_id":"8320be7a-f35d-4b32-84c2-925662f90464","local_time":"20190117183625","is_ascension_mode":true,"campfire_choices":[{"floor":12,"key":"REST"},{"data":"Capacitor","floor":15,"key":"SMITH"},{"floor":24,"key":"REST"},{"floor":28,"key":"REST"},{"data":"Conserve Battery","floor":32,"key":"SMITH"},{"floor":40,"key":"RECALL"},{"floor":42,"key":"REST"},{"floor":44,"key":"REST"},{"floor":46,"key":"REST"},{"floor":49,"key":"REST"},{"data":"Go for the Eyes","floor":52,"key":"SMITH"}],"neow_cost":"NONE","seed_source_timestamp":586077506740455,"circlet_count":0,"master_deck":["Strike_B+1","Defend_B","Defend_B","Defend_B","Defend_B","Zap+1","Dualcast","Capacitor+1","Streamline","Conserve Battery+1","Cold Snap","Defragment+1","Defragment+1","Compile Driver","Electrodynamics+1","Leap","Gash+1","Sunder","Coolheaded+1","Reboot","Melter+1","Chaos","Ball Lightning","Leap","Parasite","Go for the Eyes+1"],"relics":["Cracked Core","Frozen Egg 2","DataDisk","Mercury Hourglass","MawBank","Busted Crown","Ginger","Nloth\u0027s Gift","Sundial","Orichalcum","WingedGreaves","Thread and Needle","Strawberry","Runic Pyramid","Whetstone","Anchor"],"potions_floor_usage":[16,16,18,23,41,41,45,50],"damage_taken":[{"damage":1,"enemies":"Cultist","floor":1,"turns":3},{"damage":0,"enemies":"2 Louse","floor":5,"turns":2},{"damage":24,"enemies":"Gremlin Nob","floor":6,"turns":4},{"damage":6,"enemies":"Small Slimes","floor":7,"turns":2},{"damage":17,"enemies":"Lagavulin","floor":11,"turns":5},{"damage":0,"enemies":"2 Fungi Beasts","floor":14,"turns":2},{"damage":26,"enemies":"Hexaghost","floor":16,"turns":7},{"damage":10,"enemies":"3 Byrds","floor":18,"turns":3},{"damage":17,"enemies":"2 Thieves","floor":22,"turns":3},{"damage":9,"enemies":"Gremlin Leader","floor":23,"turns":5},{"damage":8,"enemies":"Snecko","floor":25,"turns":4},{"damage":23,"enemies":"Slavers","floor":29,"turns":3},{"damage":16,"enemies":"Automaton","floor":33,"turns":7},{"damage":30,"enemies":"3 Darklings","floor":35,"turns":3},{"damage":0,"enemies":"3 Shapes","floor":36,"turns":3},{"damage":37,"enemies":"Nemesis","floor":41,"turns":7},{"damage":40,"enemies":"Reptomancer","floor":45,"turns":5},{"damage":7,"enemies":"Writhing Mass","floor":47,"turns":5},{"damage":0,"enemies":"Maw","floor":48,"turns":7},{"damage":11,"enemies":"Time Eater","floor":50,"turns":9},{"damage":84,"enemies":"Shield and Spear","floor":54,"turns":3}],"seed_played":"-6580443862319800441","potions_obtained":[{"floor":1,"key":"Explosive Potion"},{"floor":6,"key":"FearPotion"},{"floor":14,"key":"SteroidPotion"},{"floor":22,"key":"EssenceOfSteel"},{"floor":36,"key":"GamblersBrew"},{"floor":41,"key":"Explosive Potion"},{"floor":45,"key":"FocusPotion"}],"is_trial":false,"path_per_floor":["M","?","?","$","M","E","M","?","T","?","E","R","?","M","R","B",null,"M","$","?","$","M","E","R","M","T","?","R","E","?","T","R","B",null,"M","M","$","?","$","R","E","R","T","R","E","R","M","M","R","B",null,"R","$","E"],"character_chosen":"DEFECT","items_purchased":["Streamline","Ginger","Gash","Regen Potion","Chaos","Ball Lightning"],"campfire_rested":7,"item_purchase_floors":[4,19,19,37,39,39],"current_hp_per_floor":[74,71,71,71,71,47,41,41,41,41,24,46,71,71,71,45,75,65,65,65,65,48,39,61,53,53,53,75,52,52,59,59,43,82,52,52,52,52,52,52,30,54,54,78,38,62,55,55,79,68,82,82,82,0],"gold":42,"neow_bonus":"UPGRADE_CARD","is_prod":false,"is_daily":false,"chose_seed":false,"campfire_upgraded":3,"win_rate":0,"timestamp":1547778985,"path_taken":["M","?","?","$","M","E","M","?","T","?","E","R","?","M","R","BOSS","M","$","?","?","M","E","R","M","T","?","R","E","?","?","R","BOSS","M","?","$","?","$","R","E","R","T","R","E","R","M","?","R","BOSS","R","$","E"],"build_version":"2019-01-10","purchased_purges":2,"victory":false,"max_hp_per_floor":[75,75,75,75,75,75,75,75,75,75,75,75,75,75,75,75,75,75,75,75,75,75,75,75,75,75,75,75,75,75,82,82,82,82,82,82,82,82,82,82,82,82,82,82,82,82,82,82,82,82,82,82,82,82],"card_choices":[{"not_picked":["Genetic Algorithm","Leap"],"picked":"Capacitor","floor":1},{"not_picked":["Cold Snap","Gash"],"picked":"Conserve Battery","floor":5},{"not_picked":["Sweeping Beam","Melter"],"picked":"Cold Snap","floor":6},{"not_picked":["Static Discharge+1","Steam"],"picked":"Defragment+1","floor":7},{"not_picked":["Coolheaded","Compile Driver"],"picked":"Defragment+1","floor":11},{"not_picked":["Turbo","Double Energy"],"picked":"Compile Driver","floor":14},{"not_picked":["Biased Cognition+1","Multi-Cast"],"picked":"Electrodynamics+1","floor":16},{"not_picked":[],"picked":"Leap","floor":18},{"not_picked":["Stack"],"picked":"SKIP","floor":22},{"not_picked":[],"picked":"Sunder","floor":23},{"not_picked":[],"picked":"Coolheaded","floor":25},{"not_picked":[],"picked":"Reboot","floor":29},{"not_picked":["Tempest+1"],"picked":"SKIP","floor":35},{"not_picked":[],"picked":"Melter+1","floor":36},{"not_picked":["Recycle+1"],"picked":"SKIP","floor":41},{"not_picked":[],"picked":"Leap","floor":45},{"not_picked":[],"picked":"Go for the Eyes","floor":47},{"not_picked":["Hologram"],"picked":"SKIP","floor":48}],"player_experience":251476,"relics_obtained":[{"floor":6,"key":"Omamori"},{"floor":9,"key":"Mercury Hourglass"},{"floor":11,"key":"MawBank"},{"floor":23,"key":"Sundial"},{"floor":26,"key":"Orichalcum"},{"floor":29,"key":"Thread and Needle"},{"floor":31,"key":"Strawberry"},{"floor":41,"key":"Whetstone"},{"floor":45,"key":"Anchor"}],"event_choices":[{"damage_healed":0,"gold_gain":0,"player_choice":"Success","damage_taken":3,"relics_obtained":["Frozen Egg 2"],"max_hp_gain":0,"max_hp_loss":0,"event_name":"Scrap Ooze","floor":2,"gold_loss":0},{"cards_removed":["Strike_B"],"damage_healed":0,"gold_gain":0,"player_choice":"Card Removal","damage_taken":0,"max_hp_gain":0,"max_hp_loss":0,"event_name":"The Cleric","floor":3,"gold_loss":50},{"damage_healed":0,"gold_gain":30,"player_choice":"Searched \u00272\u0027 times","damage_taken":0,"relics_obtained":["DataDisk"],"max_hp_gain":0,"max_hp_loss":0,"event_name":"Dead Adventurer","floor":8,"gold_loss":0},{"damage_healed":0,"gold_gain":0,"player_choice":"Ignored","damage_taken":0,"max_hp_gain":0,"max_hp_loss":0,"event_name":"Shining Light","floor":10,"gold_loss":0},{"damage_healed":25,"gold_gain":0,"player_choice":"Banana","damage_taken":0,"max_hp_gain":0,"max_hp_loss":0,"event_name":"Big Fish","floor":13,"gold_loss":0},{"damage_healed":0,"gold_gain":0,"player_choice":"Traded Relic","damage_taken":0,"relics_obtained":["Nloth\u0027s Gift"],"max_hp_gain":0,"max_hp_loss":0,"event_name":"N\u0027loth","floor":20,"relics_lost":["Omamori"],"gold_loss":0},{"damage_healed":0,"gold_gain":0,"player_choice":"Opened","damage_taken":0,"relics_obtained":["WingedGreaves"],"max_hp_gain":0,"max_hp_loss":0,"event_name":"The Mausoleum","floor":27,"gold_loss":0,"cards_obtained":["Writhe"]},{"cards_removed":["Strike_B"],"damage_healed":0,"gold_gain":0,"player_choice":"Gave Gold","damage_taken":0,"max_hp_gain":0,"max_hp_loss":0,"event_name":"Beggar","floor":30,"gold_loss":75},{"damage_healed":0,"gold_gain":0,"player_choice":"Upgraded","damage_taken":0,"max_hp_gain":0,"max_hp_loss":0,"event_name":"Upgrade Shrine","floor":38,"gold_loss":0,"cards_upgraded":["Coolheaded"]}],"is_beta":false,"boss_relics":[{"not_picked":["Ectoplasm","Cursed Key"],"picked":"Busted Crown"},{"not_picked":["Runic Dome","Fusion Hammer"],"picked":"Runic Pyramid"}],"items_purged_floors":[37,53],"is_endless":false,"potions_floor_spawned":[1,6,14,22,36,41,45],"killed_by":"Shield and Spear","ascension_level":3}