{"gold_per_floor":[116,132,150,161,161,186,186,200,227,254,266,281,281,292,292,393,393,383,383,49,49,68,68,97,312,312,312,312,7,25,45,45,45],"floor_reached":33,"playtime":1460,"items_purged":["Strike_G","Strike_G"],"score":349,"play_id":"aa65007f-ba78-4d8c-92b8-dedb6b6f89c7","local_time":"20190714223205","is_ascension_mode":true,"campfire_choices":[{"data":"Endless Agony","floor":7,"key":"SMITH"},{"floor":15,"key":"REST"},{"floor":23,"key":"REST"},{"floor":27,"key":"REST"},{"data":"Venomology","floor":32,"key":"SMITH"}],"neow_cost":"NONE","seed_source_timestamp":1131704149244200,"circlet_count":0,"master_deck":["Defend_G","Defend_G","Defend_G","Defend_G","Defend_G","Survivor","Neutralize","Flying Knee","Well Laid Plans","Bouncing Flask","PiercingWail","Endless Agony+1","Noxious Fumes","A Thousand Cuts","Dagger Throw","Backstab","Bane","Noxious Fumes","Venomology+1","Sucker Punch","PiercingWail","Bane","Poisoned Stab+1","RitualDagger","PiercingWail","Acrobatics+1"],"relics":["Ring of the Snake","Calipers","Regal Pillow","Bag of Marbles","Empty Cage","ClockworkSouvenir","Bronze Scales","Old Coin","Meat on the Bone","Vajra"],"potions_floor_usage":[6,16,22,24,24,24,33,33],"damage_taken":[{"damage":1,"enemies":"Cultist","floor":1,"turns":3},{"damage":7,"enemies":"Small Slimes","floor":2,"turns":3},{"damage":3,"enemies":"2 Louse","floor":3,"turns":2},{"damage":4,"enemies":"2 Fungi Beasts","floor":4,"turns":4},{"damage":8,"enemies":"Lagavulin","floor":6,"turns":6},{"damage":2,"enemies":"3 Louse","floor":8,"turns":4},{"damage":28,"enemies":"Gremlin Nob","floor":10,"turns":4},{"damage":3,"enemies":"Looter","floor":11,"turns":3},{"damage":0,"enemies":"Exordium Wildlife","floor":12,"turns":4},{"damage":0,"enemies":"2 Fungi Beasts","floor":14,"turns":2},{"damage":18,"enemies":"Hexaghost","floor":16,"turns":8},{"damage":17,"enemies":"2 Thieves","floor":18,"turns":4},{"damage":17,"enemies":"Shell Parasite","floor":22,"turns":6},{"damage":33,"enemies":"Book of Stabbing","floor":24,"turns":6},{"damage":1,"enemies":"Snake Plant","floor":30,"turns":3},{"damage":9,"enemies":"Shelled Parasite and Fungi","floor":31,"turns":3},{"damage":58,"enemies":"Automaton","floor":33,"turns":6}],"seed_played":"3324023178591444316","potions_obtained":[{"floor":1,"key":"GhostInAJar"},{"floor":2,"key":"Ancient Potion"},{"floor":6,"key":"Explosive Potion"},{"floor":10,"key":"Weak Potion"},{"floor":30,"key":"Energy Potion"},{"floor":31,"key":"Fire Potion"}],"is_trial":false,"path_per_floor":["M","M","M","M","?","E","R","M","T","E","M","M","?","M","R","B",null,"M","?","$","?","M","R","E","?","T","R","?","$","M","M","R","B"],"character_chosen":"THE_SILENT","items_purchased":["ClockworkSouvenir","PiercingWail","Vajra","PiercingWail"],"campfire_rested":3,"item_purchase_floors":[20,20,29,29],"current_hp_per_floor":[69,62,59,55,55,47,47,45,45,17,14,14,11,11,47,29,60,43,66,66,66,49,70,37,37,37,70,64,64,63,54,54,0],"gold":45,"neow_bonus":"THREE_CARDS","is_prod":false,"is_daily":false,"chose_seed":false,"campfire_upgraded":2,"win_rate":0,"timestamp":1563139925,"path_taken":["M","?","?","M","?","E","R","M","T","E","?","M","?","M","R","BOSS","M","?","$","?","M","R","E","?","T","R","?","$","M","M","R","BOSS"],"build_version":"2019-07-05","purchased_purges":2,"victory":false,"max_hp_per_floor":[70,70,70,70,70,70,70,70,70,70,70,70,70,70,70,70,70,70,70,70,70,70,70,70,70,70,70,70,70,70,70,70,70],"card_choices":[{"not_picked":["Dagger Spray","Prepared"],"picked":"Flying Knee","floor":0},{"not_picked":["Heel Hook","Calculated Gamble"],"picked":"Well Laid Plans","floor":1},{"not_picked":["Dodge and Roll","Cloak And Dagger"],"picked":"Bouncing Flask","floor":2},{"not_picked":["Dagger Throw","Acrobatics"],"picked":"PiercingWail","floor":3},{"not_picked":["Acrobatics","Flechettes"],"picked":"Endless Agony","floor":4},{"not_picked":["Reflex","Eviscerate"],"picked":"Noxious Fumes","floor":6},{"not_picked":["Reflex","Sucker Punch"],"picked":"A Thousand Cuts","floor":8},{"not_picked":["Backflip","Expertise"],"picked":"Dagger Throw","floor":10},{"not_picked":["Backflip","Dagger Throw"],"picked":"Backstab","floor":11},{"not_picked":["Dodge and Roll","Night Terror"],"picked":"Bane","floor":12},{"not_picked":["Terror","Masterful Stab"],"picked":"Noxious Fumes","floor":14},{"not_picked":["Burst","Unload"],"picked":"Venomology","floor":16},{"not_picked":["Prepared","Expertise"],"picked":"Sucker Punch","floor":18},{"not_picked":["Deflect","Setup+1"],"picked":"Bane","floor":22},{"not_picked":["Accuracy+1","Glass Knife"],"picked":"Poisoned Stab+1","floor":24},{"not_picked":["Quick Slash+1","Slice","Flying Knee"],"picked":"SKIP","floor":30},{"not_picked":["Terror+1","Deadly Poison"],"picked":"Acrobatics+1","floor":31}],"player_experience":167260,"relics_obtained":[{"floor":6,"key":"Calipers"},{"floor":9,"key":"Regal Pillow"},{"floor":10,"key":"Bag of Marbles"},{"floor":24,"key":"Bronze Scales"},{"floor":26,"key":"Meat on the Bone"}],"event_choices":[{"cards_removed":["Strike_G"],"damage_healed":0,"gold_gain":0,"player_choice":"Purged","damage_taken":0,"max_hp_gain":0,"max_hp_loss":0,"event_name":"Purifier","floor":5,"gold_loss":0},{"damage_healed":0,"gold_gain":0,"player_choice":"Fled","damage_taken":3,"max_hp_gain":0,"max_hp_loss":0,"event_name":"Scrap Ooze","floor":13,"gold_loss":0},{"damage_healed":23,"gold_gain":0,"player_choice":"Heal","damage_taken":0,"max_hp_gain":0,"max_hp_loss":0,"event_name":"The Library","floor":19,"gold_loss":0},{"damage_healed":0,"gold_gain":0,"player_choice":"Ignored","damage_taken":0,"max_hp_gain":0,"max_hp_loss":0,"event_name":"Ghosts","floor":21,"gold_loss":0},{"damage_healed":0,"gold_gain":0,"player_choice":"Obtained Relic","damage_taken":0,"relics_obtained":["Old Coin"],"max_hp_gain":0,"max_hp_loss":0,"event_name":"Addict","floor":25,"gold_loss":85},{"damage_healed":0,"gold_gain":0,"player_choice":"Joined the Cult","damage_taken":6,"max_hp_gain":0,"max_hp_loss":0,"event_name":"Nest","floor":28,"gold_loss":0,"cards_obtained":["RitualDagger"]}],"is_beta":false,"boss_relics":[{"not_picked":["WristBlade","Tiny House"],"picked":"Empty Cage"}],"items_purged_floors":[20,29],"is_endless":false,"potions_floor_spawned":[1,2,6,10,14,18,22,30,31],"killed_by":"Automaton","ascension_level":5}