{"gold_per_floor":[119,119,130,52,69,69,95,95,95,127,127,127,143,143,143,248,248,260,30,30,49,63,63],"floor_reached":23,"playtime":798,"items_purged":[],"score":294,"play_id":"05eb5b1d-58ee-4888-90aa-12d7242781a9","local_time":"20190712230011","is_ascension_mode":true,"campfire_choices":[{"data":"Hemokinesis","floor":6,"key":"SMITH"},{"data":"Perfected Strike","floor":8,"key":"SMITH"},{"data":"Inflame","floor":11,"key":"SMITH"},{"data":"Bash","floor":15,"key":"SMITH"}],"neow_cost":"NONE","seed_source_timestamp":961250726385300,"circlet_count":0,"master_deck":["Strike_R","Strike_R","Strike_R+1","Strike_R","Strike_R","Defend_R+1","Defend_R","Defend_R","Bash+1","Perfected Strike+1","Pommel Strike","Hemokinesis+1","Shrug It Off","Inflame+1","Shrug It Off+1","Battle Trance+1","Juggernaut","Shrug It Off+1","Shrug It Off","Thunderclap","Body Slam"],"relics":["Burning Blood","Vajra","Centennial Puzzle","PreservedInsect","Pear","Bottled Lightning","Black Star","War Paint"],"potions_floor_usage":[21,22,23],"damage_taken":[{"damage":6,"enemies":"Small Slimes","floor":1,"turns":4},{"damage":1,"enemies":"Cultist","floor":3,"turns":3},{"damage":2,"enemies":"2 Louse","floor":5,"turns":2},{"damage":24,"enemies":"Lagavulin","floor":7,"turns":5},{"damage":2,"enemies":"Gremlin Nob","floor":10,"turns":2},{"damage":5,"enemies":"Looter","floor":13,"turns":2},{"damage":19,"enemies":"Slime Boss","floor":16,"turns":8},{"damage":2,"enemies":"Spheric Guardian","floor":18,"turns":3},{"damage":22,"enemies":"2 Thieves","floor":21,"turns":5},{"damage":33,"enemies":"Centurion and Healer","floor":22,"turns":8},{"damage":48,"enemies":"Book of Stabbing","floor":23,"turns":5}],"seed_played":"6596884952988983341","potions_obtained":[{"floor":3,"key":"Swift Potion"},{"floor":10,"key":"Poison Potion"},{"floor":18,"key":"Block Potion"}],"is_trial":false,"path_per_floor":["M","?","M","$","M","R","E","R","T","E","R","?","M","?","R","B",null,"M","$","?","M","M","E"],"character_chosen":"IRONCLAD","items_purchased":["Hemokinesis","War Paint","Shrug It Off","Thunderclap"],"campfire_rested":0,"item_purchase_floors":[4,19,19,19],"current_hp_per_floor":[80,77,80,80,80,80,62,62,72,76,76,76,77,59,59,46,90,90,90,90,74,47,0],"gold":63,"neow_bonus":"RANDOM_COMMON_RELIC","is_prod":false,"is_daily":false,"chose_seed":false,"campfire_upgraded":4,"win_rate":0,"timestamp":1562968811,"path_taken":["M","?","M","$","M","R","E","R","T","E","R","?","?","?","R","BOSS","M","$","?","?","M","E"],"build_version":"2019-07-05","purchased_purges":0,"victory":false,"max_hp_per_floor":[80,80,80,80,80,80,80,80,90,90,90,90,90,90,90,90,90,90,90,90,90,90,90],"card_choices":[{"not_picked":["Twin Strike","Wild Strike"],"picked":"Perfected Strike","floor":1},{"not_picked":["Burning Pact","Second Wind"],"picked":"Pommel Strike","floor":3},{"not_picked":["Wild Strike","True Grit"],"picked":"Shrug It Off","floor":5},{"not_picked":["Wild Strike","Berserk"],"picked":"Inflame","floor":7},{"not_picked":["Clash","Body Slam"],"picked":"Shrug It Off","floor":10},{"not_picked":["Wild Strike","Iron Wave"],"picked":"Battle Trance","floor":13},{"not_picked":["Exhume","Berserk"],"picked":"Juggernaut","floor":16},{"not_picked":["Pommel Strike","Anger+1"],"picked":"Shrug It Off+1","floor":18},{"not_picked":["Wild Strike","Sentinel"],"picked":"Body Slam","floor":21},{"not_picked":["Body Slam","Exhume","Pommel Strike"],"picked":"SKIP","floor":22}],"player_experience":152202,"relics_obtained":[{"floor":7,"key":"PreservedInsect"},{"floor":9,"key":"Pear"},{"floor":10,"key":"Bottled Lightning"}],"event_choices":[{"damage_healed":0,"gold_gain":0,"player_choice":"Success","damage_taken":3,"relics_obtained":["Centennial Puzzle"],"max_hp_gain":0,"max_hp_loss":0,"event_name":"Scrap Ooze","floor":2,"gold_loss":0},{"cards_removed":["Defend_R"],"damage_healed":0,"gold_gain":0,"player_choice":"Offered Basic","damage_taken":0,"max_hp_gain":0,"max_hp_loss":0,"event_name":"Bonfire Elementals","floor":12,"gold_loss":0},{"damage_healed":0,"gold_gain":0,"player_choice":"Entered Light","damage_taken":18,"max_hp_gain":0,"max_hp_loss":0,"event_name":"Shining Light","floor":14,"gold_loss":0,"cards_upgraded":["Strike_R","Shrug It Off"]},{"damage_healed":0,"gold_gain":0,"player_choice":"Ignored","damage_taken":0,"max_hp_gain":0,"max_hp_loss":0,"event_name":"N\u0027loth","floor":20,"gold_loss":0}],"is_beta":false,"boss_relics":[{"not_picked":["Lizard Tail","Empty Cage"],"picked":"Black Star"}],"items_purged_floors":[],"is_endless":false,"potions_floor_spawned":[3,10,18],"killed_by":"Book of Stabbing","ascension_level":4}