{"gold_per_floor":[110,110,110,24,36,36,47,58,58,84,100,114,114,130,130,225,225,235,205,217,235,88,120,120,120],"floor_reached":25,"playtime":1241,"items_purged":["Strike_B"],"score":248,"play_id":"f270eb92-6737-4eea-b048-4baf973714ee","local_time":"20190613161843","is_ascension_mode":true,"campfire_choices":[{"data":"Defragment","floor":6,"key":"SMITH"},{"floor":15,"key":"REST"}],"neow_cost":"NONE","seed_source_timestamp":16524524511100,"circlet_count":0,"master_deck":["Strike_B","Strike_B","Strike_B","Defend_B","Defend_B+1","Defend_B","Zap","Dualcast","Stack","Turbo+1","Defragment+1","Go for the Eyes","Sweeping Beam","Defragment","Barrage","Conserve Battery","Cold Snap","Conserve Battery","Parasite","Ball Lightning","Buffer","Leap","Redo","Streamline+1","Undo","Chill+1","Pain"],"relics":["Cracked Core","DataDisk","Shuriken","Bronze Scales","Black Star","Toxic Egg 2","Potion Belt","WarpedTongs"],"potions_floor_usage":[19,23,23],"damage_taken":[{"damage":4,"enemies":"Jaw Worm","floor":1,"turns":4},{"damage":1,"enemies":"Small Slimes","floor":5,"turns":2},{"damage":0,"enemies":"Cultist","floor":7,"turns":3},{"damage":20,"enemies":"Lots of Slimes","floor":8,"turns":4},{"damage":34,"enemies":"Lagavulin","floor":10,"turns":8},{"damage":0,"enemies":"Large Slime","floor":11,"turns":4},{"damage":0,"enemies":"Gremlin Gang","floor":12,"turns":3},{"damage":7,"enemies":"Red Slaver","floor":14,"turns":3},{"damage":15,"enemies":"The Guardian","floor":16,"turns":9},{"damage":0,"enemies":"Spheric Guardian","floor":18,"turns":3},{"damage":0,"enemies":"Chosen","floor":20,"turns":5},{"damage":29,"enemies":"Snake Plant","floor":21,"turns":6},{"damage":44,"enemies":"Slavers","floor":23,"turns":5},{"damage":16,"enemies":"3 Cultists","floor":25,"turns":4}],"seed_played":"5030409887319988135","potions_obtained":[{"floor":1,"key":"SteroidPotion"},{"floor":11,"key":"LiquidBronze"},{"floor":19,"key":"Fruit Juice"},{"floor":19,"key":"SmokeBomb"},{"floor":20,"key":"LiquidBronze"}],"is_trial":false,"path_per_floor":["M","?","?","$","M","R","M","M","T","E","M","M","?","M","R","B",null,"M","?","M","M","$","E","?","M"],"character_chosen":"DEFECT","items_purchased":["Defragment","Go for the Eyes","Undo"],"campfire_rested":1,"item_purchase_floors":[4,4,22],"current_hp_per_floor":[71,56,56,56,55,55,55,35,35,1,1,1,19,12,34,19,75,75,80,80,51,51,7,7,0],"gold":120,"neow_bonus":"TRANSFORM_CARD","is_prod":false,"is_daily":false,"chose_seed":false,"campfire_upgraded":1,"win_rate":0,"timestamp":1560439123,"path_taken":["M","?","?","$","M","R","?","?","T","E","M","M","?","M","R","BOSS","M","?","M","?","?","E","?","?"],"build_version":"2019-01-23","purchased_purges":1,"victory":false,"max_hp_per_floor":[75,75,75,75,75,75,75,75,75,75,75,75,75,75,75,75,75,75,80,80,80,80,80,80,80],"card_choices":[{"not_picked":["Aggregate","Stack"],"picked":"Turbo","floor":1},{"not_picked":["Rebound","Stack"],"picked":"Sweeping Beam","floor":5},{"not_picked":["Go for the Eyes","Cold Snap"],"picked":"Defragment","floor":7},{"not_picked":["Tempest","Go for the Eyes"],"picked":"Barrage","floor":8},{"not_picked":["Rebound","Tempest"],"picked":"Conserve Battery","floor":10},{"not_picked":["Redo","Go for the Eyes"],"picked":"Cold Snap","floor":11},{"not_picked":["Coolheaded","Tempest"],"picked":"Conserve Battery","floor":12},{"not_picked":["Consume","Go for the Eyes"],"picked":"Ball Lightning","floor":14},{"not_picked":["Biased Cognition","Amplify"],"picked":"Buffer","floor":16},{"not_picked":["Ball Lightning","Rebound"],"picked":"Leap","floor":18},{"not_picked":["Stack","Gash"],"picked":"Redo","floor":20},{"not_picked":["Beam Cell","Capacitor"],"picked":"Streamline+1","floor":21},{"not_picked":["Undo","Darkness"],"picked":"Chill","floor":23}],"player_experience":94459,"relics_obtained":[{"floor":9,"key":"Shuriken"},{"floor":10,"key":"Bronze Scales"},{"floor":23,"key":"Toxic Egg 2"},{"floor":23,"key":"Potion Belt"}],"event_choices":[{"damage_healed":0,"gold_gain":0,"player_choice":"Entered Light","damage_taken":15,"max_hp_gain":0,"max_hp_loss":0,"event_name":"Shining Light","floor":2,"gold_loss":0,"cards_upgraded":["Turbo","Defend_B"]},{"damage_healed":0,"gold_gain":0,"player_choice":"Gave Potion","damage_taken":0,"relics_obtained":["DataDisk"],"max_hp_gain":0,"max_hp_loss":0,"event_name":"WeMeetAgain","floor":3,"gold_loss":0},{"damage_healed":18,"gold_gain":0,"player_choice":"Healed and dodged fight","damage_taken":0,"max_hp_gain":0,"max_hp_loss":0,"event_name":"Mushrooms","floor":13,"gold_loss":0,"cards_obtained":["Parasite"]},{"damage_healed":0,"gold_gain":0,"player_choice":"Bought 2 Potions","damage_taken":0,"max_hp_gain":0,"max_hp_loss":0,"event_name":"The Woman in Blue","floor":19,"gold_loss":0},{"damage_healed":0,"gold_gain":0,"player_choice":"Rummage","damage_taken":0,"relics_obtained":["WarpedTongs"],"max_hp_gain":0,"max_hp_loss":0,"event_name":"Accursed Blacksmith","floor":24,"gold_loss":0,"cards_obtained":["Pain"]}],"is_beta":false,"boss_relics":[{"not_picked":["Orrery","Inserter"],"picked":"Black Star"}],"items_purged_floors":[22],"is_endless":false,"potions_floor_spawned":[1,11,20],"killed_by":"3 Cultists","ascension_level":2}