{"gold_per_floor":[119,119,132,132,7,32,32,32,32,32,32,52,64,83,83,178,178,197,211,211,211,222,222,257,269,304,316,355,367,399,428,440,452],"floor_reached":33,"playtime":1783,"items_purged":[],"score":419,"play_id":"b9461abe-9dc2-417b-9936-533454ec5265","local_time":"20190730182841","is_ascension_mode":true,"campfire_choices":[{"data":"Bash","floor":8,"key":"SMITH"},{"data":"Anger","floor":15,"key":"SMITH"},{"data":"Battle Trance","floor":23,"key":"SMITH"},{"data":"Bludgeon","floor":25,"key":"SMITH"},{"floor":27,"key":"REST"},{"floor":32,"key":"REST"}],"neow_cost":"NONE","seed_source_timestamp":1046322158844300,"circlet_count":0,"master_deck":["Strike_R+1","Strike_R+1","Defend_R+1","Defend_R+1","Defend_R+1","Defend_R+1","Bash+1","Wild Strike","Battle Trance+1","Carnage+1","Spot Weakness","Clothesline","Anger+1","Bludgeon+1","Warcry+1","Double Tap+1","Shrug It Off+1","Sword Boomerang+1","Second Wind+1","Inflame+1","Cleave","Ghostly Armor+1"],"relics":["Burning Blood","Blood Vial","Toxic Egg 2","Singing Bowl","Dodecahedron","Runic Cube","MawBank","Vajra","Frozen Egg 2"],"potions_floor_usage":[6,12,22,24,31,33,33],"damage_taken":[{"damage":8,"enemies":"2 Louse","floor":1,"turns":4},{"damage":3,"enemies":"Jaw Worm","floor":3,"turns":4},{"damage":0,"enemies":"Gremlin Nob","floor":6,"turns":2},{"damage":0,"enemies":"Small Slimes","floor":12,"turns":2},{"damage":4,"enemies":"Blue Slaver","floor":13,"turns":3},{"damage":0,"enemies":"Exordium Thugs","floor":14,"turns":3},{"damage":46,"enemies":"Hexaghost","floor":16,"turns":6},{"damage":7,"enemies":"Chosen","floor":18,"turns":3},{"damage":0,"enemies":"Spheric Guardian","floor":19,"turns":3},{"damage":12,"enemies":"Snake Plant","floor":22,"turns":3},{"damage":26,"enemies":"Gremlin Leader","floor":24,"turns":6},{"damage":49,"enemies":"Slavers","floor":28,"turns":5},{"damage":21,"enemies":"Shelled Parasite and Fungi","floor":30,"turns":5},{"damage":22,"enemies":"Sentry and Sphere","floor":31,"turns":4},{"damage":72,"enemies":"Collector","floor":33,"turns":7}],"seed_played":"-5223041692352538931","potions_obtained":[{"floor":1,"key":"EssenceOfSteel"},{"floor":3,"key":"FearPotion"},{"floor":13,"key":"SpeedPotion"},{"floor":16,"key":"EssenceOfSteel"},{"floor":22,"key":"Strength Potion"},{"floor":30,"key":"AttackPotion"}],"is_trial":false,"path_per_floor":["M","?","M","?","$","E","?","R","T","$","T","M","M","M","R","B",null,"M","M","?","?","M","R","E","R","T","R","E","?","M","M","R","B"],"character_chosen":"IRONCLAD","items_purchased":["Spot Weakness","Block Potion"],"campfire_rested":2,"item_purchase_floors":[5,5],"current_hp_per_floor":[70,52,57,41,41,49,49,49,49,49,49,57,61,69,69,31,68,69,79,79,79,75,75,57,57,57,81,39,39,26,12,36,0],"gold":452,"neow_bonus":"TRANSFORM_CARD","is_prod":false,"is_daily":false,"chose_seed":false,"campfire_upgraded":4,"win_rate":0,"timestamp":1564507721,"path_taken":["M","?","M","?","$","E","?","R","T","$","?","M","M","M","R","BOSS","M","M","?","?","?","R","E","R","T","R","E","?","?","M","R","BOSS"],"build_version":"2019-07-17","purchased_purges":0,"victory":false,"max_hp_per_floor":[80,80,80,80,80,80,80,80,80,80,80,80,80,80,80,80,80,80,82,82,82,82,82,82,82,82,82,82,82,82,82,82,82],"card_choices":[{"not_picked":["Headbutt","Wild Strike"],"picked":"Battle Trance","floor":1},{"not_picked":["Sword Boomerang","True Grit"],"picked":"Carnage","floor":3},{"not_picked":["Dropkick","Havoc"],"picked":"Clothesline","floor":6},{"not_picked":["Shockwave+1","Flex+1"],"picked":"Anger","floor":12},{"not_picked":["Flex+1","Anger"],"picked":"Bludgeon","floor":13},{"not_picked":["Wild Strike","Perfected Strike"],"picked":"Warcry+1","floor":14},{"not_picked":["Berserk","Impervious+1"],"picked":"Double Tap+1","floor":16},{"not_picked":["Anger","Warcry+1"],"picked":"Shrug It Off+1","floor":18},{"not_picked":["Havoc+1","Sentinel+1","Rupture+1"],"picked":"Singing Bowl","floor":19},{"not_picked":["Headbutt+1","Body Slam"],"picked":"Sword Boomerang+1","floor":22},{"not_picked":["Brutality","Headbutt"],"picked":"Second Wind+1","floor":24},{"not_picked":["Thunderclap","Body Slam"],"picked":"Inflame","floor":28},{"not_picked":["Body Slam","Shrug It Off+1"],"picked":"Cleave","floor":30},{"not_picked":["Flex+1","Thunderclap+1"],"picked":"Ghostly Armor+1","floor":31}],"player_experience":219824,"relics_obtained":[{"floor":6,"key":"Toxic Egg 2"},{"floor":9,"key":"Singing Bowl"},{"floor":11,"key":"Dodecahedron"},{"floor":24,"key":"MawBank"},{"floor":26,"key":"Vajra"},{"floor":28,"key":"Frozen Egg 2"}],"event_choices":[{"damage_healed":0,"gold_gain":0,"player_choice":"Success","damage_taken":18,"relics_obtained":["Blood Vial"],"max_hp_gain":0,"max_hp_loss":0,"event_name":"Scrap Ooze","floor":2,"gold_loss":0},{"damage_healed":0,"gold_gain":0,"player_choice":"Entered Light","damage_taken":16,"max_hp_gain":0,"max_hp_loss":0,"event_name":"Shining Light","floor":4,"gold_loss":0,"cards_upgraded":["Carnage","Defend_R"]},{"damage_healed":0,"gold_gain":0,"player_choice":"Ignored","damage_taken":0,"max_hp_gain":0,"max_hp_loss":0,"event_name":"Liars Game","floor":7,"gold_loss":0},{"damage_healed":0,"gold_gain":0,"player_choice":"Simplicity","damage_taken":0,"max_hp_gain":0,"max_hp_loss":0,"event_name":"Back to Basics","floor":20,"gold_loss":0,"cards_upgraded":["Strike_R","Strike_R","Strike_R","Strike_R","Defend_R","Defend_R","Defend_R"]},{"cards_removed":["Strike_R"],"damage_healed":0,"gold_gain":0,"player_choice":"Offered Basic","damage_taken":0,"max_hp_gain":0,"max_hp_loss":0,"event_name":"Bonfire Elementals","floor":21,"gold_loss":0},{"cards_removed":["Strike_R"],"damage_healed":0,"gold_gain":0,"player_choice":"Purged","damage_taken":0,"max_hp_gain":0,"max_hp_loss":0,"event_name":"Purifier","floor":29,"gold_loss":0}],"is_beta":false,"boss_relics":[{"not_picked":["Coffee Dripper","Calling Bell"],"picked":"Runic Cube"}],"items_purged_floors":[],"is_endless":false,"potions_floor_spawned":[1,3,13,16,18,19,22,30],"killed_by":"Collector","ascension_level":7}