{"gold_per_floor":[109,129,84,33,33,66,79,97,178,242,8,20,49,68,68,169,169,189,204,119,133,144,144,144,144,144,22,42,75,87,103,103,103],"floor_reached":33,"playtime":3736,"items_purged":["Strike_B"],"score":425,"play_id":"b8c0c649-9fae-4119-be59-ee13b07c94fe","local_time":"20181019233606","is_ascension_mode":true,"campfire_choices":[{"data":"Fusion","floor":15,"key":"SMITH"},{"floor":23,"key":"REST"},{"data":"Barrage","floor":25,"key":"SMITH"},{"floor":32,"key":"REST"}],"neow_cost":"NONE","seed_source_timestamp":819191311190289,"circlet_count":0,"master_deck":["Strike_B+1","Strike_B","Strike_B","Defend_B+1","Defend_B","Defend_B","Defend_B","Zap","Dualcast","Self Repair","Ball Lightning","Cold Snap","Ball Lightning","Barrage","Redo","Chaos","Skim","Redo","FTL","Fusion+1","Barrage+1","Echo Form","Conserve Battery","Cold Snap","Rebound+1","Conserve Battery","Beam Cell","Defragment","Tempest+1","White Noise"],"special_seed":0,"relics":["Cracked Core","Du-Vu Doll","Question Card","Boot","Lee\u0027s Waffle","Pear","Inserter","Shuriken","Torii","Smiling Mask"],"potions_floor_usage":[8,13,13,18,33,33],"damage_taken":[{"damage":0,"enemies":"Cultist","floor":1,"turns":3},{"damage":6,"enemies":"Jaw Worm","floor":2,"turns":5},{"damage":8,"enemies":"Gremlin Nob","floor":6,"turns":3},{"damage":3,"enemies":"Small Slimes","floor":7,"turns":2},{"damage":2,"enemies":"Looter","floor":8,"turns":3},{"damage":23,"enemies":"Gremlin Nob","floor":10,"turns":4},{"damage":9,"enemies":"2 Fungi Beasts","floor":12,"turns":3},{"damage":15,"enemies":"Lagavulin","floor":13,"turns":4},{"damage":1,"enemies":"3 Louse","floor":14,"turns":3},{"damage":12,"enemies":"Slime Boss","floor":16,"turns":7},{"damage":12,"enemies":"Shell Parasite","floor":18,"turns":4},{"damage":19,"enemies":"3 Byrds","floor":19,"turns":5},{"damage":38,"enemies":"Sentry and Sphere","floor":21,"turns":6},{"damage":14,"enemies":"3 Cultists","floor":22,"turns":5},{"damage":10,"enemies":"Centurion and Healer","floor":28,"turns":7},{"damage":28,"enemies":"Book of Stabbing","floor":29,"turns":6},{"damage":9,"enemies":"Chosen and Byrds","floor":30,"turns":5},{"damage":22,"enemies":"Sentry and Sphere","floor":31,"turns":5},{"damage":50,"enemies":"Collector","floor":33,"turns":5}],"seed_played":"1722616222722452048","potions_obtained":[{"floor":1,"key":"EssenceOfSteel"},{"floor":2,"key":"Fire Potion"},{"floor":7,"key":"SkillPotion"},{"floor":13,"key":"SpeedPotion"},{"floor":18,"key":"SteroidPotion"},{"floor":28,"key":"GamblersBrew"}],"is_trial":false,"path_per_floor":["M","M","$","$","?","E","M","M","T","?","$","M","E","M","R","B",null,"M","M","?","M","M","R","?","R","T","$","M","E","M","M","R"],"character_chosen":"DEFECT","items_purchased":["Cold Snap","Ball Lightning","Redo","Lee\u0027s Waffle","Beam Cell"],"campfire_rested":2,"item_purchase_floors":[3,4,11,11,27],"current_hp_per_floor":[75,75,75,75,60,59,63,68,68,52,82,73,75,81,81,76,92,87,75,75,44,37,64,64,64,64,64,61,33,31,16,43,0],"gold":103,"neow_bonus":"ONE_RANDOM_RARE_CARD","is_prod":false,"is_daily":false,"chose_seed":false,"campfire_upgraded":2,"win_rate":0,"timestamp":1540017366,"path_taken":["M","?","?","$","?","E","M","M","T","?","$","M","E","M","R","BOSS","M","M","?","?","M","R","?","R","T","$","M","E","?","M","R","BOSS"],"build_version":"2018-10-18","purchased_purges":1,"victory":false,"max_hp_per_floor":[75,75,75,75,75,75,75,75,75,75,82,82,92,92,92,92,92,92,92,92,92,92,92,92,92,92,92,92,92,92,92,92,92],"card_choices":[{"not_picked":["Sunder","Go for the Eyes"],"picked":"Self Repair","floor":1},{"not_picked":["Lockon","Turbo"],"picked":"Ball Lightning","floor":2},{"not_picked":["Steam","Reinforced Body"],"picked":"Barrage","floor":6},{"not_picked":["Double Energy","Barrage"],"picked":"Redo","floor":7},{"not_picked":["Turbo","Genetic Algorithm"],"picked":"Chaos","floor":8},{"not_picked":["Recycle","Genetic Algorithm","Blizzard"],"picked":"Skim","floor":10},{"not_picked":["Compile Driver","Rebound","Scrape"],"picked":"FTL","floor":12},{"not_picked":["Beam Cell","Darkness","Rebound"],"picked":"Fusion","floor":13},{"not_picked":["Fusion","Hologram","Turbo"],"picked":"Barrage","floor":14},{"not_picked":["Reboot","Thunder Strike","Core Surge"],"picked":"Echo Form","floor":16},{"not_picked":["Stack","Rebound","Reprogram"],"picked":"Conserve Battery","floor":18},{"not_picked":["Go for the Eyes","Redo","Darkness"],"picked":"Cold Snap","floor":19},{"not_picked":["Doom and Gloom","Rip and Tear","Ball Lightning"],"picked":"Rebound+1","floor":21},{"not_picked":["Heatsinks","Cold Snap","FTL"],"picked":"Conserve Battery","floor":22},{"not_picked":["Compile Driver","Rebound","Leap"],"picked":"Defragment","floor":28},{"not_picked":["Core Surge","Meteor Strike","Turbo+1"],"picked":"Tempest+1","floor":29},{"not_picked":["Skim","Doom and Gloom","Capacitor","Coolheaded"],"picked":"SKIP","floor":30},{"not_picked":["Leap","Sweeping Beam","Conserve Battery"],"picked":"White Noise","floor":31}],"player_experience":140979,"relics_obtained":[{"floor":6,"key":"Du-Vu Doll"},{"floor":9,"key":"Question Card"},{"floor":10,"key":"Boot"},{"floor":13,"key":"Pear"},{"floor":26,"key":"Torii"},{"floor":29,"key":"Smiling Mask"}],"event_choices":[{"damage_healed":0,"gold_gain":0,"player_choice":"Entered Light","damage_taken":15,"max_hp_gain":0,"max_hp_loss":0,"event_name":"Shining Light","floor":5,"gold_loss":0,"cards_upgraded":["Defend_B","Strike_B"]},{"damage_healed":0,"gold_gain":0,"player_choice":"Searched \u00271\u0027 times","damage_taken":0,"max_hp_gain":0,"max_hp_loss":0,"event_name":"Dead Adventurer","floor":10,"gold_loss":0},{"damage_healed":0,"gold_gain":0,"player_choice":"Obtained Relic","damage_taken":0,"relics_obtained":["Shuriken"],"max_hp_gain":0,"max_hp_loss":0,"event_name":"Addict","floor":20,"gold_loss":85},{"cards_removed":["Biased Cognition"],"damage_healed":0,"gold_gain":0,"player_choice":"Elegance","damage_taken":0,"max_hp_gain":0,"max_hp_loss":0,"event_name":"Back to Basics","floor":24,"gold_loss":0}],"is_beta":false,"boss_relics":[{"not_picked":["Snecko Eye","Cursed Key"],"picked":"Inserter"}],"items_purged_floors":[27],"is_endless":false,"potions_floor_spawned":[1,2,7,13,18,28],"killed_by":"Collector","ascension_level":1}