{"gold_per_floor":[111,111,111,111,131,166,166,116,187,29,65,86,86,107,107,236,236,251,251,176,15,29,62,62,98,98,442,567,230,268,291,291,417,417,440,440,440,467,377,377,413,413,440,459,497,3,3,28,28,28],"floor_reached":51,"playtime":3164,"items_purged":["Strike_G","Bouncing Flask","Strike_G"],"score":1003,"play_id":"52d7d558-5265-4020-ae07-eaf8739f1e79","local_time":"20190601131745","is_ascension_mode":true,"campfire_choices":[{"data":"Backstab","floor":7.0,"key":"SMITH"},{"data":"Neutralize","floor":13.0,"key":"SMITH"},{"floor":15.0,"key":"REST"},{"data":"A Thousand Cuts","floor":24.0,"key":"SMITH"},{"floor":32.0,"key":"REST"},{"data":"Accuracy","floor":40.0,"key":"SMITH"},{"data":"Adrenaline","floor":42.0,"key":"SMITH"},{"floor":49,"key":"REST"}],"neow_cost":"NONE","seed_source_timestamp":0,"circlet_count":0,"master_deck":["Defend_G","Defend_G","Defend_G","Defend_G+1","Defend_G+1","Strike_G","Strike_G+1","Strike_G","Survivor+1","Neutralize+1","Corpse Explosion","Backstab+1","Choke","Accuracy+1","Flying Knee","Slice","Wraith Form v2","Unload+1","Adrenaline+1","A Thousand Cuts+1","Backflip","Leg Sweep","Infinite Blades+1","Unload","Blade Dance+1","Cloak And Dagger+1","Bullet Time+1","Transmutation+1","Calculated Gamble+1","Finesse+1"],"special_seed":0,"relics":["Ring of the Snake","Ninja Scroll","Golden Idol","Bag of Marbles","Smiling Mask","Shuriken","Anchor","Black Star","Pantograph","Regal Pillow","War Paint","Vajra","Tough Bandages","WingedGreaves","Old Coin","Peace Pipe","Toxic Egg 2","Bag of Preparation","Incense Burner","Art of War","Philosopher\u0027s Stone","PreservedInsect","Letter Opener","Bronze Scales","Oddly Smooth Stone","MawBank","Boot","Strange Spoon","Whetstone"],"potions_floor_usage":[50,50],"damage_taken":[{"damage":1.0,"enemies":"Jaw Worm","floor":1.0,"turns":7.0},{"damage":0.0,"enemies":"Small Slimes","floor":5.0,"turns":1.0},{"damage":3.0,"enemies":"3 Sentries","floor":6.0,"turns":2.0},{"damage":3.0,"enemies":"Lagavulin","floor":11.0,"turns":5.0},{"damage":0.0,"enemies":"2 Louse","floor":12.0,"turns":1.0},{"damage":0.0,"enemies":"Large Slime","floor":14.0,"turns":1.0},{"damage":41.0,"enemies":"The Guardian","floor":16.0,"turns":8.0},{"damage":0.0,"enemies":"2 Thieves","floor":18.0,"turns":1.0},{"damage":0.0,"enemies":"Spheric Guardian","floor":22.0,"turns":3.0},{"damage":0.0,"enemies":"Slavers","floor":23.0,"turns":1.0},{"damage":5.0,"enemies":"Book of Stabbing","floor":25.0,"turns":5.0},{"damage":0.0,"enemies":"Gremlin Leader","floor":27.0,"turns":6.0},{"damage":0.0,"enemies":"Colosseum Slavers","floor":28.0,"turns":1.0},{"damage":2.0,"enemies":"Colosseum Nobs","floor":28.0,"turns":5.0},{"damage":14.0,"enemies":"Book of Stabbing","floor":30.0,"turns":5.0},{"damage":0.0,"enemies":"Cultist and Chosen","floor":31.0,"turns":2.0},{"damage":57.0,"enemies":"Automaton","floor":33.0,"turns":6.0},{"damage":0.0,"enemies":"Orb Walker","floor":35.0,"turns":1.0},{"damage":0.0,"enemies":"Giant Head","floor":41.0,"turns":4.0},{"damage":0.0,"enemies":"3 Shapes","floor":44.0,"turns":1.0},{"damage":13,"enemies":"Nemesis","floor":45,"turns":4},{"damage":0,"enemies":"Sphere and 2 Shapes","floor":48,"turns":3},{"damage":40,"enemies":"Donu and Deca","floor":50,"turns":7}],"seed_played":"5807174994669579838","potions_obtained":[{"floor":6.0,"key":"LiquidBronze"},{"floor":12.0,"key":"SpeedPotion"},{"floor":14.0,"key":"Poison Potion"},{"floor":25.0,"key":"SkillPotion"},{"floor":27.0,"key":"Block Potion"},{"floor":28.0,"key":"Regen Potion"},{"floor":30.0,"key":"SkillPotion"},{"floor":33.0,"key":"Block Potion"},{"floor":35.0,"key":"Fire Potion"},{"floor":44,"key":"Block Potion"},{"floor":48,"key":"GhostInAJar"}],"is_trial":false,"path_per_floor":["M","?","?","?","M","E","R","?","T","$","E","M","R","M","R","B",null,"M","?","?","$","M","E","R","E","T","E","?","$","E","M","R","B",null,"M","?","?","T","?","R","E","R","T","M","E","$","?","M","R","B",null],"character_chosen":"THE_SILENT","items_purchased":["Heel Hook","Accuracy","Adrenaline","Unload","Bag of Preparation","Strange Spoon","Whetstone","Finesse+1"],"campfire_rested":3,"item_purchase_floors":[10,10,21,29,29,46,46,46],"current_hp_per_floor":[69,69,65,47,47,44,44,44,44,44,41,41,41,41,60,19,65,65,65,65,65,65,65,65,60,60,60,58,58,44,44,65,8,65,65,62,62,62,62,62,62,62,62,62,49,49,49,49,62,22],"gold":28,"neow_bonus":"ONE_RANDOM_RARE_CARD","is_prod":false,"is_daily":false,"chose_seed":false,"campfire_upgraded":5,"win_rate":0,"timestamp":1559391465,"path_taken":["M","?","?","?","M","E","R","?","T","$","E","M","R","?","R","BOSS","M","?","?","$","M","E","R","E","T","E","?","$","E","M","R","BOSS","M","?","?","?","?","R","E","R","T","?","E","$","?","M","R","BOSS"],"build_version":"2019-01-23","purchased_purges":3,"victory":true,"max_hp_per_floor":[70,70,65,65,65,65,65,65,65,65,65,65,65,65,65,65,65,65,65,65,65,65,65,65,65,65,65,65,65,65,65,65,65,65,65,62,62,62,62,62,62,62,62,62,62,62,62,62,62,62],"card_choices":[{"not_picked":["Prepared","PiercingWail"],"picked":"Backstab","floor":1.0},{"not_picked":["Quick Slash","Noxious Fumes"],"picked":"Backflip","floor":5.0},{"not_picked":["Riddle With Holes","Deadly Poison"],"picked":"Choke","floor":6.0},{"not_picked":["Masterful Stab","Deadly Poison"],"picked":"Flying Knee","floor":11.0},{"not_picked":["Bane","Choke"],"picked":"Slice","floor":12.0},{"not_picked":["Heel Hook","Underhanded Strike"],"picked":"Wraith Form v2","floor":14.0},{"not_picked":["Malaise","Tools of the Trade"],"picked":"Unload","floor":16.0},{"not_picked":["Dodge and Roll","Underhanded Strike"],"picked":"Bouncing Flask","floor":18.0},{"not_picked":["Bane+1","Underhanded Strike"],"picked":"Acrobatics","floor":22.0},{"not_picked":["Eviscerate+1","Venomology"],"picked":"A Thousand Cuts","floor":23.0},{"not_picked":["Quick Slash","Sucker Punch"],"picked":"Backflip","floor":25.0},{"not_picked":["Accuracy+1","Eviscerate"],"picked":"Leg Sweep","floor":27.0},{"not_picked":["Deflect+1","Deadly Poison"],"picked":"Infinite Blades+1","floor":28.0},{"not_picked":["Choke","Flying Knee+1"],"picked":"Blade Dance+1","floor":30.0},{"not_picked":["Underhanded Strike","Adrenaline+1"],"picked":"Cloak And Dagger+1","floor":31.0},{"not_picked":["Glass Knife","Doppelganger+1"],"picked":"Bullet Time+1","floor":33.0},{"not_picked":["Outmaneuver+1","Acrobatics+1","Dodge and Roll+1"],"picked":"SKIP","floor":35.0},{"not_picked":["Mayhem","Deep Breath+1"],"picked":"Transmutation+1","floor":37.0},{"not_picked":["Caltrops","Bane+1"],"picked":"Calculated Gamble+1","floor":41.0},{"not_picked":["Infinite Blades+1","Bane+1","Dodge and Roll+1"],"picked":"SKIP","floor":44},{"not_picked":["Bane","Calculated Gamble+1","Deadly Poison+1"],"picked":"SKIP","floor":45},{"not_picked":["Quick Slash","Acrobatics+1","Deflect+1"],"picked":"SKIP","floor":48}],"player_experience":43060,"relics_obtained":[{"floor":6.0,"key":"Smiling Mask"},{"floor":9.0,"key":"Shuriken"},{"floor":11.0,"key":"Anchor"},{"floor":23.0,"key":"Pantograph"},{"floor":23.0,"key":"Regal Pillow"},{"floor":25.0,"key":"War Paint"},{"floor":25.0,"key":"Vajra"},{"floor":26.0,"key":"Tough Bandages"},{"floor":27.0,"key":"WingedGreaves"},{"floor":27.0,"key":"Old Coin"},{"floor":28.0,"key":"Peace Pipe"},{"floor":28.0,"key":"Toxic Egg 2"},{"floor":30.0,"key":"Incense Burner"},{"floor":30.0,"key":"Art of War"},{"floor":38.0,"key":"PreservedInsect"},{"floor":41.0,"key":"Letter Opener"},{"floor":41.0,"key":"Bronze Scales"},{"floor":43.0,"key":"Oddly Smooth Stone"},{"floor":45,"key":"MawBank"},{"floor":45,"key":"Boot"}],"event_choices":[{"damage_healed":0.0,"max_hp_gain":0.0,"max_hp_loss":0.0,"gold_gain":0.0,"event_name":"Big Fish","player_choice":"Box","floor":2.0,"gold_loss":0.0,"damage_taken":0.0,"relics_obtained":["Ninja Scroll"],"cards_obtained":["Regret"]},{"damage_healed":0.0,"max_hp_gain":0.0,"max_hp_loss":5.0,"gold_gain":0.0,"event_name":"Golden Idol","player_choice":"Lose Max HP","floor":3.0,"gold_loss":0.0,"damage_taken":0.0,"relics_obtained":["Golden Idol"]},{"damage_healed":0.0,"max_hp_gain":0.0,"max_hp_loss":0.0,"gold_gain":0.0,"event_name":"Scrap Ooze","player_choice":"Success","floor":4.0,"gold_loss":0.0,"damage_taken":18.0,"relics_obtained":["Bag of Marbles"]},{"cards_removed":["Regret"],"damage_healed":0.0,"max_hp_gain":0.0,"max_hp_loss":0.0,"gold_gain":0.0,"event_name":"The Cleric","player_choice":"Card Removal","floor":8.0,"gold_loss":50.0,"damage_taken":0.0},{"damage_healed":0.0,"max_hp_gain":0.0,"max_hp_loss":0.0,"gold_gain":0.0,"event_name":"Ghosts","player_choice":"Ignored","floor":19.0,"gold_loss":0.0,"damage_taken":0.0},{"cards_removed":["Heel Hook"],"damage_healed":0.0,"max_hp_gain":0.0,"max_hp_loss":0.0,"gold_gain":0.0,"event_name":"Beggar","player_choice":"Gave Gold","floor":20.0,"gold_loss":75.0,"damage_taken":0.0},{"damage_healed":0.0,"max_hp_gain":0.0,"max_hp_loss":0.0,"gold_gain":0.0,"event_name":"Colosseum","player_choice":"Fight","floor":28.0,"gold_loss":0.0,"damage_taken":0.0},{"damage_healed":0.0,"max_hp_gain":0.0,"max_hp_loss":0.0,"gold_gain":0.0,"event_name":"Colosseum","player_choice":"Fought Nobs","floor":28.0,"gold_loss":0.0,"damage_taken":0.0},{"damage_healed":0.0,"max_hp_gain":0.0,"max_hp_loss":3.0,"gold_gain":0.0,"event_name":"Winding Halls","player_choice":"Max HP","floor":36.0,"gold_loss":0.0,"damage_taken":0.0},{"damage_healed":0.0,"max_hp_gain":0.0,"max_hp_loss":0.0,"gold_gain":0.0,"event_name":"SensoryStone","player_choice":"Memory 1","floor":37.0,"gold_loss":0.0,"damage_taken":0.0},{"cards_removed":["Acrobatics"],"damage_healed":0.0,"max_hp_gain":0.0,"max_hp_loss":0.0,"gold_gain":0.0,"event_name":"Designer","player_choice":"Upgrade and Remove","floor":39.0,"gold_loss":90.0,"damage_taken":0.0,"cards_upgraded":["Defend_G"]},{"cards_removed":["Backflip"],"damage_healed":0,"gold_gain":0,"player_choice":"Removed Skill","damage_taken":0,"max_hp_gain":0,"max_hp_loss":0,"event_name":"Falling","floor":47,"gold_loss":0}],"is_beta":false,"boss_relics":[{"not_picked":["Velvet Choker","Astrolabe"],"picked":"Black Star"},{"not_picked":["Eternal Feather","Cursed Key"],"picked":"Philosopher\u0027s Stone"}],"items_purged_floors":[10,29,46],"is_endless":false,"potions_floor_spawned":[6,12,14,25,27,28,30,33,35,44,48],"ascension_level":1}