{"gold_per_floor":[119,119,191,9,23,59,59,103,103,278,278,278,292,367,367,367],"floor_reached":16,"playtime":575,"items_purged":[],"score":127,"play_id":"825e4c84-15ec-4bac-b1c0-ceff5c9005af","local_time":"20190706132439","is_ascension_mode":true,"campfire_choices":[{"data":"Neutralize","floor":7,"key":"SMITH"},{"floor":12,"key":"REST"},{"floor":15,"key":"REST"}],"neow_cost":"NONE","seed_source_timestamp":408536404299500,"circlet_count":0,"master_deck":["Strike_G","Strike_G","Strike_G","Strike_G","Strike_G","Defend_G","Defend_G","Defend_G","Defend_G","Defend_G","Survivor","Neutralize+1","Predator","Cloak And Dagger","Backflip","PiercingWail","Adrenaline","Footwork"],"relics":["Ring of the Snake","Golden Idol","Anchor","Gremlin Horn","Ginger","Blood Vial"],"potions_floor_usage":[6,6,16],"damage_taken":[{"damage":1,"enemies":"2 Louse","floor":1,"turns":4},{"damage":3,"enemies":"Small Slimes","floor":5,"turns":3},{"damage":37,"enemies":"Lagavulin","floor":6,"turns":6},{"damage":24,"enemies":"3 Sentries","floor":8,"turns":11},{"damage":0,"enemies":"Jaw Worm","floor":13,"turns":5},{"damage":47,"enemies":"The Guardian","floor":16,"turns":12}],"seed_played":"-5604017210940727677","potions_obtained":[{"floor":1,"key":"Strength Potion"},{"floor":5,"key":"Regen Potion"},{"floor":13,"key":"Weak Potion"}],"is_trial":false,"path_per_floor":["M","?","?","$","M","E","R","E","T","?","?","R","M","?","R","B"],"character_chosen":"THE_SILENT","items_purchased":["Anchor","Cloak And Dagger"],"campfire_rested":2,"item_purchase_floors":[4,4],"current_hp_per_floor":[76,71,71,71,68,43,43,19,19,19,19,40,42,31,52,7],"gold":367,"neow_bonus":"TEN_PERCENT_HP_BONUS","is_prod":false,"is_daily":false,"chose_seed":false,"campfire_upgraded":1,"win_rate":0,"timestamp":1562415879,"path_taken":["M","?","?","$","M","E","R","E","T","?","?","R","M","?","R","BOSS"],"build_version":"2019-07-05","purchased_purges":0,"victory":false,"max_hp_per_floor":[77,71,71,71,71,71,71,71,71,71,71,71,71,71,71,71],"card_choices":[{"not_picked":["Leg Sweep","Acrobatics"],"picked":"Predator","floor":1},{"not_picked":["Reflex","Deflect"],"picked":"Backflip","floor":5},{"not_picked":["Dagger Throw","Deadly Poison"],"picked":"PiercingWail","floor":6},{"not_picked":["Sucker Punch","Calculated Gamble"],"picked":"Adrenaline","floor":8},{"not_picked":["Catalyst","Underhanded Strike"],"picked":"Footwork","floor":13}],"player_experience":123083,"relics_obtained":[{"floor":6,"key":"Gremlin Horn"},{"floor":8,"key":"Ginger"},{"floor":9,"key":"Blood Vial"}],"event_choices":[{"damage_healed":0,"gold_gain":0,"player_choice":"Lose Max HP","damage_taken":0,"relics_obtained":["Golden Idol"],"max_hp_gain":0,"max_hp_loss":6,"event_name":"Golden Idol","floor":2,"gold_loss":0},{"damage_healed":0,"gold_gain":72,"player_choice":"Gained Gold","damage_taken":0,"max_hp_gain":0,"max_hp_loss":0,"event_name":"Golden Wing","floor":3,"gold_loss":0},{"damage_healed":0,"gold_gain":175,"player_choice":"AGREE","damage_taken":0,"max_hp_gain":0,"max_hp_loss":0,"event_name":"Liars Game","floor":10,"gold_loss":0,"cards_obtained":["Doubt"]},{"cards_removed":["Doubt"],"damage_healed":0,"gold_gain":0,"player_choice":"Forget","damage_taken":0,"max_hp_gain":0,"max_hp_loss":0,"event_name":"Living Wall","floor":11,"gold_loss":0},{"damage_healed":0,"gold_gain":75,"player_choice":"Gather Gold","damage_taken":11,"max_hp_gain":0,"max_hp_loss":0,"event_name":"World of Goop","floor":14,"gold_loss":0}],"is_beta":false,"boss_relics":[],"items_purged_floors":[],"is_endless":false,"potions_floor_spawned":[1,5,13],"killed_by":"The Guardian","ascension_level":4}