{"gold_per_floor":[218,218,234,136,149,149,181,181,181,198,224,224,278,378,378,378],"floor_reached":16,"playtime":1986,"items_purged":["Strike_R"],"score":124,"play_id":"599099ad-5b4d-466a-ab7d-084d7ef36749","local_time":"20181122213349","is_ascension_mode":true,"campfire_choices":[{"data":"Armaments","floor":6,"key":"SMITH"},{"floor":8,"key":"REST"},{"floor":15,"key":"REST"}],"neow_cost":"NONE","seed_source_timestamp":106925452197858,"circlet_count":0,"master_deck":["Strike_R","Strike_R","Strike_R","Strike_R","Defend_R","Defend_R","Defend_R","Defend_R","Bash+1","Shockwave","Armaments+1","Whirlwind","Flame Barrier"],"relics":["Burning Blood","Mummified Hand","Toxic Egg 2","Juzu Bracelet","CultistMask","Anchor"],"potions_floor_usage":[10,10,16],"damage_taken":[{"damage":2,"enemies":"Small Slimes","floor":1,"turns":5},{"damage":6,"enemies":"Cultist","floor":3,"turns":3},{"damage":13,"enemies":"2 Louse","floor":5,"turns":3},{"damage":42,"enemies":"3 Sentries","floor":7,"turns":8},{"damage":30,"enemies":"Exordium Thugs","floor":10,"turns":6},{"damage":24,"enemies":"Gremlin Nob","floor":11,"turns":4},{"damage":52,"enemies":"Hexaghost","floor":16,"turns":12}],"seed_played":"8733716889567282307","potions_obtained":[{"floor":5,"key":"Dexterity Potion"},{"floor":10,"key":"Fruit Juice"},{"floor":11,"key":"EssenceOfSteel"}],"is_trial":false,"path_per_floor":["M","?","M","$","M","R","E","R","T","M","E","?","T","?","R","B"],"character_chosen":"IRONCLAD","items_purchased":["Armaments"],"campfire_rested":2,"item_purchase_floors":[4],"current_hp_per_floor":[80,80,80,80,73,73,37,61,61,42,24,24,24,24,49,0],"gold":378,"neow_bonus":"HUNDRED_GOLD","is_prod":false,"is_daily":false,"chose_seed":false,"campfire_upgraded":1,"win_rate":0,"timestamp":1542951229,"path_taken":["M","?","M","$","M","R","E","R","T","M","E","?","?","?","R","BOSS"],"build_version":"2018-11-15","purchased_purges":1,"victory":false,"max_hp_per_floor":[80,80,80,80,80,80,80,80,80,85,85,85,85,85,85,85],"card_choices":[{"not_picked":["Havoc","Warcry","Cleave"],"picked":"SKIP","floor":1},{"not_picked":["Rage","Sword Boomerang"],"picked":"Shockwave","floor":3},{"not_picked":["Sentinel","Hemokinesis"],"picked":"Whirlwind","floor":5},{"not_picked":["Rage","Double Tap"],"picked":"Flame Barrier","floor":7},{"not_picked":["Clash","Whirlwind","Wild Strike"],"picked":"SKIP","floor":10},{"not_picked":["Warcry+1","Blood for Blood","Clash"],"picked":"SKIP","floor":11}],"player_experience":210368,"relics_obtained":[{"floor":7,"key":"Mummified Hand"},{"floor":9,"key":"Toxic Egg 2"},{"floor":11,"key":"Juzu Bracelet"},{"floor":13,"key":"Anchor"}],"event_choices":[{"damage_healed":0,"gold_gain":0,"player_choice":"Upgraded","damage_taken":0,"max_hp_gain":0,"max_hp_loss":0,"event_name":"Upgrade Shrine","floor":2,"gold_loss":0,"cards_upgraded":["Bash"]},{"damage_healed":0,"gold_gain":0,"player_choice":"Trade","damage_taken":0,"relics_obtained":["CultistMask"],"max_hp_gain":0,"max_hp_loss":0,"event_name":"FaceTrader","floor":12,"gold_loss":0},{"damage_healed":0,"gold_gain":100,"player_choice":"Pray","damage_taken":0,"max_hp_gain":0,"max_hp_loss":0,"event_name":"Golden Shrine","floor":14,"gold_loss":0}],"is_beta":false,"boss_relics":[],"items_purged_floors":[4],"is_endless":false,"potions_floor_spawned":[5,10,11],"killed_by":"Hexaghost","ascension_level":3}