{"gold_per_floor":[118,34,51,51,51,51,87,105,130,130,130,150,170,170,170,301,301,325,325,345,345,363,398,398,412,412,412],"floor_reached":27,"playtime":7698,"items_purged":[],"score":233,"play_id":"3258ccf3-bf27-4edf-8a39-74af0ff417e0","local_time":"20190528193240","is_ascension_mode":false,"campfire_choices":[{"data":"Bouncing Flask","floor":6,"key":"SMITH"},{"floor":11,"key":"REST"},{"floor":15,"key":"REST"},{"floor":24,"key":"REST"}],"neow_cost":"NONE","seed_source_timestamp":979738944322000,"circlet_count":0,"master_deck":["Defend_G","Defend_G","Defend_G","Defend_G","Defend_G","Strike_G","Strike_G","Strike_G","Strike_G","Strike_G+1","Survivor","Neutralize","Bouncing Flask+1","Predator+1","Blade Dance","Leg Sweep","Deadly Poison","Outmaneuver","Deflect","Infinite Blades+1","Night Terror","Deflect+1","Tactician","Bouncing Flask+1","Bouncing Flask+1","Finisher","Distraction+1","Regret"],"relics":["Ring of the Snake","Golden Idol","Strawberry","Lantern","Oddly Smooth Stone","Cursed Key","CultistMask","Question Card","Ginger"],"potions_floor_usage":[23],"damage_taken":[{"damage":8,"enemies":"Jaw Worm","floor":1,"turns":5},{"damage":0,"enemies":"2 Louse","floor":3,"turns":2},{"damage":28,"enemies":"Gremlin Nob","floor":7,"turns":4},{"damage":0,"enemies":"Cultist","floor":8,"turns":3},{"damage":0,"enemies":"2 Fungi Beasts","floor":12,"turns":2},{"damage":9,"enemies":"Blue Slaver","floor":13,"turns":4},{"damage":13,"enemies":"The Guardian","floor":16,"turns":10},{"damage":0,"enemies":"Spheric Guardian","floor":18,"turns":2},{"damage":30,"enemies":"Chosen","floor":20,"turns":5},{"damage":30,"enemies":"Centurion and Healer","floor":22,"turns":7},{"damage":10,"enemies":"Book of Stabbing","floor":23,"turns":6},{"damage":3,"enemies":"Snake Plant","floor":25,"turns":4},{"damage":39,"enemies":"Slavers","floor":27,"turns":4}],"seed_played":"5288906894525176033","potions_obtained":[{"floor":8,"key":"SteroidPotion"},{"floor":12,"key":"Strength Potion"},{"floor":18,"key":"Poison Potion"},{"floor":22,"key":"SneckoOil"}],"is_trial":false,"path_per_floor":["M","$","M","?","?","R","E","M","T","?","R","M","M","?","R","B",null,"M","?","M","?","M","E","R","M","T","E"],"character_chosen":"THE_SILENT","items_purchased":["Predator","Blade Dance"],"campfire_rested":3,"item_purchase_floors":[2,2],"current_hp_per_floor":[69,69,69,69,69,69,41,41,41,25,48,48,39,39,62,49,78,78,78,48,48,18,8,31,28,28,0],"gold":412,"neow_bonus":"TEN_PERCENT_HP_BONUS","is_prod":false,"is_daily":false,"chose_seed":false,"campfire_upgraded":1,"win_rate":0.0,"timestamp":1559068360,"path_taken":["M","$","M","?","?","R","E","?","T","?","R","M","M","?","R","BOSS","M","?","M","?","M","E","R","?","T","E"],"build_version":"2019-01-23","purchased_purges":0,"victory":false,"max_hp_per_floor":[77,77,77,71,78,78,78,78,78,78,78,78,78,78,78,78,78,78,78,78,78,78,78,78,78,78,78],"card_choices":[{"not_picked":["Blade Dance","Deflect"],"picked":"Bouncing Flask","floor":1},{"not_picked":["Calculated Gamble","Quick Slash"],"picked":"Leg Sweep","floor":3},{"not_picked":["Quick Slash","Acrobatics"],"picked":"Deadly Poison","floor":7},{"not_picked":["Deflect","Acrobatics"],"picked":"Outmaneuver","floor":8},{"not_picked":["Deadly Poison","Footwork"],"picked":"Deflect","floor":12},{"not_picked":["Predator","PiercingWail"],"picked":"Infinite Blades","floor":13},{"not_picked":["Die Die Die","Unload"],"picked":"Night Terror","floor":16},{"not_picked":["Deadly Poison","Terror"],"picked":"Deflect+1","floor":18},{"not_picked":["Flying Knee+1","Quick Slash"],"picked":"Bouncing Flask+1","floor":20},{"not_picked":["Dagger Spray","Predator"],"picked":"Bouncing Flask+1","floor":22},{"not_picked":["PiercingWail","Riddle With Holes"],"picked":"Finisher","floor":23},{"not_picked":["Wraith Form v2","Quick Slash","Dagger Throw+1"],"picked":"Distraction+1","floor":25}],"player_experience":786,"relics_obtained":[{"floor":7,"key":"Lantern"},{"floor":9,"key":"Oddly Smooth Stone"},{"floor":23,"key":"Question Card"},{"floor":26,"key":"Ginger"}],"event_choices":[{"damage_healed":0,"gold_gain":0,"player_choice":"Lose Max HP","damage_taken":0,"relics_obtained":["Golden Idol"],"max_hp_gain":0,"max_hp_loss":6,"event_name":"Golden Idol","floor":4,"gold_loss":0},{"damage_healed":0,"gold_gain":0,"player_choice":"Success","damage_taken":7,"relics_obtained":["Strawberry"],"max_hp_gain":0,"max_hp_loss":0,"event_name":"Scrap Ooze","floor":5,"gold_loss":0},{"damage_healed":0,"gold_gain":0,"player_choice":"Entered Light","damage_taken":16,"max_hp_gain":0,"max_hp_loss":0,"event_name":"Shining Light","floor":10,"gold_loss":0,"cards_upgraded":["Strike_G","Predator"]},{"damage_healed":0,"gold_gain":0,"player_choice":"Grow","damage_taken":0,"max_hp_gain":0,"max_hp_loss":0,"event_name":"Living Wall","floor":14,"gold_loss":0,"cards_upgraded":["Infinite Blades"]},{"damage_healed":0,"gold_gain":0,"player_choice":"Read","damage_taken":0,"max_hp_gain":0,"max_hp_loss":0,"event_name":"The Library","floor":19,"gold_loss":0,"cards_obtained":["Tactician"]},{"damage_healed":0,"gold_gain":0,"player_choice":"Trade","damage_taken":0,"relics_obtained":["CultistMask"],"max_hp_gain":0,"max_hp_loss":0,"event_name":"FaceTrader","floor":21,"gold_loss":0}],"is_beta":false,"boss_relics":[{"not_picked":["Ectoplasm","WristBlade"],"picked":"Cursed Key"}],"items_purged_floors":[],"is_endless":false,"potions_floor_spawned":[8,12,18,22],"killed_by":"Slavers","ascension_level":0}