{"gold_per_floor":[217,228,13,26,42,42,42,42,67,80,105,105,115,115,115,214,214,229,5,5,0,0,35,35,69,69,82,82,42,74,86,86,184,184,204,220,50,50,67,67,81,81,81,81,109,121,121,147,147,147],"floor_reached":51,"playtime":3067,"items_purged":[],"score":825,"play_id":"776dbec6-f365-4f2c-bb4b-eaec92f588d8","local_time":"20190608110616","is_ascension_mode":true,"campfire_choices":[{"data":"Zap","floor":6,"key":"SMITH"},{"data":"Chill","floor":8,"key":"SMITH"},{"data":"Loop","floor":12,"key":"SMITH"},{"floor":15,"key":"REST"},{"data":"Buffer","floor":24,"key":"SMITH"},{"data":"Defragment","floor":28,"key":"SMITH"},{"floor":32,"key":"REST"},{"data":"Panacea","floor":40,"key":"SMITH"},{"data":"Chaos","floor":42,"key":"SMITH"},{"floor":47,"key":"REST"},{"floor":49,"key":"REST"}],"neow_cost":"NONE","seed_source_timestamp":493974625768800,"circlet_count":0,"master_deck":["Strike_B","Strike_B","Strike_B","Defend_B+1","Defend_B","Defend_B","Defend_B","Zap+1","Dualcast+1","Genetic Algorithm","Chill+1","Loop+1","Hologram","Coolheaded","Self Repair","Glacier","Rebound","Buffer+1","Sweeping Beam+1","Streamline+1","Defragment+1","Redo","Creative AI","Storm+1","Streamline+1","Stack","Beam Cell+1","Static Discharge","Chaos+1","Compile Driver","Electrodynamics","Glacier+1","Hello World","Panacea+1","Flash of Steel","Auto Shields+1","Loop+1","Blizzard+1","Scrape+1"],"relics":["Cracked Core","Membership Card","Orichalcum","Boot","Question Card","Sozu","Thread and Needle","Whetstone","Centennial Puzzle","Oddly Smooth Stone","Lantern","Cursed Key","Ginger","War Paint","Pen Nib"],"potions_floor_usage":[11,11,16,16,16,30],"damage_taken":[{"damage":3,"enemies":"Small Slimes","floor":1,"turns":4},{"damage":5,"enemies":"Cultist","floor":2,"turns":4},{"damage":0,"enemies":"2 Louse","floor":4,"turns":4},{"damage":5,"enemies":"Blue Slaver","floor":5,"turns":4},{"damage":0,"enemies":"Looter","floor":10,"turns":4},{"damage":34,"enemies":"Gremlin Nob","floor":11,"turns":6},{"damage":0,"enemies":"Red Slaver","floor":13,"turns":5},{"damage":21,"enemies":"Slime Boss","floor":16,"turns":17},{"damage":1,"enemies":"Shell Parasite","floor":18,"turns":10},{"damage":7,"enemies":"2 Thieves","floor":21,"turns":5},{"damage":17,"enemies":"Book of Stabbing","floor":23,"turns":6},{"damage":36,"enemies":"Gremlin Leader","floor":25,"turns":9},{"damage":1,"enemies":"Centurion and Healer","floor":27,"turns":6},{"damage":6,"enemies":"Slavers","floor":30,"turns":6},{"damage":0,"enemies":"Snecko","floor":31,"turns":4},{"damage":46,"enemies":"Automaton","floor":33,"turns":10},{"damage":3,"enemies":"Orb Walker","floor":35,"turns":2},{"damage":2,"enemies":"3 Darklings","floor":36,"turns":5},{"damage":24,"enemies":"Spire Growth","floor":39,"turns":3},{"damage":2,"enemies":"Transient","floor":41,"turns":5},{"damage":16,"enemies":"Reptomancer","floor":45,"turns":6},{"damage":0,"enemies":"3 Darklings","floor":46,"turns":4},{"damage":0,"enemies":"Nemesis","floor":48,"turns":6},{"damage":67,"enemies":"Time Eater","floor":50,"turns":12}],"seed_played":"9084955080841545768","potions_obtained":[{"floor":1,"key":"PowerPotion"},{"floor":2,"key":"Block Potion"},{"floor":13,"key":"EntropicBrew"}],"is_trial":false,"path_per_floor":["M","M","$","M","M","R","?","R","T","M","E","R","M","?","R","B",null,"M","$","?","M","?","E","R","E","T","M","R","$","E","M","R","B",null,"M","M","$","?","M","R","M","R","T","?","E","M","R","E","R","B",null],"character_chosen":"DEFECT","items_purchased":["Membership Card","Loop","Thread and Needle","Streamline","Defragment","Redo","Static Discharge","Ginger","Hello World"],"campfire_rested":4,"item_purchase_floors":[3,3,19,19,19,19,29,37,37],"current_hp_per_floor":[72,67,67,67,62,62,62,62,62,62,35,35,42,17,39,25,75,75,75,75,75,75,65,65,36,36,42,42,42,43,43,65,19,75,72,75,75,70,46,46,51,51,51,51,42,42,64,64,75,8],"gold":147,"neow_bonus":"HUNDRED_GOLD","is_prod":false,"is_daily":false,"chose_seed":false,"campfire_upgraded":7,"win_rate":0,"timestamp":1559988376,"path_taken":["M","M","$","M","M","R","?","R","T","M","E","R","?","?","R","BOSS","M","$","?","M","?","E","R","E","T","M","R","$","E","M","R","BOSS","M","M","$","?","M","R","M","R","T","?","E","M","R","E","R","BOSS"],"build_version":"2019-01-23","purchased_purges":0,"victory":true,"max_hp_per_floor":[75,75,75,75,75,75,75,75,75,75,75,75,75,75,75,75,75,75,75,75,75,75,75,75,75,75,75,75,75,75,75,75,75,75,75,75,75,75,75,75,75,75,75,75,75,75,75,75,75,75],"card_choices":[{"not_picked":["Hologram","Undo"],"picked":"Genetic Algorithm","floor":1},{"not_picked":["Fusion","Leap"],"picked":"Chill","floor":2},{"not_picked":["Barrage","Steam"],"picked":"Hologram","floor":4},{"not_picked":["Undo","Chill"],"picked":"Coolheaded","floor":5},{"not_picked":["Lockon","Barrage"],"picked":"Self Repair","floor":10},{"not_picked":["Meteor Strike","Double Energy"],"picked":"Glacier","floor":11},{"not_picked":["Hologram","Leap"],"picked":"Rebound","floor":13},{"not_picked":["Thunder Strike","Hyperbeam","Core Surge"],"picked":"Buffer","floor":16},{"not_picked":["Barrage","Conserve Battery","Lockon"],"picked":"Sweeping Beam","floor":18},{"not_picked":["Double Energy","Ball Lightning+1","Barrage+1"],"picked":"Storm+1","floor":21},{"not_picked":["Sweeping Beam","Fusion","Aggregate"],"picked":"Streamline+1","floor":23},{"not_picked":["FTL","Hologram","Recycle"],"picked":"Stack","floor":25},{"not_picked":["Ball Lightning","Coolheaded+1","Stack"],"picked":"Beam Cell+1","floor":27},{"not_picked":["Multi-Cast","Compile Driver","Rip and Tear"],"picked":"Chaos","floor":30},{"not_picked":["Lockon","Leap+1","Coolheaded+1"],"picked":"Compile Driver","floor":31},{"not_picked":["Amplify","Reboot","Hyperbeam"],"picked":"Electrodynamics","floor":33},{"not_picked":["BootSequence+1","Streamline","Ball Lightning+1"],"picked":"Glacier+1","floor":35},{"not_picked":["Ball Lightning","Go for the Eyes","Conserve Battery+1","Barrage"],"picked":"SKIP","floor":36},{"not_picked":["Flash of Steel","Jack Of All Trades","Dark Shackles"],"picked":"Panacea","floor":38},{"not_picked":["Dark Shackles","Impatience","Violence"],"picked":"Flash of Steel","floor":38},{"not_picked":["Steam+1","Static Discharge","Storm","Cold Snap+1"],"picked":"SKIP","floor":39},{"not_picked":["Steam","Stack+1","Streamline+1"],"picked":"Auto Shields+1","floor":41},{"not_picked":["Rebound+1","Streamline+1","Electrodynamics"],"picked":"Loop+1","floor":45},{"not_picked":["Ball Lightning","Hologram+1","Go for the Eyes+1"],"picked":"Blizzard+1","floor":46},{"not_picked":["Ball Lightning","Leap+1","BootSequence+1"],"picked":"Scrape+1","floor":48}],"player_experience":86365,"relics_obtained":[{"floor":9,"key":"Orichalcum"},{"floor":11,"key":"Boot"},{"floor":23,"key":"Whetstone"},{"floor":25,"key":"Centennial Puzzle"},{"floor":26,"key":"Oddly Smooth Stone"},{"floor":30,"key":"Lantern"},{"floor":45,"key":"War Paint"},{"floor":48,"key":"Pen Nib"}],"event_choices":[{"cards_removed":["Strike_B"],"damage_healed":0,"gold_gain":0,"player_choice":"Purged","damage_taken":0,"max_hp_gain":0,"max_hp_loss":0,"event_name":"Purifier","floor":7,"gold_loss":0},{"damage_healed":0,"gold_gain":0,"player_choice":"Success","damage_taken":25,"relics_obtained":["Question Card"],"max_hp_gain":0,"max_hp_loss":0,"event_name":"Scrap Ooze","floor":14,"gold_loss":0},{"damage_healed":0,"gold_gain":0,"player_choice":"Read","damage_taken":0,"max_hp_gain":0,"max_hp_loss":0,"event_name":"The Library","floor":20,"gold_loss":0,"cards_obtained":["Creative AI"]},{"damage_healed":0,"gold_gain":0,"player_choice":"Ignored","damage_taken":0,"max_hp_gain":0,"max_hp_loss":0,"event_name":"Beggar","floor":22,"gold_loss":0},{"damage_healed":0,"gold_gain":0,"player_choice":"Memory 2","damage_taken":5,"max_hp_gain":0,"max_hp_loss":0,"event_name":"SensoryStone","floor":38,"gold_loss":0},{"damage_healed":0,"gold_gain":0,"player_choice":"Got Potions","damage_taken":0,"max_hp_gain":0,"max_hp_loss":0,"event_name":"Lab","floor":44,"gold_loss":0}],"is_beta":false,"boss_relics":[{"not_picked":["Busted Crown","Snecko Eye"],"picked":"Sozu"},{"not_picked":["Calling Bell","Tiny House"],"picked":"Cursed Key"}],"items_purged_floors":[],"is_endless":false,"potions_floor_spawned":[1,2,13,23,31,33,35,45],"ascension_level":1}