{"gold_per_floor":[113,131,131,144,144,156,156,156,156,166,241,241,256,273,273,273],"floor_reached":16,"playtime":486,"items_purged":[],"score":113,"play_id":"4f134746-0286-435d-aa7f-6aeffde0aa15","local_time":"20190712224643","is_ascension_mode":true,"campfire_choices":[{"data":"Hemokinesis","floor":8,"key":"SMITH"},{"data":"Pommel Strike","floor":12,"key":"SMITH"},{"data":"Disarm","floor":15,"key":"SMITH"}],"neow_cost":"NONE","seed_source_timestamp":960755038999300,"circlet_count":0,"master_deck":["Strike_R","Strike_R","Strike_R","Strike_R","Strike_R","Defend_R","Defend_R","Defend_R","Defend_R","Bash","Headbutt","Disarm+1","Whirlwind","Hemokinesis+1","Pommel Strike+1","Cleave"],"relics":["Burning Blood","Blue Candle","Matryoshka"],"potions_floor_usage":[6],"damage_taken":[{"damage":9,"enemies":"2 Louse","floor":1,"turns":4},{"damage":6,"enemies":"Cultist","floor":2,"turns":4},{"damage":0,"enemies":"Small Slimes","floor":4,"turns":3},{"damage":43,"enemies":"Exordium Thugs","floor":6,"turns":6},{"damage":13,"enemies":"3 Louse","floor":10,"turns":3},{"damage":0,"enemies":"Lots of Slimes","floor":13,"turns":1},{"damage":8,"enemies":"Gremlin Gang","floor":14,"turns":2},{"damage":51,"enemies":"Hexaghost","floor":16,"turns":11}],"seed_played":"-4416969372121620238","potions_obtained":[{"floor":5,"key":"Ancient Potion"},{"floor":5,"key":"SpeedPotion"},{"floor":5,"key":"LiquidBronze"},{"floor":10,"key":"Regen Potion"}],"is_trial":false,"path_per_floor":["M","M","?","M","?","M","?","R","T","M","?","R","M","M","R","B"],"character_chosen":"IRONCLAD","items_purchased":[],"campfire_rested":0,"item_purchase_floors":[],"current_hp_per_floor":[85,85,67,73,73,36,65,65,65,58,47,47,53,51,51,0],"gold":273,"neow_bonus":"TEN_PERCENT_HP_BONUS","is_prod":false,"is_daily":false,"chose_seed":false,"campfire_upgraded":3,"win_rate":0,"timestamp":1562968003,"path_taken":["M","M","?","M","?","?","?","R","T","M","?","R","M","M","R","BOSS"],"build_version":"2019-07-05","purchased_purges":0,"victory":false,"max_hp_per_floor":[88,88,88,88,88,88,88,88,88,88,88,88,88,88,88,88],"card_choices":[{"not_picked":["Heavy Blade","Anger"],"picked":"Headbutt","floor":1},{"not_picked":["Ghostly Armor","Rupture"],"picked":"Disarm","floor":2},{"not_picked":["Anger","Sword Boomerang"],"picked":"Whirlwind","floor":4},{"not_picked":["Dual Wield","Sever Soul"],"picked":"Hemokinesis","floor":6},{"not_picked":["Sword Boomerang","Second Wind"],"picked":"Pommel Strike","floor":10},{"not_picked":["Warcry","Twin Strike","Havoc"],"picked":"SKIP","floor":13},{"not_picked":["Berserk","Heavy Blade"],"picked":"Cleave","floor":14}],"player_experience":151716,"relics_obtained":[{"floor":9,"key":"Matryoshka"}],"event_choices":[{"damage_healed":0,"gold_gain":0,"player_choice":"Success","damage_taken":18,"relics_obtained":["Blue Candle"],"max_hp_gain":0,"max_hp_loss":0,"event_name":"Scrap Ooze","floor":3,"gold_loss":0},{"damage_healed":0,"gold_gain":0,"player_choice":"Got Potions","damage_taken":0,"max_hp_gain":0,"max_hp_loss":0,"event_name":"Lab","floor":5,"gold_loss":0},{"damage_healed":29,"gold_gain":0,"player_choice":"Banana","damage_taken":0,"max_hp_gain":0,"max_hp_loss":0,"event_name":"Big Fish","floor":7,"gold_loss":0},{"damage_healed":0,"gold_gain":75,"player_choice":"Gather Gold","damage_taken":11,"max_hp_gain":0,"max_hp_loss":0,"event_name":"World of Goop","floor":11,"gold_loss":0}],"is_beta":false,"boss_relics":[],"items_purged_floors":[],"is_endless":false,"potions_floor_spawned":[10,13],"killed_by":"Hexaghost","ascension_level":4}