{"gold_per_floor":[112,62,62,78,91,125,125,138,138,39,53,1,14,49,49,168,168,189,288,203,203,24,65,65,80,80,93,48,48,24,38,38,158,158,172,126,144,144,19,58,58,83,110,123,123,123,27,42,42,42],"floor_reached":51,"playtime":2773,"items_purged":["Strike_R","Strike_R","Strike_R"],"score":943,"play_id":"4e14774f-b510-449c-a578-5a7f76c1eb09","local_time":"20190730191511","is_ascension_mode":true,"campfire_choices":[{"floor":7,"key":"REST"},{"data":"Armaments","floor":15,"key":"SMITH"},{"data":"Body Slam","floor":24,"key":"SMITH"},{"data":"Barricade","floor":29,"key":"SMITH"},{"data":"Armaments","floor":32,"key":"SMITH"},{"data":"Offering","floor":41,"key":"SMITH"},{"data":"Exhume","floor":45,"key":"SMITH"},{"floor":49,"key":"REST"}],"neow_cost":"NONE","seed_source_timestamp":1048115836720300,"circlet_count":0,"master_deck":["Defend_R","Defend_R","Defend_R","Defend_R","Bash+1","Flame Barrier","Pommel Strike","Iron Wave+1","Battle Trance","Iron Wave","Armaments+1","Impervious","Body Slam+1","Reaper","Armaments+1","Necronomicurse","Carnage","Uppercut+1","Barricade+1","Shrug It Off","Headbutt","Offering+1","Carnage+1","Body Slam+1","Body Slam+1","Seeing Red+1","Exhume+1"],"relics":["Burning Blood","Golden Idol","Blood Vial","Shuriken","Paper Frog","Eternal Feather","Bird Faced Urn","Necronomicon","Oddly Smooth Stone","Pear","Sozu","Bag of Marbles","Whetstone","Orichalcum"],"potions_floor_usage":[8,14,18,23,31,50,50],"damage_taken":[{"damage":3,"enemies":"2 Louse","floor":1,"turns":2},{"damage":1,"enemies":"Small Slimes","floor":4,"turns":4},{"damage":2,"enemies":"Jaw Worm","floor":5,"turns":4},{"damage":32,"enemies":"Gremlin Nob","floor":6,"turns":4},{"damage":0,"enemies":"2 Fungi Beasts","floor":8,"turns":4},{"damage":12,"enemies":"3 Louse","floor":11,"turns":4},{"damage":0,"enemies":"Looter","floor":13,"turns":2},{"damage":30,"enemies":"Lagavulin","floor":14,"turns":8},{"damage":21,"enemies":"The Guardian","floor":16,"turns":9},{"damage":0,"enemies":"3 Byrds","floor":18,"turns":3},{"damage":22,"enemies":"Book of Stabbing","floor":23,"turns":5},{"damage":8,"enemies":"2 Thieves","floor":25,"turns":5},{"damage":32,"enemies":"Snake Plant","floor":27,"turns":5},{"damage":17,"enemies":"Sentry and Sphere","floor":31,"turns":4},{"damage":9,"enemies":"Champ","floor":33,"turns":10},{"damage":3,"enemies":"3 Shapes","floor":35,"turns":7},{"damage":24,"enemies":"3 Darklings","floor":37,"turns":7},{"damage":9,"enemies":"Nemesis","floor":40,"turns":9},{"damage":0,"enemies":"Sphere and 2 Shapes","floor":42,"turns":3},{"damage":6,"enemies":"Jaw Worm Horde","floor":44,"turns":3},{"damage":48,"enemies":"Transient","floor":48,"turns":5},{"damage":21,"enemies":"Awakened One","floor":50,"turns":7}],"seed_played":"2918918910649771238","potions_obtained":[{"floor":1,"key":"Dexterity Potion"},{"floor":6,"key":"Strength Potion"},{"floor":11,"key":"Explosive Potion"},{"floor":13,"key":"Ancient Potion"},{"floor":16,"key":"LiquidBronze"},{"floor":18,"key":"Block Potion"},{"floor":27,"key":"AttackPotion"},{"floor":31,"key":"Strength Potion"}],"is_trial":false,"path_per_floor":["M","?","?","M","M","E","R","M","T","$","M","$","M","E","R","B",null,"M","?","?","?","$","E","R","M","T","M","$","R","$","M","R","B",null,"M","$","M","?","$","E","R","M","T","M","R","$","?","M","R","B",null],"character_chosen":"IRONCLAD","items_purchased":["Armaments","Body Slam","Carnage","Shrug It Off","Headbutt","Body Slam"],"campfire_rested":2,"item_purchase_floors":[10,12,22,28,30,36],"current_hp_per_floor":[75,75,74,74,74,48,70,74,74,74,68,68,74,50,50,37,65,73,73,73,57,57,43,52,52,62,49,49,61,61,54,66,67,80,84,84,84,84,84,84,84,84,84,84,84,84,84,42,82,82],"gold":42,"neow_bonus":"REMOVE_CARD","is_prod":false,"is_daily":false,"chose_seed":false,"campfire_upgraded":6,"win_rate":0,"timestamp":1564510511,"path_taken":["M","?","?","M","M","E","R","M","T","?","M","$","M","E","R","BOSS","M","?","?","?","$","E","R","M","T","M","?","R","$","M","R","BOSS","M","$","M","?","$","E","R","M","T","?","R","$","?","M","R","BOSS"],"build_version":"2019-07-17","purchased_purges":3,"victory":true,"max_hp_per_floor":[80,80,74,74,74,74,74,74,74,74,74,74,74,74,74,74,74,74,74,74,74,74,74,74,74,84,84,84,84,84,84,84,84,84,84,84,84,84,84,84,84,84,84,84,84,84,84,84,84,84],"card_choices":[{"not_picked":["Burning Pact","Iron Wave"],"picked":"Flame Barrier","floor":1},{"not_picked":["Pummel","Ghostly Armor"],"picked":"Pommel Strike","floor":4},{"not_picked":["Evolve","Seeing Red"],"picked":"Iron Wave","floor":5},{"not_picked":["Sword Boomerang","Blood for Blood"],"picked":"Battle Trance","floor":6},{"not_picked":["Warcry","Feel No Pain"],"picked":"Iron Wave","floor":8},{"not_picked":["Ghostly Armor","Heavy Blade"],"picked":"Impervious","floor":11},{"not_picked":["Warcry","Flex","Clothesline"],"picked":"SKIP","floor":13},{"not_picked":["Iron Wave","Havoc","Rage"],"picked":"SKIP","floor":14},{"not_picked":["Fiend Fire","Limit Break"],"picked":"Reaper","floor":16},{"not_picked":["Wild Strike","Uppercut"],"picked":"Armaments","floor":18},{"not_picked":["Anger","Corruption","Clash"],"picked":"SKIP","floor":23},{"not_picked":["Flex","Armaments"],"picked":"Uppercut+1","floor":25},{"not_picked":["Uppercut","Second Wind"],"picked":"Barricade","floor":27},{"not_picked":["Clothesline","Dual Wield","Iron Wave+1"],"picked":"SKIP","floor":31},{"not_picked":["Demon Form","Feed"],"picked":"Offering","floor":33},{"not_picked":["Perfected Strike","Iron Wave"],"picked":"Carnage+1","floor":35},{"not_picked":["Pommel Strike","Second Wind+1"],"picked":"Body Slam+1","floor":37},{"not_picked":["Havoc+1","Armaments"],"picked":"Seeing Red+1","floor":40},{"not_picked":["Thunderclap+1","Flex+1","Havoc"],"picked":"SKIP","floor":42},{"not_picked":["Clash","Fire Breathing"],"picked":"Exhume","floor":44},{"not_picked":["Pommel Strike+1","Wild Strike","Feel No Pain+1"],"picked":"SKIP","floor":48}],"player_experience":221607,"relics_obtained":[{"floor":6,"key":"Blood Vial"},{"floor":9,"key":"Shuriken"},{"floor":14,"key":"Paper Frog"},{"floor":21,"key":"Necronomicon"},{"floor":23,"key":"Oddly Smooth Stone"},{"floor":26,"key":"Pear"},{"floor":40,"key":"Bag of Marbles"},{"floor":43,"key":"Whetstone"}],"event_choices":[{"cards_removed":["Strike_R"],"damage_healed":0,"gold_gain":0,"player_choice":"Card Removal","damage_taken":0,"max_hp_gain":0,"max_hp_loss":0,"event_name":"The Cleric","floor":2,"gold_loss":50},{"damage_healed":0,"gold_gain":0,"player_choice":"Lose Max HP","damage_taken":0,"relics_obtained":["Golden Idol"],"max_hp_gain":0,"max_hp_loss":6,"event_name":"Golden Idol","floor":3,"gold_loss":0},{"damage_healed":0,"gold_gain":99,"player_choice":"Stole From Cult","damage_taken":0,"max_hp_gain":0,"max_hp_loss":0,"event_name":"Nest","floor":19,"gold_loss":0},{"damage_healed":0,"gold_gain":0,"player_choice":"Obtained Relic","damage_taken":0,"relics_obtained":["Bird Faced Urn"],"max_hp_gain":0,"max_hp_loss":0,"event_name":"Addict","floor":20,"gold_loss":85},{"damage_healed":0,"gold_gain":0,"player_choice":"Obtained Book","damage_taken":16,"max_hp_gain":0,"max_hp_loss":0,"event_name":"Cursed Tome","floor":21,"gold_loss":0},{"damage_healed":0,"gold_gain":0,"player_choice":"Upgraded","damage_taken":0,"max_hp_gain":0,"max_hp_loss":0,"event_name":"Upgrade Shrine","floor":38,"gold_loss":0,"cards_upgraded":["Body Slam"]},{"damage_healed":0,"gold_gain":0,"player_choice":"Paid Gold","damage_taken":0,"relics_obtained":["Orichalcum"],"max_hp_gain":0,"max_hp_loss":0,"event_name":"WeMeetAgain","floor":47,"gold_loss":96}],"is_beta":false,"boss_relics":[{"not_picked":["Snecko Eye","Runic Cube"],"picked":"Eternal Feather"},{"not_picked":["Calling Bell","Tiny House"],"picked":"Sozu"}],"items_purged_floors":[10,22,39],"is_endless":false,"potions_floor_spawned":[1,6,11,13,16,18,27,31,35,37,40],"ascension_level":7}