{"gold_per_floor":[119,132,132,147,164,164,199,45,71,71,102,102,102,118,118,218,218,231,231,248,35,35,35,35],"floor_reached":24,"playtime":1554,"items_purged":["Strike_R","Strike_R"],"score":275,"play_id":"0eb1df74-1151-4641-8291-ecc103706551","local_time":"20190730105220","is_ascension_mode":true,"campfire_choices":[{"floor":6,"key":"REST"},{"data":"Rampage","floor":10,"key":"SMITH"},{"data":"Wild Strike","floor":13,"key":"SMITH"},{"data":"Wild Strike","floor":15,"key":"SMITH"}],"neow_cost":"NONE","seed_source_timestamp":1019169231169800,"circlet_count":0,"master_deck":["Strike_R+1","Strike_R+1","Strike_R+1","Defend_R+1","Defend_R+1","Defend_R+1","Defend_R+1","Bash+1","Armaments+1","Wild Strike+1","Pummel","Wild Strike+1","Rampage+1","Juggernaut","Parasite","Power Through","Immolate","Seeing Red","Reaper","Shockwave","Evolve","True Grit","True Grit+1","Carnage","Evolve","Dropkick"],"relics":["Burning Blood","Happy Flower","Dream Catcher","Bag of Preparation","Orrery","Enchiridion"],"potions_floor_usage":[5,5,20],"damage_taken":[{"damage":15,"enemies":"Small Slimes","floor":1,"turns":4},{"damage":6,"enemies":"2 Louse","floor":2,"turns":3},{"damage":4,"enemies":"Jaw Worm","floor":4,"turns":3},{"damage":3,"enemies":"Blue Slaver","floor":5,"turns":2},{"damage":34,"enemies":"Lagavulin","floor":7,"turns":8},{"damage":8,"enemies":"Gremlin Nob","floor":11,"turns":3},{"damage":6,"enemies":"Looter","floor":14,"turns":3},{"damage":37,"enemies":"Slime Boss","floor":16,"turns":12},{"damage":3,"enemies":"Chosen","floor":18,"turns":6},{"damage":21,"enemies":"3 Byrds","floor":20,"turns":6},{"damage":50,"enemies":"Slavers","floor":24,"turns":3}],"seed_played":"6487660937770564168","potions_obtained":[{"floor":2,"key":"Fire Potion"},{"floor":4,"key":"AttackPotion"},{"floor":7,"key":"Ancient Potion"},{"floor":18,"key":"Fire Potion"},{"floor":20,"key":"FearPotion"}],"is_trial":false,"path_per_floor":["M","M","?","M","M","R","E","$","T","R","E","?","R","M","R","B",null,"M","?","M","$","?","?","E"],"character_chosen":"IRONCLAD","items_purchased":["Rampage","Evolve","Dropkick"],"campfire_rested":1,"item_purchase_floors":[8,21,21],"current_hp_per_floor":[63,63,63,65,68,80,52,52,52,52,50,70,70,70,70,39,70,77,61,46,46,46,46,0],"gold":35,"neow_bonus":"UPGRADE_CARD","is_prod":false,"is_daily":false,"chose_seed":false,"campfire_upgraded":3,"win_rate":0,"timestamp":1564480340,"path_taken":["M","M","?","M","M","R","E","$","T","R","E","?","R","M","R","BOSS","M","?","M","$","?","?","E"],"build_version":"2019-07-17","purchased_purges":2,"victory":false,"max_hp_per_floor":[80,80,80,80,80,80,80,80,80,80,80,80,80,80,80,80,80,80,80,80,80,80,80,80],"card_choices":[{"not_picked":["Ghostly Armor","Feel No Pain"],"picked":"Armaments","floor":1},{"not_picked":["Heavy Blade","Warcry"],"picked":"Wild Strike","floor":2},{"not_picked":["Iron Wave","Havoc"],"picked":"Pummel","floor":4},{"not_picked":["Body Slam","Intimidate"],"picked":"Wild Strike","floor":5},{"not_picked":["Fire Breathing","Dropkick","Wild Strike"],"picked":"SKIP","floor":7},{"not_picked":["Power Through","Fire Breathing"],"picked":"Juggernaut","floor":11},{"not_picked":["Sword Boomerang","Perfected Strike"],"picked":"Power Through","floor":14},{"not_picked":["Brutality","Juggernaut"],"picked":"Immolate","floor":16},{"not_picked":["Wild Strike","Warcry"],"picked":"Seeing Red","floor":17},{"not_picked":["Armaments","Sword Boomerang"],"picked":"Reaper","floor":17},{"not_picked":["Iron Wave","Perfected Strike"],"picked":"Shockwave","floor":17},{"not_picked":["Sword Boomerang","Carnage"],"picked":"Evolve","floor":17},{"not_picked":["Headbutt","Warcry"],"picked":"True Grit","floor":17},{"not_picked":["Sword Boomerang","Anger"],"picked":"True Grit+1","floor":18},{"not_picked":["Reaper","Perfected Strike"],"picked":"Carnage","floor":20}],"player_experience":213547,"relics_obtained":[{"floor":7,"key":"Happy Flower"},{"floor":9,"key":"Dream Catcher"},{"floor":11,"key":"Bag of Preparation"},{"floor":19,"key":"Enchiridion"}],"event_choices":[{"damage_healed":0,"gold_gain":0,"player_choice":"Grow","damage_taken":0,"max_hp_gain":0,"max_hp_loss":0,"event_name":"Living Wall","floor":3,"gold_loss":0,"cards_upgraded":["Armaments"]},{"damage_healed":20,"gold_gain":0,"player_choice":"Healed and dodged fight","damage_taken":0,"max_hp_gain":0,"max_hp_loss":0,"event_name":"Mushrooms","floor":12,"gold_loss":0,"cards_obtained":["Parasite"]},{"damage_healed":0,"gold_gain":0,"player_choice":"Obtained Book","damage_taken":16,"max_hp_gain":0,"max_hp_loss":0,"event_name":"Cursed Tome","floor":19,"gold_loss":0},{"damage_healed":0,"gold_gain":0,"player_choice":"Simplicity","damage_taken":0,"max_hp_gain":0,"max_hp_loss":0,"event_name":"Back to Basics","floor":23,"gold_loss":0,"cards_upgraded":["Strike_R","Strike_R","Strike_R","Defend_R","Defend_R","Defend_R","Defend_R"]}],"is_beta":false,"boss_relics":[{"not_picked":["Ectoplasm","Busted Crown"],"picked":"Orrery"}],"items_purged_floors":[8,21],"is_endless":false,"potions_floor_spawned":[2,4,7,18,20],"killed_by":"Slavers","ascension_level":7}