{"gold_per_floor":[109,129,147,147,23,23,53,69,69,89,89,101,17,33,33,134,134,151,151,164,175,194,194,194,227,227,227,246,246,95,127,127,223,223,238,251,87,105,105,105,105],"floor_reached":41,"playtime":5955,"items_purged":["Strike_G","Strike_G","Strike_G"],"score":459,"play_id":"a4c68a60-0154-45ce-bfc0-772d9060064b","local_time":"20181024210340","is_ascension_mode":true,"campfire_choices":[{"data":"Backflip","floor":6.0,"key":"SMITH"},{"data":"Neutralize","floor":11.0,"key":"SMITH"},{"floor":15.0,"key":"REST"},{"floor":23.0,"key":"REST"},{"floor":27.0,"key":"REST"},{"floor":29.0,"key":"REST"},{"floor":32.0,"key":"REST"},{"floor":40.0,"key":"REST"}],"neow_cost":"NONE","seed_source_timestamp":0,"circlet_count":0,"master_deck":["Defend_G","Defend_G","Defend_G","Defend_G","Defend_G","Survivor","Neutralize+1","Flying Knee","Quick Slash","Backflip+1","Bouncing Flask","Noxious Fumes+1","Sucker Punch","Noxious Fumes+1","Poisoned Stab","Adrenaline","Dodge and Roll","Bane","Backflip","Catalyst","Corpse Explosion","Dodge and Roll","Envenom+1","Corpse Explosion","Deflect","Distraction","Parasite"],"special_seed":0,"relics":["Ring of the Snake","Matryoshka","Frozen Egg 2","Orichalcum","Meat on the Bone","Lizard Tail","Nilry\u0027s Codex","Mercury Hourglass","Potion Belt","Dodecahedron","Happy Flower","Empty Cage"],"potions_floor_usage":[41,41,41],"damage_taken":[{"damage":2.0,"enemies":"Small Slimes","floor":1.0,"turns":5.0},{"damage":0.0,"enemies":"Cultist","floor":2.0,"turns":3.0},{"damage":2.0,"enemies":"Jaw Worm","floor":3.0,"turns":4.0},{"damage":19.0,"enemies":"Lagavulin","floor":7.0,"turns":7.0},{"damage":0.0,"enemies":"2 Fungi Beasts","floor":8.0,"turns":4.0},{"damage":11.0,"enemies":"Lots of Slimes","floor":10.0,"turns":6.0},{"damage":2.0,"enemies":"Looter","floor":12.0,"turns":4.0},{"damage":6.0,"enemies":"Exordium Thugs","floor":14.0,"turns":5.0},{"damage":30.0,"enemies":"The Guardian","floor":16.0,"turns":9.0},{"damage":0.0,"enemies":"Chosen","floor":18.0,"turns":5.0},{"damage":16.0,"enemies":"3 Byrds","floor":20.0,"turns":6.0},{"damage":3.0,"enemies":"Cultist and Chosen","floor":21.0,"turns":7.0},{"damage":18.0,"enemies":"Centurion and Healer","floor":22.0,"turns":7.0},{"damage":66.0,"enemies":"Slavers","floor":25.0,"turns":6.0},{"damage":25.0,"enemies":"Chosen and Byrds","floor":28.0,"turns":7.0},{"damage":40.0,"enemies":"Book of Stabbing","floor":31.0,"turns":6.0},{"damage":33.0,"enemies":"Collector","floor":33.0,"turns":8.0},{"damage":0.0,"enemies":"3 Shapes","floor":35.0,"turns":3.0},{"damage":17.0,"enemies":"3 Darklings","floor":36.0,"turns":3.0},{"damage":51.0,"enemies":"Writhing Mass","floor":38.0,"turns":7.0},{"damage":0.0,"enemies":"Sphere and 2 Shapes","floor":39.0,"turns":1.0},{"damage":71,"enemies":"Giant Head","floor":41,"turns":10}],"seed_played":"7261410036191173091","potions_obtained":[{"floor":2.0,"key":"AttackPotion"},{"floor":7.0,"key":"LiquidBronze"},{"floor":14.0,"key":"Block Potion"},{"floor":16.0,"key":"SmokeBomb"},{"floor":18.0,"key":"PowerPotion"},{"floor":21.0,"key":"SpeedPotion"},{"floor":22.0,"key":"EssenceOfSteel"},{"floor":35.0,"key":"Block Potion"},{"floor":38.0,"key":"Ancient Potion"}],"is_trial":false,"path_per_floor":["M","M","M","?","$","R","E","M","T","M","R","M","$","M","R","B",null,"M","?","M","M","M","R","?","E","T","R","M","R","$","E","R","B",null,"M","M","$","M","M","R"],"character_chosen":"THE_SILENT","items_purchased":["Fire Potion","Noxious Fumes+1","Poisoned Stab","Dodge and Roll","Distraction"],"campfire_rested":6,"item_purchase_floors":[5,13,13,30,37],"current_hp_per_floor":[75,75,73,73,73,73,54,54,54,43,43,41,41,47,70,40,77,77,61,45,42,36,59,59,50,50,73,48,71,71,43,66,45,77,77,60,60,21,33,56,0],"gold":105,"neow_bonus":"TEN_PERCENT_HP_BONUS","is_prod":false,"is_daily":false,"chose_seed":false,"campfire_upgraded":2,"win_rate":0,"timestamp":1540440220,"path_taken":["M","M","M","?","$","R","E","M","T","M","R","?","$","M","R","BOSS","M","?","M","M","?","R","?","E","T","R","M","R","$","E","R","BOSS","M","M","$","M","M","R","E"],"build_version":"2018-10-18","purchased_purges":3,"victory":false,"max_hp_per_floor":[77,77,77,77,77,77,77,77,77,77,77,77,77,77,77,77,77,77,77,77,77,77,77,77,77,77,77,77,77,77,77,77,77,77,77,77,77,77,77,77,77],"card_choices":[{"not_picked":["Expertise","Dagger Throw"],"picked":"Flying Knee","floor":1.0},{"not_picked":["Underhanded Strike","Outmaneuver"],"picked":"Quick Slash","floor":2.0},{"not_picked":["Dodge and Roll","Sucker Punch"],"picked":"Backflip","floor":3.0},{"not_picked":["Leg Sweep","Deflect"],"picked":"Bouncing Flask","floor":7.0},{"not_picked":["Slice","Underhanded Strike","Expertise"],"picked":"SKIP","floor":8.0},{"not_picked":["Cloak And Dagger","Eviscerate"],"picked":"Noxious Fumes+1","floor":10.0},{"not_picked":["PiercingWail","Prepared"],"picked":"Sucker Punch","floor":12.0},{"not_picked":["Slice","Deflect","Outmaneuver"],"picked":"SKIP","floor":14.0},{"not_picked":["Unload","Tools of the Trade+1"],"picked":"Adrenaline","floor":16.0},{"not_picked":["Acrobatics","Terror+1"],"picked":"Dodge and Roll","floor":18.0},{"not_picked":["Acrobatics+1","PiercingWail","Outmaneuver"],"picked":"SKIP","floor":20.0},{"not_picked":["PiercingWail","Dagger Throw","Dagger Spray"],"picked":"SKIP","floor":21.0},{"not_picked":["Flechettes+1","Choke+1"],"picked":"Bane","floor":22.0},{"not_picked":["Blade Dance+1","Deflect+1"],"picked":"Catalyst","floor":25.0},{"not_picked":["Flying Knee+1","Blade Dance"],"picked":"Corpse Explosion","floor":28.0},{"not_picked":["Choke+1","Outmaneuver"],"picked":"Envenom+1","floor":31.0},{"not_picked":["Storm of Steel","Unload"],"picked":"Corpse Explosion","floor":33.0},{"not_picked":["Choke","Predator","Acrobatics"],"picked":"SKIP","floor":35.0},{"not_picked":["Expertise+1","Infinite Blades+1"],"picked":"Deflect","floor":36.0},{"not_picked":["Dodge and Roll+1","Caltrops+1","Acrobatics"],"picked":"SKIP","floor":38.0}],"player_experience":154664,"relics_obtained":[{"floor":7.0,"key":"Frozen Egg 2"},{"floor":9.0,"key":"Orichalcum"},{"floor":9.0,"key":"Meat on the Bone"},{"floor":19.0,"key":"Nilry\u0027s Codex"},{"floor":25.0,"key":"Mercury Hourglass"},{"floor":26.0,"key":"Potion Belt"},{"floor":26.0,"key":"Dodecahedron"},{"floor":31.0,"key":"Happy Flower"}],"event_choices":[{"damage_healed":0.0,"max_hp_gain":0.0,"max_hp_loss":0.0,"gold_gain":0.0,"event_name":"WeMeetAgain","player_choice":"Gave Potion","floor":4.0,"gold_loss":0.0,"damage_taken":0.0,"relics_obtained":["Matryoshka"]},{"damage_healed":0.0,"max_hp_gain":0.0,"max_hp_loss":0.0,"gold_gain":0.0,"event_name":"Cursed Tome","player_choice":"Obtained Book","floor":19.0,"gold_loss":0.0,"damage_taken":16.0},{"damage_healed":0.0,"max_hp_gain":0.0,"max_hp_loss":0.0,"gold_gain":0.0,"event_name":"Match and Keep!","player_choice":"1 cards matched","floor":24.0,"gold_loss":0.0,"damage_taken":0.0,"cards_obtained":["Backflip"]}],"is_beta":false,"boss_relics":[{"not_picked":["Philosopher\u0027s Stone","Runic Pyramid"],"picked":"Lizard Tail"},{"not_picked":["WristBlade","Orrery"],"picked":"Empty Cage"}],"items_purged_floors":[5,30,37],"is_endless":false,"potions_floor_spawned":[2,7,14,16,18,21,22,35,38],"killed_by":"Giant Head","ascension_level":1}