{"gold_per_floor":[213,233,244,40,40,75,75,6,6,40,52,67,67,82,82,180,180,194,207,227,227,89,89,120,120,120,120,120,132,232,258,258,360,360,370,381,481,481,528,528,528,553,577,463,496,507,507,12,12,12],"floor_reached":51,"playtime":5352,"items_purged":["Parasite","Parasite"],"score":801,"play_id":"1515485b-9706-44dd-a6ca-14eab4ef908e","local_time":"20190623122234","is_ascension_mode":false,"campfire_choices":[{"data":"Genetic Algorithm","floor":7.0,"key":"SMITH"},{"data":"Seek","floor":13.0,"key":"SMITH"},{"data":"Seek","floor":15.0,"key":"SMITH"},{"data":"Lockon","floor":23,"key":"SMITH"},{"data":"1","floor":27,"key":"LIFT"},{"data":"2","floor":32,"key":"LIFT"},{"data":"3","floor":40,"key":"LIFT"},{"data":"Double Energy","floor":41,"key":"SMITH"},{"data":"Hologram","floor":47,"key":"SMITH"},{"data":"Double Energy","floor":49,"key":"SMITH"}],"neow_cost":"NONE","seed_source_timestamp":0,"circlet_count":0,"master_deck":["Strike_B+1","Strike_B+1","Strike_B+1","Defend_B+1","Defend_B+1","Defend_B+1","Defend_B+1","Zap","Dualcast","Conserve Battery","Genetic Algorithm+1","Ball Lightning","Echo Form","Turbo","Iron Wave","Seek+1","Doom and Gloom","Compile Driver","Seek+1","Sweeping Beam","Electrodynamics","Leap","Steam Power","Double Energy+1","Lockon+1","Double Energy+1","Loop+1","Hologram+1","Ball Lightning+1","Buffer+1","Steam Power+1","Skim+1","Storm+1","Turbo+1","Static Discharge+1","Capacitor+1","Sweeping Beam+1","Magnetism+1","Hello World+1"],"special_seed":0,"relics":["Cracked Core","Regal Pillow","Mummified Hand","Omamori","Cursed Key","Frozen Egg 2","Girya","Nilry\u0027s Codex","Bird Faced Urn","Shuriken","Ornamental Fan","Sozu","Nunchaku","WingedGreaves","Anchor","Pen Nib","Lantern","PreservedInsect","Happy Flower"],"potions_floor_usage":[24,29,30,30,33,50],"damage_taken":[{"damage":0.0,"enemies":"2 Louse","floor":1.0,"turns":2.0},{"damage":1.0,"enemies":"Cultist","floor":2.0,"turns":3.0},{"damage":3.0,"enemies":"Jaw Worm","floor":3.0,"turns":3.0},{"damage":3.0,"enemies":"Lagavulin","floor":6.0,"turns":6.0},{"damage":10.0,"enemies":"Gremlin Nob","floor":10.0,"turns":4.0},{"damage":16.0,"enemies":"Large Slime","floor":11.0,"turns":5.0},{"damage":5.0,"enemies":"Looter","floor":12.0,"turns":3.0},{"damage":0.0,"enemies":"3 Louse","floor":14.0,"turns":2.0},{"damage":13.0,"enemies":"Hexaghost","floor":16.0,"turns":9.0},{"damage":0,"enemies":"Chosen","floor":18,"turns":4},{"damage":0,"enemies":"Shell Parasite","floor":19,"turns":5},{"damage":3,"enemies":"Centurion and Healer","floor":20,"turns":5},{"damage":4,"enemies":"Book of Stabbing","floor":24,"turns":4},{"damage":0,"enemies":"Snecko","floor":29,"turns":4},{"damage":0,"enemies":"Colosseum Slavers","floor":30,"turns":3},{"damage":0,"enemies":"Colosseum Nobs","floor":30,"turns":3},{"damage":0,"enemies":"Slavers","floor":31,"turns":3},{"damage":26,"enemies":"Collector","floor":33,"turns":5},{"damage":28,"enemies":"3 Darklings","floor":35,"turns":4},{"damage":0,"enemies":"3 Shapes","floor":36,"turns":3},{"damage":12,"enemies":"Mind Bloom Boss Battle","floor":37,"turns":5},{"damage":0,"enemies":"Nemesis","floor":42,"turns":5},{"damage":3,"enemies":"Giant Head","floor":45,"turns":6},{"damage":0,"enemies":"Maw","floor":46,"turns":5},{"damage":9,"enemies":"Donu and Deca","floor":50,"turns":6}],"seed_played":"2484566416362761830","potions_obtained":[{"floor":2.0,"key":"SpeedPotion"},{"floor":11.0,"key":"PowerPotion"},{"floor":12.0,"key":"FearPotion"},{"floor":16.0,"key":"FocusPotion"},{"floor":18,"key":"EssenceOfSteel"},{"floor":24,"key":"SkillPotion"},{"floor":29,"key":"Block Potion"},{"floor":30,"key":"Ancient Potion"}],"is_trial":false,"path_per_floor":["M","M","M","$","?","E","R","$","T","E","M","M","R","M","R","B",null,"M","M","M","?","$","R","E","?","T","R","?","M","?","E","R","B",null,"M","M","?","T","T","R","R","E","T","$","E","M","R","$","R","B",null],"character_chosen":"DEFECT","items_purchased":["Echo Form","Turbo","Doom and Gloom","Lockon","Double Energy","Static Discharge+1","Magnetism+1","Happy Flower","Hello World+1"],"campfire_rested":0,"item_purchase_floors":[4,4,8,22,22,44,48,48,48],"current_hp_per_floor":[75,74,71,71,71,68,68,68,68,58,42,37,37,37,37,24,75,75,75,72,72,72,72,68,68,68,68,52,52,52,56,56,40,75,51,61,61,61,61,61,61,73,73,72,72,72,72,69,69,69],"gold":12,"neow_bonus":"HUNDRED_GOLD","is_prod":false,"is_daily":false,"chose_seed":false,"campfire_upgraded":7,"win_rate":0.0,"timestamp":1561288954,"path_taken":["M","M","M","$","?","E","R","?","T","E","?","M","R","M","R","BOSS","M","M","M","?","$","R","E","?","T","R","?","M","?","E","R","BOSS","M","M","?","?","?","R","R","E","T","$","E","M","R","?","R","BOSS"],"build_version":"2019-01-23","purchased_purges":2,"victory":true,"max_hp_per_floor":[75,75,75,75,75,75,75,75,75,75,75,75,75,75,75,75,75,75,75,75,75,75,75,75,75,75,75,75,75,75,75,75,75,75,75,75,75,75,75,75,75,75,75,72,72,72,72,69,69,69],"card_choices":[{"not_picked":["Tempest","Beam Cell"],"picked":"Conserve Battery","floor":1.0},{"not_picked":["Rebound","Streamline"],"picked":"Genetic Algorithm","floor":2.0},{"not_picked":["Go for the Eyes","Compile Driver"],"picked":"Ball Lightning","floor":3.0},{"not_picked":["FTL","Steam Power"],"picked":"Seek","floor":6.0},{"not_picked":["Stack","Streamline"],"picked":"Compile Driver","floor":10.0},{"not_picked":["Doom and Gloom","Rip and Tear"],"picked":"Seek","floor":11.0},{"not_picked":["Melter","Blizzard"],"picked":"Sweeping Beam","floor":12.0},{"not_picked":["Gash","Barrage","Beam Cell"],"picked":"SKIP","floor":14.0},{"not_picked":["Meteor Strike","Thunder Strike"],"picked":"Electrodynamics","floor":16.0},{"not_picked":["Stack","Barrage"],"picked":"Leap","floor":18},{"not_picked":["Darkness","Reprogram"],"picked":"Steam Power","floor":19},{"not_picked":["Recycle","Static Discharge"],"picked":"Double Energy","floor":20},{"not_picked":["Static Discharge","Sweeping Beam+1"],"picked":"Loop","floor":24},{"not_picked":["Steam","Compile Driver","Rebound"],"picked":"SKIP","floor":29},{"not_picked":["Chaos","FTL"],"picked":"Hologram","floor":30},{"not_picked":["Beam Cell","Compile Driver"],"picked":"Ball Lightning+1","floor":31},{"not_picked":["Meteor Strike","Thunder Strike"],"picked":"Buffer+1","floor":33},{"not_picked":["Compile Driver+1","Conserve Battery"],"picked":"Steam Power+1","floor":35},{"not_picked":["Undo","Go for the Eyes"],"picked":"Skim+1","floor":36},{"not_picked":["Blizzard+1","Heatsinks+1"],"picked":"Storm+1","floor":37},{"not_picked":["Rebound","Static Discharge+1"],"picked":"Turbo+1","floor":42},{"not_picked":["Rebound+1","Leap+1"],"picked":"Capacitor+1","floor":45},{"not_picked":["All For One","Melter+1"],"picked":"Sweeping Beam+1","floor":46}],"player_experience":37481,"relics_obtained":[{"floor":6.0,"key":"Regal Pillow"},{"floor":9.0,"key":"Mummified Hand"},{"floor":10.0,"key":"Omamori"},{"floor":24,"key":"Frozen Egg 2"},{"floor":26,"key":"Girya"},{"floor":28,"key":"Nilry\u0027s Codex"},{"floor":30,"key":"Bird Faced Urn"},{"floor":30,"key":"Shuriken"},{"floor":31,"key":"Ornamental Fan"},{"floor":37,"key":"Nunchaku"},{"floor":38,"key":"WingedGreaves"},{"floor":39,"key":"Anchor"},{"floor":42,"key":"Pen Nib"},{"floor":43,"key":"Lantern"},{"floor":45,"key":"PreservedInsect"}],"event_choices":[{"cards_removed":["Strike_B"],"damage_healed":0.0,"max_hp_gain":0.0,"max_hp_loss":0.0,"gold_gain":0.0,"event_name":"NoteForYourself","player_choice":"Took Card","floor":5.0,"gold_loss":0.0,"damage_taken":0.0,"cards_obtained":["Iron Wave"]},{"damage_healed":0,"gold_gain":0,"player_choice":"Ignored","damage_taken":0,"max_hp_gain":0,"max_hp_loss":0,"event_name":"Beggar","floor":21,"gold_loss":0},{"damage_healed":0,"gold_gain":0,"player_choice":"Simplicity","damage_taken":0,"max_hp_gain":0,"max_hp_loss":0,"event_name":"Back to Basics","floor":25,"gold_loss":0,"cards_upgraded":["Strike_B","Strike_B","Strike_B","Defend_B","Defend_B","Defend_B","Defend_B"]},{"damage_healed":0,"gold_gain":0,"player_choice":"Obtained Book","damage_taken":16,"max_hp_gain":0,"max_hp_loss":0,"event_name":"Cursed Tome","floor":28,"gold_loss":0},{"damage_healed":0,"gold_gain":0,"player_choice":"Fight","damage_taken":0,"max_hp_gain":0,"max_hp_loss":0,"event_name":"Colosseum","floor":30,"gold_loss":0},{"damage_healed":0,"gold_gain":0,"player_choice":"Fought Nobs","damage_taken":0,"max_hp_gain":0,"max_hp_loss":0,"event_name":"Colosseum","floor":30,"gold_loss":0},{"damage_healed":0,"gold_gain":0,"player_choice":"Fight","damage_taken":0,"max_hp_gain":0,"max_hp_loss":0,"event_name":"MindBloom","floor":37,"gold_loss":0}],"is_beta":false,"boss_relics":[{"not_picked":["Runic Dome","Tiny House"],"picked":"Cursed Key"},{"not_picked":["Busted Crown","Velvet Choker"],"picked":"Sozu"}],"items_purged_floors":[44,48],"is_endless":false,"potions_floor_spawned":[2,11,12,16,18,20,24,29,30,35,45,46],"ascension_level":0}