{"gold_per_floor":[118,118,118,118,68,111,36,55,55,76,91,106,106,122,122,245,245,270,291,291,291,303,303],"floor_reached":23,"playtime":1973,"items_purged":["Strike_B"],"score":251,"play_id":"ade3ec88-82a0-4159-b0a5-d854faed6aef","local_time":"20190803133842","is_ascension_mode":true,"campfire_choices":[{"floor":15,"key":"REST"}],"neow_cost":"NONE","seed_source_timestamp":5444074814317502,"circlet_count":0,"master_deck":["Strike_B","Strike_B","Defend_B","Defend_B","Defend_B","Defend_B","Zap","Dualcast","Melter","Coolheaded","Go for the Eyes","Self Repair","Ball Lightning","Glacier","Auto Shields","Ball Lightning","Creative AI","Beam Cell","Double Energy","Leap"],"relics":["Cracked Core","Bloody Idol","Gremlin Horn","Fusion Hammer"],"potions_floor_usage":[6,6,14,16,16,22,22],"damage_taken":[{"damage":0,"enemies":"Small Slimes","floor":1,"turns":3},{"damage":34,"enemies":"Gremlin Nob","floor":6,"turns":4},{"damage":3,"enemies":"2 Louse","floor":8,"turns":3},{"damage":4,"enemies":"Jaw Worm","floor":10,"turns":4},{"damage":10,"enemies":"2 Fungi Beasts","floor":11,"turns":3},{"damage":7,"enemies":"Blue Slaver","floor":12,"turns":4},{"damage":1,"enemies":"Large Slime","floor":14,"turns":4},{"damage":14,"enemies":"The Guardian","floor":16,"turns":12},{"damage":0,"enemies":"Spheric Guardian","floor":18,"turns":2},{"damage":28,"enemies":"3 Byrds","floor":19,"turns":6},{"damage":33,"enemies":"3 Cultists","floor":22,"turns":5},{"damage":58,"enemies":"Book of Stabbing","floor":23,"turns":6}],"seed_played":"1161664394404856424","potions_obtained":[{"floor":0,"key":"Strength Potion"},{"floor":0,"key":"FairyPotion"},{"floor":0,"key":"Swift Potion"},{"floor":6,"key":"Poison Potion"},{"floor":12,"key":"AttackPotion"},{"floor":14,"key":"LiquidBronze"},{"floor":18,"key":"Regen Potion"},{"floor":19,"key":"Dexterity Potion"}],"is_trial":false,"path_per_floor":["M","?","?","?","?","E","$","M","T","M","M","M","?","M","R","B",null,"M","M","?","?","M","E"],"character_chosen":"DEFECT","items_purchased":[],"campfire_rested":1,"item_purchase_floors":[],"current_hp_per_floor":[68,68,68,73,73,39,39,36,36,32,29,29,29,35,59,52,73,73,52,52,52,45,0],"gold":303,"neow_bonus":"THREE_SMALL_POTIONS","is_prod":false,"is_daily":false,"chose_seed":false,"campfire_upgraded":0,"win_rate":0,"timestamp":1564864722,"path_taken":["M","?","?","?","?","E","$","M","T","M","M","?","?","M","R","BOSS","M","M","?","?","M","E"],"build_version":"2019-07-17","purchased_purges":1,"victory":false,"max_hp_per_floor":[75,75,75,80,80,80,80,80,80,80,80,80,80,80,80,80,80,80,80,80,80,80,80],"card_choices":[{"not_picked":["Lockon","BootSequence"],"picked":"Melter","floor":1},{"not_picked":["Steam","Hologram"],"picked":"Coolheaded","floor":6},{"not_picked":["Hello World","Meteor Strike"],"picked":"Go for the Eyes","floor":8},{"not_picked":["Blizzard","Rebound"],"picked":"Self Repair","floor":10},{"not_picked":["Leap","Redo"],"picked":"Ball Lightning","floor":11},{"not_picked":["Thunder Strike","Fusion"],"picked":"Glacier","floor":12},{"not_picked":["Genetic Algorithm","Darkness"],"picked":"Ball Lightning","floor":14},{"not_picked":["Seek","Meteor Strike"],"picked":"Creative AI","floor":16},{"not_picked":["Auto Shields","Tempest"],"picked":"Beam Cell","floor":18},{"not_picked":["Steam+1","Steam Power+1"],"picked":"Double Energy","floor":19},{"not_picked":["Rebound+1","Beam Cell"],"picked":"Leap","floor":22}],"player_experience":343407,"relics_obtained":[{"floor":6,"key":"Gremlin Horn"}],"event_choices":[{"damage_healed":0,"gold_gain":0,"player_choice":"Ignored","damage_taken":0,"max_hp_gain":0,"max_hp_loss":0,"event_name":"Shining Light","floor":2,"gold_loss":0},{"damage_healed":0,"gold_gain":0,"player_choice":"Take Wound","damage_taken":0,"relics_obtained":["Golden Idol"],"max_hp_gain":0,"max_hp_loss":0,"event_name":"Golden Idol","floor":3,"gold_loss":0,"cards_obtained":["Injury"]},{"damage_healed":0,"gold_gain":0,"player_choice":"Donut","damage_taken":0,"max_hp_gain":5,"max_hp_loss":0,"event_name":"Big Fish","floor":4,"gold_loss":0},{"cards_removed":["Injury"],"damage_healed":0,"gold_gain":0,"player_choice":"Card Removal","damage_taken":0,"max_hp_gain":0,"max_hp_loss":0,"event_name":"The Cleric","floor":5,"gold_loss":50},{"damage_healed":0,"gold_gain":0,"cards_transformed":["Strike_B"],"player_choice":"Change","damage_taken":0,"max_hp_gain":0,"max_hp_loss":0,"event_name":"Living Wall","floor":13,"gold_loss":0,"cards_obtained":["Auto Shields"]},{"damage_healed":0,"gold_gain":0,"player_choice":"Gave Idol","damage_taken":0,"relics_obtained":["Bloody Idol"],"max_hp_gain":0,"max_hp_loss":0,"event_name":"Forgotten Altar","floor":20,"relics_lost":["Golden Idol"],"gold_loss":0},{"damage_healed":0,"gold_gain":0,"player_choice":"Ignored","damage_taken":0,"max_hp_gain":0,"max_hp_loss":0,"event_name":"Vampires","floor":21,"gold_loss":0}],"is_beta":false,"boss_relics":[{"not_picked":["Calling Bell","Inserter"],"picked":"Fusion Hammer"}],"items_purged_floors":[7],"is_endless":false,"potions_floor_spawned":[6,12,14,18,19],"killed_by":"Book of Stabbing","ascension_level":6}