{"gold_per_floor":[117,117,128,128,142,173,173,173,173,173,202,202,232,250,250,354,354,371,398,65,80,97,132,132,53,53,66,66,97,108,141,141,243,243,262,275,185,195,33,33,65,65,89,89,119,119,153,167,167,167],"floor_reached":50,"playtime":6389,"items_purged":["Strike_B"],"score":903,"play_id":"4daed6af-6816-4cfd-a735-1909411b72ea","local_time":"20190306194146","is_ascension_mode":true,"campfire_choices":[{"floor":8.0,"key":"REST"},{"floor":12.0,"key":"REST"},{"floor":15.0,"key":"REST"},{"floor":24.0,"key":"RECALL"},{"floor":28.0,"key":"REST"},{"floor":32.0,"key":"REST"},{"floor":40,"key":"REST"},{"floor":42,"key":"REST"},{"floor":49,"key":"REST"}],"neow_cost":"NONE","seed_source_timestamp":0,"circlet_count":0,"master_deck":["Defend_B","Defend_B","Defend_B+1","Defend_B+1","Zap","Dualcast","Ball Lightning+1","Gash","Rainbow","Static Discharge+1","Parasite","Glacier","Defragment+1","Machine Learning+1","Self Repair+1","Self Repair+1","Conserve Battery","Echo Form+1","Barrage+1","Cold Snap+1","Barrage+1","Conserve Battery","Static Discharge+1","Madness","Madness","Defragment+1"],"special_seed":0,"relics":["Cracked Core","Frozen Egg 2","Mummified Hand","Singing Bowl","Turnip","Fusion Hammer","Red Mask","Molten Egg 2","Meat on the Bone","Lantern","Pear","Kunai","Emotion Chip","Empty Cage","Dodecahedron","Orichalcum","Question Card","PreservedInsect"],"potions_floor_usage":[45,48],"damage_taken":[{"damage":0.0,"enemies":"2 Louse","floor":1.0,"turns":2.0},{"damage":2.0,"enemies":"Jaw Worm","floor":3.0,"turns":3.0},{"damage":4.0,"enemies":"Small Slimes","floor":5.0,"turns":2.0},{"damage":30.0,"enemies":"Gremlin Nob","floor":6.0,"turns":5.0},{"damage":10.0,"enemies":"3 Sentries","floor":11.0,"turns":5.0},{"damage":20.0,"enemies":"Lagavulin","floor":13.0,"turns":4.0},{"damage":9.0,"enemies":"Red Slaver","floor":14.0,"turns":3.0},{"damage":0.0,"enemies":"Slime Boss","floor":16.0,"turns":6.0},{"damage":0.0,"enemies":"Spheric Guardian","floor":18.0,"turns":3.0},{"damage":30.0,"enemies":"Masked Bandits","floor":19.0,"turns":4.0},{"damage":13.0,"enemies":"3 Byrds","floor":21.0,"turns":5.0},{"damage":19.0,"enemies":"Snake Plant","floor":22.0,"turns":3.0},{"damage":28.0,"enemies":"Book of Stabbing","floor":23.0,"turns":5.0},{"damage":21.0,"enemies":"Shelled Parasite and Fungi","floor":27.0,"turns":4.0},{"damage":37.0,"enemies":"Gremlin Leader","floor":29.0,"turns":5.0},{"damage":6.0,"enemies":"Centurion and Healer","floor":30.0,"turns":6.0},{"damage":55.0,"enemies":"Slavers","floor":31.0,"turns":5.0},{"damage":84.0,"enemies":"Collector","floor":33.0,"turns":9.0},{"damage":30.0,"enemies":"3 Darklings","floor":35.0,"turns":7.0},{"damage":16,"enemies":"3 Shapes","floor":36,"turns":4},{"damage":29,"enemies":"Jaw Worm Horde","floor":38,"turns":4},{"damage":49,"enemies":"Reptomancer","floor":41,"turns":5},{"damage":32,"enemies":"Giant Head","floor":45,"turns":9},{"damage":32,"enemies":"Nemesis","floor":47,"turns":9},{"damage":35,"enemies":"Spire Growth","floor":48,"turns":5},{"damage":121,"enemies":"Time Eater","floor":50,"turns":14}],"seed_played":"2774006494189979588","potions_obtained":[{"floor":3.0,"key":"Block Potion"},{"floor":13.0,"key":"EntropicBrew"},{"floor":14.0,"key":"PowerPotion"},{"floor":16.0,"key":"Fire Potion"},{"floor":21.0,"key":"GamblersBrew"},{"floor":22.0,"key":"Fruit Juice"},{"floor":27.0,"key":"LiquidBronze"},{"floor":29.0,"key":"PowerPotion"},{"floor":30.0,"key":"SteroidPotion"},{"floor":33.0,"key":"EssenceOfSteel"},{"floor":35,"key":"FearPotion"},{"floor":38,"key":"GamblersBrew"},{"floor":47,"key":"Energy Potion"},{"floor":48,"key":"Energy Potion"}],"is_trial":false,"path_per_floor":["M","?","M","?","M","E","?","R","T","?","E","R","E","M","R","B",null,"M","?","$","M","M","E","R","?","T","M","R","E","M","E","R","B",null,"M","M","?","M","$","R","E","R","T","?","E","?","E","M","R","B"],"character_chosen":"DEFECT","items_purchased":["Molten Egg 2","Self Repair+1","Conserve Battery","Static Discharge+1"],"campfire_rested":8,"item_purchase_floors":[20,20,39,39],"current_hp_per_floor":[75,59,57,57,53,23,43,67,67,55,47,72,52,43,68,83,84,86,58,58,55,61,53,53,53,63,84,103,105,107,76,108,68,100,100,104,104,97,97,113,96,115,115,101,99,101,81,90,121,0],"gold":167,"neow_bonus":"TEN_PERCENT_HP_BONUS","is_prod":false,"is_daily":false,"chose_seed":false,"campfire_upgraded":0,"win_rate":0,"timestamp":1551930106,"path_taken":["M","?","M","?","M","E","?","R","T","?","E","R","E","M","R","BOSS","M","?","$","M","M","E","R","?","T","?","R","E","M","E","R","BOSS","M","M","?","?","$","R","E","R","T","?","E","?","E","M","R","BOSS"],"build_version":"2019-01-23","purchased_purges":1,"victory":false,"max_hp_per_floor":[82,82,82,82,82,82,82,82,82,82,84,84,84,84,84,84,84,86,88,88,88,93,93,93,93,103,103,103,105,107,109,109,111,111,111,111,111,113,113,113,115,115,115,115,115,117,119,121,121,121],"card_choices":[{"not_picked":["Barrage","Scrape"],"picked":"Ball Lightning","floor":1.0},{"not_picked":["Streamline","Sweeping Beam"],"picked":"Gash","floor":3.0},{"not_picked":["Sweeping Beam","Doom and Gloom"],"picked":"Rainbow","floor":5.0},{"not_picked":["Electrodynamics","Hologram"],"picked":"Static Discharge","floor":6.0},{"not_picked":["Go for the Eyes","Reboot","Hologram"],"picked":"Singing Bowl","floor":11.0},{"not_picked":["Compile Driver","Doom and Gloom"],"picked":"Glacier","floor":13.0},{"not_picked":["Sweeping Beam","Reinforced Body"],"picked":"Defragment+1","floor":14.0},{"not_picked":["All For One","Reboot"],"picked":"Machine Learning+1","floor":16.0},{"not_picked":["Barrage","Rebound+1","Compile Driver"],"picked":"Singing Bowl","floor":18.0},{"not_picked":["Hologram","Go for the Eyes","Blizzard"],"picked":"Singing Bowl","floor":19.0},{"not_picked":["Stack+1","Lockon+1"],"picked":"Self Repair+1","floor":21.0},{"not_picked":["Coolheaded","Go for the Eyes+1"],"picked":"Conserve Battery","floor":22.0},{"not_picked":["Barrage+1","Turbo"],"picked":"Echo Form+1","floor":23.0},{"not_picked":["Rebound+1","Leap"],"picked":"Barrage+1","floor":27.0},{"not_picked":["Redo+1","Ball Lightning+1","Rebound+1"],"picked":"Singing Bowl","floor":29.0},{"not_picked":["Sunder+1","Hologram","Reinforced Body"],"picked":"Singing Bowl","floor":30.0},{"not_picked":["Genetic Algorithm+1","Force Field","Turbo"],"picked":"Singing Bowl","floor":31.0},{"not_picked":["Creative AI+1","Meteor Strike+1","All For One+1"],"picked":"Singing Bowl","floor":33.0},{"not_picked":["Leap","Compile Driver+1"],"picked":"Cold Snap+1","floor":35},{"not_picked":["Cold Snap+1","Skim+1"],"picked":"Barrage+1","floor":36},{"not_picked":["Streamline+1","Sunder+1","Compile Driver+1"],"picked":"Singing Bowl","floor":38},{"not_picked":["Scrape+1","Cold Snap+1","Coolheaded"],"picked":"Singing Bowl","floor":41},{"not_picked":["BootSequence+1","Coolheaded"],"picked":"Defragment+1","floor":45},{"not_picked":["Discovery","Enlightenment","Panache+1","Trip"],"picked":"Singing Bowl","floor":46},{"not_picked":["Hologram+1","Fission","Melter+1","Stack+1"],"picked":"Singing Bowl","floor":47},{"not_picked":["Auto Shields+1","Hologram","Redo","Compile Driver+1"],"picked":"Singing Bowl","floor":48}],"player_experience":291054,"relics_obtained":[{"floor":6.0,"key":"Frozen Egg 2"},{"floor":11.0,"key":"Singing Bowl"},{"floor":13.0,"key":"Turnip"},{"floor":19.0,"key":"Red Mask"},{"floor":23.0,"key":"Meat on the Bone"},{"floor":26.0,"key":"Pear"},{"floor":29.0,"key":"Kunai"},{"floor":31.0,"key":"Emotion Chip"},{"floor":41,"key":"Dodecahedron"},{"floor":43,"key":"Orichalcum"},{"floor":45,"key":"Question Card"},{"floor":47,"key":"PreservedInsect"}],"event_choices":[{"damage_healed":0.0,"max_hp_gain":0.0,"max_hp_loss":0.0,"gold_gain":0.0,"event_name":"Shining Light","player_choice":"Entered Light","floor":2.0,"gold_loss":0.0,"damage_taken":16.0,"cards_upgraded":["Ball Lightning","Defend_B"]},{"damage_healed":0.0,"max_hp_gain":0.0,"max_hp_loss":0.0,"gold_gain":0.0,"event_name":"Liars Game","player_choice":"Ignored","floor":4.0,"gold_loss":0.0,"damage_taken":0.0},{"damage_healed":20.0,"max_hp_gain":0.0,"max_hp_loss":0.0,"gold_gain":0.0,"event_name":"Mushrooms","player_choice":"Healed and dodged fight","floor":7.0,"gold_loss":0.0,"damage_taken":0.0,"cards_obtained":["Parasite"]},{"damage_healed":0.0,"max_hp_gain":0.0,"max_hp_loss":0.0,"gold_gain":0.0,"event_name":"Scrap Ooze","player_choice":"Success","floor":10.0,"gold_loss":0.0,"damage_taken":12.0,"relics_obtained":["Mummified Hand"]},{"damage_healed":0.0,"max_hp_gain":0.0,"max_hp_loss":0.0,"gold_gain":0.0,"event_name":"Masked Bandits","player_choice":"Fought Bandits","floor":19.0,"gold_loss":0.0,"damage_taken":0.0},{"damage_healed":0.0,"max_hp_gain":0.0,"max_hp_loss":0.0,"gold_gain":0.0,"event_name":"WeMeetAgain","player_choice":"Paid Gold","floor":25.0,"gold_loss":79.0,"damage_taken":0.0,"relics_obtained":["Lantern"]},{"cards_removed":["Strike_B"],"damage_healed":0,"gold_gain":0,"player_choice":"Upgrade and Remove","damage_taken":0,"max_hp_gain":0,"max_hp_loss":0,"event_name":"Designer","floor":37,"gold_loss":90,"cards_upgraded":["Defend_B"]},{"damage_healed":0,"gold_gain":0,"player_choice":"Embrace Madness","damage_taken":14,"max_hp_gain":0,"max_hp_loss":0,"event_name":"Winding Halls","floor":44,"gold_loss":0,"cards_obtained":["Madness","Madness"]},{"damage_healed":0,"gold_gain":0,"player_choice":"Memory 1","damage_taken":0,"max_hp_gain":0,"max_hp_loss":0,"event_name":"SensoryStone","floor":46,"gold_loss":0}],"is_beta":false,"boss_relics":[{"not_picked":["Astrolabe","Black Star"],"picked":"Fusion Hammer"},{"not_picked":["Philosopher\u0027s Stone","Eternal Feather"],"picked":"Empty Cage"}],"items_purged_floors":[39],"is_endless":false,"potions_floor_spawned":[3,13,14,16,21,22,27,29,30,33,35,38,47,48],"killed_by":"Time Eater","ascension_level":6}