{"gold_per_floor":[111,123,48,64,64,64,96,115,141,141,175,190,204,0,0,102,102,120,219,236,35,35,35,35],"floor_reached":24,"playtime":1635,"items_purged":["Strike_B","Defend_B","Strike_B"],"score":268,"play_id":"684fcf8a-48e4-4d73-8670-76730667481e","local_time":"20190803130532","is_ascension_mode":true,"campfire_choices":[{"data":"Zap","floor":6,"key":"SMITH"},{"floor":10,"key":"REST"},{"floor":15,"key":"REST"},{"data":"Echo Form","floor":23,"key":"SMITH"}],"neow_cost":"NONE","seed_source_timestamp":5442422297715366,"circlet_count":0,"master_deck":["Strike_B+1","Defend_B","Defend_B","Defend_B","Zap+1","Dualcast","Gash+1","Redo","Gash","Gash","Glacier","Reboot","Coolheaded","Self Repair","Leap","Melter","Echo Form+1","Blizzard"],"relics":["Cracked Core","Bag of Preparation","Whetstone","Bag of Marbles","Black Star"],"potions_floor_usage":[7,16,16,24],"damage_taken":[{"damage":0,"enemies":"Cultist","floor":1,"turns":3},{"damage":4,"enemies":"Jaw Worm","floor":2,"turns":4},{"damage":4,"enemies":"2 Louse","floor":4,"turns":3},{"damage":25,"enemies":"3 Sentries","floor":7,"turns":5},{"damage":1,"enemies":"Looter","floor":8,"turns":2},{"damage":14,"enemies":"Lagavulin","floor":11,"turns":5},{"damage":0,"enemies":"Red Slaver","floor":12,"turns":3},{"damage":8,"enemies":"Large Slime","floor":13,"turns":3},{"damage":12,"enemies":"Slime Boss","floor":16,"turns":11},{"damage":0,"enemies":"Chosen","floor":18,"turns":4},{"damage":0,"enemies":"Spheric Guardian","floor":20,"turns":1},{"damage":99,"enemies":"Slavers","floor":24,"turns":4}],"seed_played":"-5994314375298278739","potions_obtained":[{"floor":1,"key":"Poison Potion"},{"floor":4,"key":"Swift Potion"},{"floor":11,"key":"Block Potion"}],"is_trial":false,"path_per_floor":["M","M","$","M","?","R","E","M","T","R","E","M","M","$","R","B",null,"M","?","M","$","?","R","E"],"character_chosen":"DEFECT","items_purchased":["Leap","Melter","Regen Potion"],"campfire_rested":2,"item_purchase_floors":[14,14,21],"current_hp_per_floor":[68,64,64,60,60,60,35,34,34,56,42,42,34,34,56,51,69,75,75,75,75,75,75,0],"gold":35,"neow_bonus":"RANDOM_COMMON_RELIC","is_prod":false,"is_daily":false,"chose_seed":false,"campfire_upgraded":2,"win_rate":0,"timestamp":1564862732,"path_taken":["M","?","$","M","?","R","E","M","T","R","E","?","M","$","R","BOSS","M","?","M","$","?","R","E"],"build_version":"2019-07-17","purchased_purges":3,"victory":false,"max_hp_per_floor":[75,75,75,75,75,75,75,75,75,75,75,75,75,75,75,75,75,75,75,75,75,75,75,75],"card_choices":[{"not_picked":["Recycle","Chill"],"picked":"Gash","floor":1},{"not_picked":["Beam Cell","Turbo"],"picked":"Redo","floor":2},{"not_picked":["Steam","Heatsinks"],"picked":"Gash","floor":4},{"not_picked":["Steam","Conserve Battery","Beam Cell"],"picked":"SKIP","floor":7},{"not_picked":["Rebound","Turbo"],"picked":"Glacier","floor":8},{"not_picked":["Conserve Battery","Blizzard"],"picked":"Reboot","floor":11},{"not_picked":["Sweeping Beam","Steam Power"],"picked":"Coolheaded","floor":12},{"not_picked":["Coolheaded","Tempest"],"picked":"Self Repair","floor":13},{"not_picked":["Hyperbeam","Meteor Strike"],"picked":"Echo Form","floor":16},{"not_picked":["Rebound","FTL"],"picked":"Blizzard","floor":18},{"not_picked":["Rebound","Leap","Streamline"],"picked":"SKIP","floor":20}],"player_experience":341772,"relics_obtained":[{"floor":7,"key":"Whetstone"},{"floor":11,"key":"Bag of Marbles"}],"event_choices":[{"damage_healed":0,"gold_gain":0,"cards_transformed":["Strike_B"],"player_choice":"Transformed","damage_taken":0,"max_hp_gain":0,"max_hp_loss":0,"event_name":"Transmorgrifier","floor":5,"gold_loss":0,"cards_obtained":["Gash"]},{"damage_healed":0,"gold_gain":99,"player_choice":"Stole From Cult","damage_taken":0,"max_hp_gain":0,"max_hp_loss":0,"event_name":"Nest","floor":19,"gold_loss":0}],"is_beta":false,"boss_relics":[{"not_picked":["Orrery","Ectoplasm"],"picked":"Black Star"}],"items_purged_floors":[3,14,21],"is_endless":false,"potions_floor_spawned":[1,4,11],"killed_by":"Slavers","ascension_level":6}