{"gold_per_floor":[215,215,105,117,137,165,165,165,165,177,191,91,111,140,140,238,238,248,248,264,278,278],"floor_reached":22,"playtime":2989,"items_purged":["Defend_G","Strike_G"],"score":208,"play_id":"01cd4801-945b-421a-9cf0-85f6badcf28f","local_time":"20181112210936","is_ascension_mode":true,"campfire_choices":[{"floor":7.0,"key":"REST"},{"floor":15.0,"key":"REST"}],"neow_cost":"NONE","seed_source_timestamp":0,"circlet_count":0,"master_deck":["Defend_G","Defend_G","Defend_G","Defend_G","Strike_G","Strike_G","Strike_G","Strike_G","Survivor","Neutralize","Cloak And Dagger","Footwork","Infinite Blades","Deadly Poison","Distraction","Caltrops","Backflip","Dash","Burst","Bouncing Flask"],"special_seed":0,"relics":["Ring of the Snake","Letter Opener","Blood Vial","Lantern","Snecko Eye"],"potions_floor_usage":[21,21,21],"damage_taken":[{"damage":0.0,"enemies":"Small Slimes","floor":1.0,"turns":4.0},{"damage":0.0,"enemies":"Cultist","floor":4.0,"turns":5.0},{"damage":0.0,"enemies":"Jaw Worm","floor":5.0,"turns":4.0},{"damage":15.0,"enemies":"3 Sentries","floor":6.0,"turns":9.0},{"damage":1.0,"enemies":"Exordium Thugs","floor":10.0,"turns":5.0},{"damage":0.0,"enemies":"Blue Slaver","floor":11.0,"turns":5.0},{"damage":0.0,"enemies":"Lots of Slimes","floor":13.0,"turns":4.0},{"damage":21.0,"enemies":"Gremlin Nob","floor":14.0,"turns":5.0},{"damage":12.0,"enemies":"Slime Boss","floor":16.0,"turns":12.0},{"damage":27.0,"enemies":"Chosen","floor":18.0,"turns":6.0},{"damage":0,"enemies":"Colosseum Slavers","floor":19,"turns":6},{"damage":0,"enemies":"3 Byrds","floor":20,"turns":3},{"damage":31,"enemies":"Centurion and Healer","floor":21,"turns":7},{"damage":24,"enemies":"Sentry and Sphere","floor":22,"turns":7}],"seed_played":"5033610123590896706","potions_obtained":[{"floor":1.0,"key":"Swift Potion"},{"floor":4.0,"key":"Poison Potion"},{"floor":8.0,"key":"EntropicBrew"},{"floor":8.0,"key":"EntropicBrew"},{"floor":10.0,"key":"GhostInAJar"},{"floor":16.0,"key":"Ancient Potion"},{"floor":18.0,"key":"GamblersBrew"}],"is_trial":false,"path_per_floor":["M","?","$","M","M","E","R","?","T","M","M","$","M","E","R","B",null,"M","?","M","M","M"],"character_chosen":"THE_SILENT","items_purchased":["Footwork"],"campfire_rested":2,"item_purchase_floors":[3],"current_hp_per_floor":[70,70,70,70,70,55,70,70,70,69,70,70,70,49,70,58,70,43,45,47,18,0],"gold":278,"neow_bonus":"HUNDRED_GOLD","is_prod":false,"is_daily":false,"chose_seed":false,"campfire_upgraded":0,"win_rate":0,"timestamp":1542085776,"path_taken":["M","?","$","?","M","E","R","?","T","M","M","$","?","E","R","BOSS","M","?","M","M","M"],"build_version":"2018-11-08","purchased_purges":2,"victory":false,"max_hp_per_floor":[70,70,70,70,70,70,70,70,70,70,70,70,70,70,70,70,70,70,70,70,70,70],"card_choices":[{"not_picked":["Riddle With Holes","Outmaneuver"],"picked":"Cloak And Dagger","floor":1.0},{"not_picked":["Prepared","Dodge and Roll"],"picked":"Infinite Blades","floor":4.0},{"not_picked":["Deflect","Cloak And Dagger"],"picked":"Deadly Poison","floor":5.0},{"not_picked":["Terror","Choke"],"picked":"Distraction","floor":6.0},{"not_picked":["Backstab","Outmaneuver"],"picked":"Caltrops","floor":10.0},{"not_picked":["Prepared","Catalyst"],"picked":"Backflip","floor":11.0},{"not_picked":["A Thousand Cuts","Outmaneuver"],"picked":"Dash","floor":13.0},{"not_picked":["Backflip","Blade Dance","Acrobatics"],"picked":"SKIP","floor":14.0},{"not_picked":["Storm of Steel","Phantasmal Killer"],"picked":"Burst","floor":16.0},{"not_picked":["Skewer","Deflect","Prepared"],"picked":"SKIP","floor":18.0},{"not_picked":["Caltrops","Deflect"],"picked":"Bouncing Flask","floor":20},{"not_picked":["Skewer","Crippling Poison","Cloak And Dagger"],"picked":"SKIP","floor":21}],"player_experience":198693,"relics_obtained":[{"floor":6.0,"key":"Letter Opener"},{"floor":9.0,"key":"Blood Vial"},{"floor":14.0,"key":"Lantern"}],"event_choices":[{"damage_healed":0.0,"max_hp_gain":0.0,"max_hp_loss":0.0,"gold_gain":0.0,"event_name":"The Woman in Blue","player_choice":"Bought 0 Potions","floor":2.0,"gold_loss":0.0,"damage_taken":0.0},{"damage_healed":0.0,"max_hp_gain":0.0,"max_hp_loss":0.0,"gold_gain":0.0,"event_name":"Lab","player_choice":"Got Potions","floor":8.0,"gold_loss":0.0,"damage_taken":0.0},{"damage_healed":0,"gold_gain":0,"player_choice":"Fight","damage_taken":0,"max_hp_gain":0,"max_hp_loss":0,"event_name":"Colosseum","floor":19,"gold_loss":0},{"damage_healed":0,"gold_gain":0,"player_choice":"Fled From Nobs","damage_taken":0,"max_hp_gain":0,"max_hp_loss":0,"event_name":"Colosseum","floor":19,"gold_loss":0}],"is_beta":false,"boss_relics":[{"not_picked":["Sozu","Runic Pyramid"],"picked":"Snecko Eye"}],"items_purged_floors":[3,12],"is_endless":false,"potions_floor_spawned":[1,4,10,16,18,19],"killed_by":"Sentry and Sphere","ascension_level":1}