{"gold_per_floor":[117,134,17,17,29,54,54,112,187,187,200,200,225,238,238,335,335,355,355,270,284,299,299,324,324,324,324],"floor_reached":27,"playtime":1728,"items_purged":[],"score":265,"play_id":"8f4f5d6b-51c4-4f73-ba77-6c494e6ab536","local_time":"20190612193721","is_ascension_mode":true,"campfire_choices":[{"data":"Zap","floor":7,"key":"SMITH"},{"data":"Dualcast","floor":10,"key":"SMITH"},{"data":"Streamline","floor":12,"key":"SMITH"},{"floor":15,"key":"REST"},{"data":"Genetic Algorithm","floor":23,"key":"SMITH"}],"neow_cost":"NONE","seed_source_timestamp":871588296337600,"circlet_count":0,"master_deck":["Strike_B","Strike_B","Strike_B","Strike_B","Defend_B","Defend_B","Defend_B","Defend_B","Zap+1","Dualcast+1","Streamline+1","Sweeping Beam+1","Trip","Steam","Clumsy","All For One","Static Discharge","BootSequence","Reinforced Body","Steam","Fusion","White Noise","Core Surge","Doom and Gloom","Streamline","Auto Shields","Coolheaded","Conserve Battery","FTL+1","Genetic Algorithm+1","Self Repair","Electrodynamics"],"relics":["Cracked Core","Ancient Tea Set","Cables","Question Card","Boot","Orrery","Pen Nib","Pantograph","Singing Bowl"],"potions_floor_usage":[6,16,19,22,27],"damage_taken":[{"damage":1,"enemies":"Cultist","floor":1,"turns":3},{"damage":2,"enemies":"Jaw Worm","floor":2,"turns":3},{"damage":0,"enemies":"2 Louse","floor":5,"turns":3},{"damage":25,"enemies":"3 Sentries","floor":6,"turns":6},{"damage":17,"enemies":"3 Sentries","floor":8,"turns":7},{"damage":0,"enemies":"Large Slime","floor":11,"turns":3},{"damage":16,"enemies":"Gremlin Nob","floor":13,"turns":4},{"damage":1,"enemies":"Looter","floor":14,"turns":2},{"damage":30,"enemies":"Slime Boss","floor":16,"turns":9},{"damage":13,"enemies":"2 Thieves","floor":18,"turns":3},{"damage":12,"enemies":"Colosseum Slavers","floor":19,"turns":4},{"damage":17,"enemies":"Spheric Guardian","floor":21,"turns":3},{"damage":19,"enemies":"3 Cultists","floor":22,"turns":5},{"damage":20,"enemies":"Gremlin Leader","floor":24,"turns":6},{"damage":18,"enemies":"Sentry and Sphere","floor":27,"turns":3}],"seed_played":"6117796337195130242","potions_obtained":[{"floor":2,"key":"AttackPotion"},{"floor":5,"key":"SkillPotion"},{"floor":6,"key":"Swift Potion"},{"floor":14,"key":"Fire Potion"},{"floor":18,"key":"SteroidPotion"},{"floor":22,"key":"Swift Potion"},{"floor":24,"key":"AttackPotion"}],"is_trial":false,"path_per_floor":["M","M","$","?","M","E","R","?","T","R","M","R","E","M","R","B",null,"M","?","?","M","M","R","E","?","T","M"],"character_chosen":"DEFECT","items_purchased":["Trip","Steam"],"campfire_rested":1,"item_purchase_floors":[3,3],"current_hp_per_floor":[81,79,79,79,79,54,54,37,37,37,37,37,21,20,44,14,82,69,57,57,40,21,21,8,8,8,0],"gold":324,"neow_bonus":"TEN_PERCENT_HP_BONUS","is_prod":false,"is_daily":false,"chose_seed":false,"campfire_upgraded":4,"win_rate":0,"timestamp":1560364641,"path_taken":["M","?","$","?","?","E","R","?","T","R","M","R","E","M","R","BOSS","M","?","?","M","M","R","E","?","T","M"],"build_version":"2019-01-23","purchased_purges":0,"victory":false,"max_hp_per_floor":[82,82,82,82,82,82,82,82,82,82,82,82,82,82,82,82,82,82,82,82,82,82,82,82,82,82,82],"card_choices":[{"not_picked":["Steam","Conserve Battery"],"picked":"Streamline","floor":1},{"not_picked":["Barrage","Redo"],"picked":"Sweeping Beam","floor":2},{"not_picked":["Turbo","Tempest"],"picked":"Static Discharge","floor":5},{"not_picked":["Steam","Biased Cognition"],"picked":"BootSequence","floor":6},{"not_picked":["Skim","Leap"],"picked":"Reinforced Body","floor":8},{"not_picked":["Leap","BootSequence","Heatsinks"],"picked":"Steam","floor":11},{"not_picked":["Rebound","Consume","Ball Lightning"],"picked":"Fusion","floor":13},{"not_picked":["Fusion","Gash","Barrage"],"picked":"White Noise","floor":14},{"not_picked":["Echo Form","Reboot","Amplify"],"picked":"Core Surge","floor":16},{"not_picked":["Cold Snap","Fusion","Stack"],"picked":"Doom and Gloom","floor":17},{"not_picked":["Go for the Eyes","Multi-Cast","Compile Driver"],"picked":"Streamline","floor":17},{"not_picked":["Compile Driver","Stack","Chill"],"picked":"Auto Shields","floor":17},{"not_picked":["Hologram","Ball Lightning","Barrage"],"picked":"Coolheaded","floor":17},{"not_picked":["Redo","Turbo","Stack"],"picked":"Conserve Battery","floor":17},{"not_picked":["Reboot","Turbo+1","Go for the Eyes"],"picked":"FTL+1","floor":18},{"not_picked":["Barrage+1","Stack","Conserve Battery"],"picked":"Genetic Algorithm","floor":21},{"not_picked":["Beam Cell","Turbo+1","Tempest"],"picked":"Self Repair","floor":22},{"not_picked":["Go for the Eyes","Gash+1","Barrage"],"picked":"Electrodynamics","floor":24}],"player_experience":92731,"relics_obtained":[{"floor":6,"key":"Ancient Tea Set"},{"floor":8,"key":"Cables"},{"floor":9,"key":"Question Card"},{"floor":13,"key":"Boot"},{"floor":24,"key":"Pantograph"},{"floor":26,"key":"Singing Bowl"}],"event_choices":[{"damage_healed":0,"gold_gain":0,"player_choice":"2 cards matched","damage_taken":0,"max_hp_gain":0,"max_hp_loss":0,"event_name":"Match and Keep!","floor":4,"gold_loss":0,"cards_obtained":["Clumsy","All For One"]},{"damage_healed":0,"gold_gain":0,"player_choice":"2 cards matched","damage_taken":0,"max_hp_gain":0,"max_hp_loss":0,"event_name":"Match and Keep!","floor":4,"gold_loss":0,"cards_obtained":["Clumsy","All For One"]},{"damage_healed":0,"gold_gain":0,"player_choice":"Searched \u00271\u0027 times","damage_taken":0,"max_hp_gain":0,"max_hp_loss":0,"event_name":"Dead Adventurer","floor":8,"gold_loss":0},{"damage_healed":0,"gold_gain":0,"player_choice":"Fight","damage_taken":0,"max_hp_gain":0,"max_hp_loss":0,"event_name":"Colosseum","floor":19,"gold_loss":0},{"damage_healed":0,"gold_gain":0,"player_choice":"Fled From Nobs","damage_taken":0,"max_hp_gain":0,"max_hp_loss":0,"event_name":"Colosseum","floor":19,"gold_loss":0},{"damage_healed":0,"gold_gain":0,"player_choice":"Obtained Relic","damage_taken":0,"relics_obtained":["Pen Nib"],"max_hp_gain":0,"max_hp_loss":0,"event_name":"Addict","floor":20,"gold_loss":85},{"damage_healed":0,"gold_gain":0,"player_choice":"Upgraded","damage_taken":0,"max_hp_gain":0,"max_hp_loss":0,"event_name":"Upgrade Shrine","floor":25,"gold_loss":0,"cards_upgraded":["Sweeping Beam"]}],"is_beta":false,"boss_relics":[{"not_picked":["White Beast Statue","Fusion Hammer"],"picked":"Orrery"}],"items_purged_floors":[],"is_endless":false,"potions_floor_spawned":[2,5,6,14,18,22,24],"killed_by":"Sentry and Sphere","ascension_level":2}