{"gold_per_floor":[114,124,135,135,154,154,182,193,193,193,225,242,271,282,282,384,384,395,22,42,42,42,42,67,67,91,91,106,122,172,87,87,183,183,194,194,247,347,347,377,391,391,391,391,410,437,449,449,449,449],"floor_reached":50,"playtime":3109,"items_purged":["Strike_R"],"score":617,"play_id":"f2fc6596-b90d-4b12-ace6-53852be33ead","local_time":"20190601153517","is_ascension_mode":true,"campfire_choices":[{"data":"Iron Wave","floor":6,"key":"SMITH"},{"floor":10,"key":"REST"},{"data":"Feed","floor":15,"key":"SMITH"},{"data":"Bludgeon","floor":23,"key":"SMITH"},{"data":"Feed","floor":25,"key":"SMITH"},{"data":"Rage","floor":27,"key":"SMITH"},{"floor":32,"key":"REST"},{"floor":42,"key":"REST"},{"data":"Double Tap","floor":49,"key":"SMITH"}],"neow_cost":"NONE","seed_source_timestamp":14487387907500,"circlet_count":0,"master_deck":["Strike_R+1","Strike_R+1","Strike_R+1","Strike_R+1","Defend_R+1","Defend_R+1","Defend_R+1","Defend_R+1","Bash","Juggernaut","Infernal Blade+1","Iron Wave+1","Infernal Blade","Bludgeon+1","Clash","Clash","Infernal Blade","Feed+1","Shrug It Off+1","Feed+1","Rage+1","Sever Soul","Battle Trance+1","Double Tap+1","Body Slam","The Bomb","Flash of Steel","Pommel Strike+1","Infernal Blade+1","Infernal Blade+1","Pommel Strike+1","Writhe"],"relics":["Black Blood","Juzu Bracelet","Darkstone Periapt","Incense Burner","Mercury Hourglass","Ginger","Anchor","Bag of Marbles","War Paint","Runic Cube","Red Skull","FossilizedHelix","Shuriken","Molten Egg 2","Letter Opener"],"potions_floor_usage":[11,16,33,33,47,50,50],"damage_taken":[{"damage":5,"enemies":"2 Louse","floor":1,"turns":3},{"damage":1,"enemies":"Cultist","floor":2,"turns":4},{"damage":5,"enemies":"Small Slimes","floor":3,"turns":3},{"damage":13,"enemies":"2 Fungi Beasts","floor":5,"turns":3},{"damage":47,"enemies":"Gremlin Nob","floor":7,"turns":5},{"damage":8,"enemies":"Red Slaver","floor":8,"turns":3},{"damage":19,"enemies":"Lagavulin","floor":11,"turns":5},{"damage":1,"enemies":"Large Slime","floor":12,"turns":4},{"damage":1,"enemies":"Gremlin Nob","floor":13,"turns":3},{"damage":0,"enemies":"Exordium Thugs","floor":14,"turns":4},{"damage":6,"enemies":"Slime Boss","floor":16,"turns":5},{"damage":17,"enemies":"Spheric Guardian","floor":18,"turns":4},{"damage":7,"enemies":"Chosen","floor":20,"turns":4},{"damage":52,"enemies":"Slavers","floor":24,"turns":5},{"damage":12,"enemies":"3 Cultists","floor":28,"turns":5},{"damage":4,"enemies":"Snake Plant","floor":29,"turns":3},{"damage":54,"enemies":"Collector","floor":33,"turns":9},{"damage":0,"enemies":"3 Shapes","floor":35,"turns":4},{"damage":0,"enemies":"Mind Bloom Boss Battle","floor":38,"turns":3},{"damage":75,"enemies":"Giant Head","floor":40,"turns":9},{"damage":0,"enemies":"Orb Walker","floor":41,"turns":2},{"damage":0,"enemies":"Jaw Worm Horde","floor":45,"turns":4},{"damage":35,"enemies":"Reptomancer","floor":46,"turns":5},{"damage":0,"enemies":"Transient","floor":47,"turns":5},{"damage":104,"enemies":"Awakened One","floor":50,"turns":11}],"seed_played":"-596858492329349009","potions_obtained":[{"floor":3,"key":"Weak Potion"},{"floor":5,"key":"LiquidBronze"},{"floor":12,"key":"Poison Potion"},{"floor":13,"key":"Fire Potion"},{"floor":14,"key":"SpeedPotion"},{"floor":18,"key":"SpeedPotion"},{"floor":28,"key":"SkillPotion"},{"floor":33,"key":"Dexterity Potion"},{"floor":35,"key":"SpeedPotion"},{"floor":40,"key":"PowerPotion"}],"is_trial":false,"path_per_floor":["M","M","M","?","M","R","E","M","T","R","E","M","E","M","R","B",null,"M","$","M","?","?","R","E","R","T","R","M","M","?","?","R","B",null,"M","?","T","?","?","E","M","R","T","?","M","E","M","?","R","B"],"character_chosen":"IRONCLAD","items_purchased":["Ginger"],"campfire_rested":3,"item_purchase_floors":[19],"current_hp_per_floor":[80,80,80,80,73,73,32,30,30,54,41,46,51,57,57,57,80,73,73,79,79,79,79,41,41,41,41,43,49,49,49,76,32,91,95,90,90,95,95,30,40,68,68,68,86,61,71,103,103,0],"gold":449,"neow_bonus":"ONE_RANDOM_RARE_CARD","is_prod":false,"is_daily":false,"chose_seed":false,"campfire_upgraded":6,"win_rate":0,"timestamp":1559399717,"path_taken":["M","M","M","?","M","R","E","M","T","R","E","M","E","M","R","BOSS","M","$","M","?","?","R","E","R","T","R","M","M","?","?","R","BOSS","M","?","?","?","?","E","M","R","T","?","M","E","M","?","R","BOSS"],"build_version":"2019-01-23","purchased_purges":1,"victory":false,"max_hp_per_floor":[80,80,80,80,80,80,80,80,80,80,80,80,80,80,80,80,80,80,80,83,83,83,83,87,87,87,87,91,91,91,91,91,91,91,95,95,95,95,95,95,95,95,95,95,103,103,103,109,109,109],"card_choices":[{"not_picked":["Ghostly Armor","Iron Wave"],"picked":"Anger","floor":1},{"not_picked":["Heavy Blade","Corruption"],"picked":"Infernal Blade","floor":2},{"not_picked":["Searing Blow","Burning Pact"],"picked":"Iron Wave","floor":3},{"not_picked":["Iron Wave","Clash"],"picked":"Infernal Blade","floor":5},{"not_picked":["Flame Barrier","Flex"],"picked":"Bludgeon","floor":7},{"not_picked":["Hemokinesis","Thunderclap"],"picked":"Clash","floor":8},{"not_picked":["Metallicize","Warcry"],"picked":"Clash","floor":11},{"not_picked":["Headbutt","Anger"],"picked":"Infernal Blade","floor":12},{"not_picked":["Armaments","Feel No Pain"],"picked":"Feed","floor":13},{"not_picked":["Body Slam","Thunderclap"],"picked":"Shrug It Off","floor":14},{"not_picked":["Demon Form","Bludgeon"],"picked":"Feed","floor":16},{"not_picked":["Pummel+1","Twin Strike"],"picked":"Rage","floor":18},{"not_picked":["Headbutt","Clothesline"],"picked":"Sever Soul","floor":20},{"not_picked":["Whirlwind","Anger","Bloodletting"],"picked":"SKIP","floor":24},{"not_picked":["Spot Weakness","Metallicize+1"],"picked":"Battle Trance","floor":28},{"not_picked":["Sword Boomerang","True Grit","Twin Strike"],"picked":"SKIP","floor":29},{"not_picked":["Brutality","Feed"],"picked":"Double Tap","floor":33},{"not_picked":["Thunderclap","Searing Blow+1"],"picked":"Body Slam","floor":35},{"not_picked":["Impatience","Deep Breath"],"picked":"The Bomb","floor":36},{"not_picked":["Forethought","Finesse"],"picked":"Flash of Steel","floor":36},{"not_picked":["Headbutt+1","Clash"],"picked":"Pommel Strike+1","floor":38},{"not_picked":["Brutality","Hemokinesis+1","Heavy Blade+1"],"picked":"SKIP","floor":40},{"not_picked":["Wild Strike+1","Body Slam+1"],"picked":"Infernal Blade+1","floor":41},{"not_picked":["Shrug It Off","Ghostly Armor+1","Rage"],"picked":"SKIP","floor":45},{"not_picked":["Body Slam+1","Ghostly Armor"],"picked":"Infernal Blade+1","floor":46},{"not_picked":["Heavy Blade+1","Wild Strike+1"],"picked":"Pommel Strike+1","floor":47}],"player_experience":51224,"relics_obtained":[{"floor":7,"key":"Juzu Bracelet"},{"floor":9,"key":"Darkstone Periapt"},{"floor":11,"key":"Incense Burner"},{"floor":13,"key":"Mercury Hourglass"},{"floor":24,"key":"Anchor"},{"floor":26,"key":"Bag of Marbles"},{"floor":37,"key":"Red Skull"},{"floor":38,"key":"FossilizedHelix"},{"floor":40,"key":"Shuriken"},{"floor":43,"key":"Molten Egg 2"},{"floor":46,"key":"Letter Opener"}],"event_choices":[{"damage_healed":0,"gold_gain":0,"player_choice":"Upgraded","damage_taken":0,"max_hp_gain":0,"max_hp_loss":0,"event_name":"Upgrade Shrine","floor":4,"gold_loss":0,"cards_upgraded":["Infernal Blade"]},{"damage_healed":0,"gold_gain":0,"player_choice":"Ignored","damage_taken":0,"max_hp_gain":0,"max_hp_loss":0,"event_name":"Beggar","floor":21,"gold_loss":0},{"damage_healed":0,"gold_gain":0,"player_choice":"Simplicity","damage_taken":0,"max_hp_gain":0,"max_hp_loss":0,"event_name":"Back to Basics","floor":22,"gold_loss":0,"cards_upgraded":["Strike_R","Strike_R","Strike_R","Strike_R","Defend_R","Defend_R","Defend_R","Defend_R"]},{"damage_healed":0,"gold_gain":100,"player_choice":"Bet on Murderer","damage_taken":0,"max_hp_gain":0,"max_hp_loss":0,"event_name":"The Joust","floor":30,"gold_loss":50},{"damage_healed":0,"gold_gain":0,"player_choice":"Obtained Relic","damage_taken":0,"relics_obtained":["War Paint"],"max_hp_gain":0,"max_hp_loss":0,"event_name":"Addict","floor":31,"gold_loss":85},{"damage_healed":0,"gold_gain":0,"player_choice":"Memory 2","damage_taken":5,"max_hp_gain":0,"max_hp_loss":0,"event_name":"SensoryStone","floor":36,"gold_loss":0},{"damage_healed":0,"gold_gain":0,"player_choice":"Fight","damage_taken":0,"max_hp_gain":0,"max_hp_loss":0,"event_name":"MindBloom","floor":38,"gold_loss":0},{"damage_healed":0,"gold_gain":0,"player_choice":"Ignored","damage_taken":0,"max_hp_gain":0,"max_hp_loss":0,"event_name":"Tomb of Lord Red Mask","floor":39,"gold_loss":0},{"cards_removed":["Anger"],"damage_healed":0,"gold_gain":0,"player_choice":"Removed Attack","damage_taken":0,"max_hp_gain":0,"max_hp_loss":0,"event_name":"Falling","floor":44,"gold_loss":0},{"damage_healed":26,"gold_gain":0,"player_choice":"Writhe","damage_taken":0,"max_hp_gain":0,"max_hp_loss":0,"event_name":"Winding Halls","floor":48,"gold_loss":0,"cards_obtained":["Writhe"]}],"is_beta":false,"boss_relics":[{"not_picked":["Ectoplasm","Velvet Choker"],"picked":"Black Blood"},{"not_picked":["Mark of Pain","Fusion Hammer"],"picked":"Runic Cube"}],"items_purged_floors":[19],"is_endless":false,"potions_floor_spawned":[3,5,12,13,14,18,20,28,33,35,38,40,45,46],"killed_by":"Awakened One","ascension_level":1}