{"gold_per_floor":[117,95,95,270,287,314,328,328,354,354,370,399,65,30,30,135,135,135,75,75,75,75,75,75,75,75,75,75,75,75,75,75,75],"floor_reached":33,"playtime":4546,"items_purged":["Doubt"],"score":354,"play_id":"d95483e0-9e04-478c-8557-598995057aa8","local_time":"20180911155008","is_ascension_mode":false,"campfire_choices":[{"data":"Heavy Blade","floor":8.0,"key":"SMITH"},{"data":"Shrug It Off","floor":10.0,"key":"SMITH"},{"data":"Armaments","floor":15.0,"key":"SMITH"},{"floor":23,"key":"REST"},{"floor":25,"key":"REST"},{"floor":32,"key":"REST"}],"neow_cost":"NONE","seed_source_timestamp":0,"circlet_count":0,"master_deck":["Defend_R","Defend_R+1","Defend_R","Defend_R+1","Bash","Body Slam","Shrug It Off+1","Bash","Heavy Blade+1","Shrug It Off+1","Inflame","Headbutt","Armaments+1","Uppercut","Offering","Sword Boomerang","Clothesline","Pommel Strike","Battle Trance","Iron Wave+1","Battle Trance","Shrug It Off","Shrug It Off+1","Bite","Bite","Bite","Bite","Bite","Pommel Strike"],"special_seed":0,"relics":["Burning Blood","NeowsBlessing","Vajra","War Paint","Anchor","Dream Catcher","Ectoplasm","MawBank","Self Forming Clay"],"potions_floor_usage":[24,24,33],"damage_taken":[{"damage":0.0,"enemies":"Jaw Worm","floor":1.0,"turns":1.0},{"damage":0.0,"enemies":"Cultist","floor":5.0,"turns":1.0},{"damage":0.0,"enemies":"Gremlin Nob","floor":6.0,"turns":1.0},{"damage":1.0,"enemies":"2 Louse","floor":7.0,"turns":3.0},{"damage":9.0,"enemies":"2 Fungi Beasts","floor":11.0,"turns":3.0},{"damage":28.0,"enemies":"Lagavulin","floor":12.0,"turns":5.0},{"damage":24.0,"enemies":"Slime Boss","floor":16.0,"turns":8.0},{"damage":10.0,"enemies":"Spheric Guardian","floor":18.0,"turns":3.0},{"damage":24,"enemies":"2 Thieves","floor":19,"turns":4},{"damage":6,"enemies":"Snecko","floor":20,"turns":3},{"damage":19,"enemies":"Cultist and Chosen","floor":21,"turns":6},{"damage":27,"enemies":"3 Cultists","floor":22,"turns":5},{"damage":48,"enemies":"Slavers","floor":24,"turns":7},{"damage":1,"enemies":"Snake Plant","floor":27,"turns":4},{"damage":6,"enemies":"Centurion and Healer","floor":28,"turns":6},{"damage":23,"enemies":"Sentry and Sphere","floor":30,"turns":8},{"damage":67,"enemies":"Champ","floor":33,"turns":11}],"seed_played":"-8711926388097646023","potions_obtained":[{"floor":1.0,"key":"Dexterity Potion"},{"floor":7.0,"key":"BloodPotion"},{"floor":12.0,"key":"Block Potion"},{"floor":16.0,"key":"Swift Potion"},{"floor":24,"key":"SkillPotion"},{"floor":28,"key":"SpeedPotion"}],"is_trial":false,"path_per_floor":["M","$","?","?","M","E","M","R","T","R","M","E","$","?","R","B",null,"M","M","M","M","M","R","E","R","T","M","M","?","M","?","R"],"character_chosen":"IRONCLAD","items_purchased":["Shrug It Off","Armaments","Dream Catcher","Uppercut"],"campfire_rested":3,"item_purchase_floors":[2,13,13,13],"current_hp_per_floor":[80,80,80,80,80,80,80,80,80,80,77,55,55,75,75,57,80,76,58,58,45,24,48,14,38,38,43,43,43,26,26,42,0],"gold":75,"neow_bonus":"THREE_ENEMY_KILL","is_prod":false,"is_daily":false,"chose_seed":false,"campfire_upgraded":3,"win_rate":0.0,"timestamp":1536706208,"path_taken":["M","$","?","?","M","E","M","R","T","R","M","E","$","?","R","BOSS","M","M","M","M","M","R","E","R","T","M","M","?","M","?","R","BOSS"],"build_version":"2018-09-06","purchased_purges":1,"victory":false,"max_hp_per_floor":[80,80,80,80,80,80,80,80,80,80,80,80,80,80,80,80,80,80,80,80,80,80,80,80,80,80,80,80,80,80,56,56,56],"card_choices":[{"not_picked":["Blood for Blood","Warcry"],"picked":"Body Slam","floor":1.0},{"not_picked":["Dual Wield","Warcry"],"picked":"Heavy Blade","floor":5.0},{"not_picked":["Rampage","Feed"],"picked":"Shrug It Off","floor":6.0},{"not_picked":["Entrench","Combust","Perfected Strike"],"picked":"SKIP","floor":7.0},{"not_picked":["Disarm","Headbutt"],"picked":"Inflame","floor":11.0},{"not_picked":["Hemokinesis","Juggernaut"],"picked":"Headbutt","floor":12.0},{"not_picked":["Reaper","Double Tap"],"picked":"Offering","floor":16.0},{"not_picked":["True Grit+1","Thunderclap"],"picked":"Sword Boomerang","floor":18},{"not_picked":["Clothesline","Intimidate","Warcry"],"picked":"SKIP","floor":19},{"not_picked":["Thunderclap","Clash"],"picked":"Clothesline","floor":20},{"not_picked":["Sword Boomerang","True Grit"],"picked":"Pommel Strike","floor":21},{"not_picked":["Flex","Bloodletting+1"],"picked":"Battle Trance","floor":22},{"not_picked":["Dual Wield","Heavy Blade"],"picked":"Iron Wave+1","floor":24},{"not_picked":["Second Wind","Corruption"],"picked":"Battle Trance","floor":25},{"not_picked":["Perfected Strike","Ghostly Armor+1","Feel No Pain"],"picked":"SKIP","floor":27},{"not_picked":["Clothesline+1","Cleave"],"picked":"Shrug It Off","floor":28},{"not_picked":["Searing Blow","Body Slam+1"],"picked":"Shrug It Off+1","floor":30},{"not_picked":["Carnage","Dual Wield"],"picked":"Pommel Strike","floor":32}],"player_experience":45737,"relics_obtained":[{"floor":6.0,"key":"Vajra"},{"floor":9.0,"key":"War Paint"},{"floor":12.0,"key":"Anchor"},{"floor":24,"key":"MawBank"},{"floor":26,"key":"Self Forming Clay"}],"event_choices":[{"event_name":"Match and Keep!","player_choice":"1 cards matched","floor":3.0,"damage_taken":0.0},{"event_name":"Liars Game","player_choice":"agreed","floor":4.0,"damage_taken":0.0},{"event_name":"The Cleric","player_choice":"Healed","floor":14.0,"damage_taken":0.0},{"event_name":"Accursed Blacksmith","player_choice":"Forge","floor":29,"damage_taken":0},{"event_name":"Vampires","player_choice":"Became a vampire","floor":31,"damage_taken":0}],"is_beta":false,"boss_relics":[{"not_picked":["Mark of Pain","Sozu"],"picked":"Ectoplasm"}],"items_purged_floors":[13],"is_endless":false,"potions_floor_spawned":[1,7,12,16,18,22,24,28],"killed_by":"Champ","ascension_level":0}