{"gold_per_floor":[119,119,219,144,167,21,21,35,35,75,75,75,75,75,75,201,264,278,278,368,387,3,3,42,66,119,119,132,132,152,176,176,297,297,322,340,340,340,355,355,386,386],"floor_reached":42,"playtime":3409,"items_purged":["Injury","Strike_B","Defend_B"],"score":602,"play_id":"5324e969-a099-4f25-ad07-ead19f7112f7","local_time":"20190322185706","is_ascension_mode":true,"campfire_choices":[{"floor":7,"key":"REST"},{"floor":15,"key":"REST"},{"floor":23,"key":"REST"},{"floor":27,"key":"REST"},{"floor":29,"key":"REST"},{"floor":32,"key":"REST"},{"floor":40,"key":"REST"}],"neow_cost":"NONE","seed_source_timestamp":73987363930752,"circlet_count":0,"master_deck":["Defend_B","Defend_B","Zap","Static Discharge+1","Leap","Glacier","Cold Snap","Double Energy","Coolheaded","Buffer","Gash","Redo","White Noise","Chaos+1","Defragment+1","Cold Snap+1","FTL","Gash","Compile Driver+1","Rebound+1","Doom and Gloom+1","Go for the Eyes+1","Leap+1","Loop+1"],"relics":["Cracked Core","Golden Idol","Cables","Question Card","Tiny House","Pantograph","Unceasing Top","Astrolabe","Bottled Tornado"],"potions_floor_usage":[21,24,24,28,33,41,41],"damage_taken":[{"damage":9,"enemies":"Jaw Worm","floor":1,"turns":3},{"damage":13,"enemies":"2 Louse","floor":5,"turns":2},{"damage":0,"enemies":"Cultist","floor":8,"turns":4},{"damage":45,"enemies":"Gremlin Nob","floor":10,"turns":5},{"damage":33,"enemies":"Hexaghost","floor":16,"turns":14},{"damage":17,"enemies":"Chosen","floor":18,"turns":4},{"damage":16,"enemies":"Spheric Guardian","floor":21,"turns":4},{"damage":33,"enemies":"Slavers","floor":24,"turns":5},{"damage":2,"enemies":"Snecko","floor":25,"turns":9},{"damage":1,"enemies":"Snake Plant","floor":28,"turns":5},{"damage":19,"enemies":"Centurion and Healer","floor":30,"turns":7},{"damage":12,"enemies":"Chosen and Byrds","floor":31,"turns":7},{"damage":16,"enemies":"Champ","floor":33,"turns":11},{"damage":17,"enemies":"3 Shapes","floor":35,"turns":5},{"damage":17,"enemies":"Orb Walker","floor":36,"turns":4},{"damage":20,"enemies":"4 Shapes","floor":39,"turns":5},{"damage":45,"enemies":"Reptomancer","floor":41,"turns":6},{"damage":15,"enemies":"3 Darklings","floor":42,"turns":2}],"seed_played":"-2800123194102889187","potions_obtained":[{"floor":8,"key":"Explosive Potion"},{"floor":10,"key":"Energy Potion"},{"floor":17,"key":"LiquidBronze"},{"floor":24,"key":"Ancient Potion"},{"floor":25,"key":"Swift Potion"},{"floor":30,"key":"EssenceOfSteel"},{"floor":33,"key":"FocusPotion"},{"floor":39,"key":"FairyPotion"}],"is_trial":false,"path_per_floor":["M","?","?","$","M","$","R","M","T","E","?","$","?","?","R","B",null,"M","?","?","M","$","R","E","M","T","R","M","R","M","M","R","B",null,"M","M","?","?","M","R","E","M"],"character_chosen":"DEFECT","items_purchased":["Cold Snap","Pantograph"],"campfire_rested":7,"item_purchase_floors":[6,22],"current_hp_per_floor":[59,59,59,59,46,46,68,68,68,23,16,16,16,41,63,30,69,52,52,36,20,20,44,11,9,9,33,32,56,37,25,49,58,75,58,41,41,41,21,45,8,0],"gold":386,"neow_bonus":"TRANSFORM_CARD","is_prod":false,"is_daily":false,"chose_seed":false,"campfire_upgraded":0,"win_rate":0,"timestamp":1553306226,"path_taken":["M","?","?","$","M","$","R","?","T","E","?","?","?","?","R","BOSS","M","?","?","M","$","R","E","M","T","R","?","R","?","M","R","BOSS","M","?","?","?","?","R","E","M"],"build_version":"2019-01-23","purchased_purges":3,"victory":false,"max_hp_per_floor":[75,75,75,75,75,75,75,75,75,75,75,75,75,75,75,75,80,80,80,80,80,80,80,80,80,80,80,80,80,80,80,80,80,80,80,80,80,80,80,80,80,80],"card_choices":[{"not_picked":["Sweeping Beam","Steam"],"picked":"Leap","floor":1},{"not_picked":["Ball Lightning","Leap"],"picked":"Glacier","floor":5},{"not_picked":["Hologram","Compile Driver"],"picked":"Double Energy","floor":8},{"not_picked":["Sweeping Beam","Steam"],"picked":"Coolheaded","floor":10},{"not_picked":["Amplify","Multi-Cast","Biased Cognition"],"picked":"Buffer","floor":16},{"not_picked":["Steam","Streamline","Heatsinks"],"picked":"Gash","floor":17},{"not_picked":["Go for the Eyes","Rebound","Static Discharge"],"picked":"Redo","floor":18},{"not_picked":["Turbo+1","Ball Lightning+1","Compile Driver"],"picked":"Chaos+1","floor":21},{"not_picked":["Consume","Go for the Eyes","Capacitor"],"picked":"Defragment+1","floor":24},{"not_picked":["Recycle+1","Compile Driver","Fusion"],"picked":"Cold Snap+1","floor":25},{"not_picked":["Turbo","Stack","Beam Cell"],"picked":"FTL","floor":28},{"not_picked":["Cold Snap","Blizzard","Steam+1"],"picked":"Gash","floor":30},{"not_picked":["Machine Learning","Stack","Sunder"],"picked":"Compile Driver+1","floor":31},{"not_picked":["Stack","Redo","Ball Lightning"],"picked":"Go for the Eyes+1","floor":35},{"not_picked":["Go for the Eyes","Lockon","Beam Cell","Sweeping Beam"],"picked":"SKIP","floor":36},{"not_picked":["Force Field+1","Compile Driver+1","Scrape"],"picked":"Leap+1","floor":39},{"not_picked":["Loop+1","Sunder+1","Reprogram","Go for the Eyes"],"picked":"SKIP","floor":41},{"not_picked":["Sunder+1","Reprogram","Go for the Eyes"],"picked":"Loop+1","floor":41}],"player_experience":314947,"relics_obtained":[{"floor":9,"key":"Cables"},{"floor":10,"key":"Question Card"},{"floor":24,"key":"Unceasing Top"},{"floor":41,"key":"Bottled Tornado"}],"event_choices":[{"damage_healed":0,"gold_gain":0,"player_choice":"Take Wound","damage_taken":0,"relics_obtained":["Golden Idol"],"max_hp_gain":0,"max_hp_loss":0,"event_name":"Golden Idol","floor":2,"gold_loss":0,"cards_obtained":["Injury"]},{"damage_healed":0,"gold_gain":100,"player_choice":"Pray","damage_taken":0,"max_hp_gain":0,"max_hp_loss":0,"event_name":"Golden Shrine","floor":3,"gold_loss":0},{"cards_removed":["Defend_B"],"damage_healed":0,"gold_gain":0,"player_choice":"Card Removal","damage_taken":7,"max_hp_gain":0,"max_hp_loss":0,"event_name":"Golden Wing","floor":11,"gold_loss":0},{"damage_healed":0,"gold_gain":0,"player_choice":"Ignored","damage_taken":0,"max_hp_gain":0,"max_hp_loss":0,"event_name":"Shining Light","floor":13,"gold_loss":0},{"damage_healed":25,"gold_gain":0,"player_choice":"Banana","damage_taken":0,"max_hp_gain":0,"max_hp_loss":0,"event_name":"Big Fish","floor":14,"gold_loss":0},{"damage_healed":0,"gold_gain":0,"player_choice":"Read","damage_taken":0,"max_hp_gain":0,"max_hp_loss":0,"event_name":"The Library","floor":19,"gold_loss":0,"cards_obtained":["White Noise"]},{"damage_healed":0,"gold_gain":90,"player_choice":"GOLD ","damage_taken":16,"max_hp_gain":0,"max_hp_loss":0,"event_name":"Knowing Skull","floor":20,"potions_obtained":[],"gold_loss":0,"cards_obtained":[]},{"cards_removed":["Core Surge"],"damage_healed":0,"gold_gain":0,"player_choice":"Removed Attack","damage_taken":0,"max_hp_gain":0,"max_hp_loss":0,"event_name":"Falling","floor":37,"gold_loss":0},{"damage_healed":0,"gold_gain":0,"player_choice":"Ignored","damage_taken":0,"max_hp_gain":0,"max_hp_loss":0,"event_name":"Mysterious Sphere","floor":38,"gold_loss":0}],"is_beta":false,"boss_relics":[{"not_picked":["Orrery","Empty Cage"],"picked":"Tiny House"},{"not_picked":["Black Star","Velvet Choker"],"picked":"Astrolabe"}],"items_purged_floors":[4,6,22],"is_endless":false,"potions_floor_spawned":[8,10,24,25,30,33,39],"killed_by":"3 Darklings","ascension_level":6}