{"gold_per_floor":[117,117,117,137,212,212,248,31,31,31,31,49,67,67,67,188,188,206,206,54,68,68,68,112,112,181,181,216,231,256,280,280,405,405,428,449,108,123,139,439,103,103,103,128,141,141,166,116,116,116],"floor_reached":50,"playtime":2340,"items_purged":["Strike_G+1","Strike_G+1","Strike_G+1"],"score":603,"play_id":"e512b4f4-d480-49ed-b9c3-b75ec70a2166","local_time":"20190706211301","is_ascension_mode":true,"campfire_choices":[{"data":"Neutralize","floor":6,"key":"SMITH"},{"floor":11,"key":"DIG"},{"floor":15,"key":"REST"},{"floor":23,"key":"DIG"},{"floor":25,"key":"DIG"},{"floor":27,"key":"DIG"},{"floor":32,"key":"REST"},{"floor":40,"key":"DIG"},{"floor":46,"key":"DIG"},{"floor":49,"key":"REST"}],"neow_cost":"NONE","seed_source_timestamp":434871890293100,"circlet_count":0,"master_deck":["Strike_G+1","Strike_G+1","Defend_G+1","Defend_G+1","Defend_G+1","Defend_G+1","Defend_G+1","Survivor","Neutralize+1","Bane","Flying Knee","Poisoned Stab","Flying Knee","PiercingWail","Burst","Envenom+1","Dagger Spray","Die Die Die","Bouncing Flask","Dash","After Image","Burst","Catalyst","Cloak And Dagger","Dash","Footwork","Cloak And Dagger","Dodge and Roll+1"],"relics":["Ring of the Snake","Golden Idol","Ice Cream","Snake Skull","Art of War","Shovel","Torii","Eternal Feather","Ninja Scroll","Bag of Preparation","Smiling Mask","Singing Bowl","Blood Vial","Bag of Marbles","Fusion Hammer","Anchor","Old Coin","Toolbox","Omamori","Bronze Scales"],"potions_floor_usage":[7,24,28,33,39,44,47,50,50],"damage_taken":[{"damage":0,"enemies":"Small Slimes","floor":1,"turns":3},{"damage":2,"enemies":"Jaw Worm","floor":4,"turns":4},{"damage":19,"enemies":"Lagavulin","floor":7,"turns":8},{"damage":0,"enemies":"Cultist","floor":12,"turns":3},{"damage":1,"enemies":"Blue Slaver","floor":13,"turns":4},{"damage":22,"enemies":"Hexaghost","floor":16,"turns":11},{"damage":0,"enemies":"Chosen","floor":18,"turns":4},{"damage":1,"enemies":"Spheric Guardian","floor":21,"turns":3},{"damage":3,"enemies":"Gremlin Leader","floor":24,"turns":5},{"damage":15,"enemies":"Book of Stabbing","floor":28,"turns":6},{"damage":21,"enemies":"Centurion and Healer","floor":29,"turns":5},{"damage":10,"enemies":"3 Cultists","floor":30,"turns":4},{"damage":11,"enemies":"Shelled Parasite and Fungi","floor":31,"turns":4},{"damage":57,"enemies":"Automaton","floor":33,"turns":7},{"damage":8,"enemies":"3 Shapes","floor":35,"turns":3},{"damage":2,"enemies":"3 Darklings","floor":36,"turns":4},{"damage":13,"enemies":"Maw","floor":38,"turns":5},{"damage":25,"enemies":"Spire Growth","floor":39,"turns":5},{"damage":11,"enemies":"Jaw Worm Horde","floor":44,"turns":5},{"damage":9,"enemies":"4 Shapes","floor":45,"turns":7},{"damage":26,"enemies":"Spire Growth","floor":47,"turns":5},{"damage":72,"enemies":"Donu and Deca","floor":50,"turns":9}],"seed_played":"2774865638282756398","potions_obtained":[{"floor":4,"key":"EssenceOfSteel"},{"floor":12,"key":"FearPotion"},{"floor":13,"key":"GhostInAJar"},{"floor":21,"key":"GhostInAJar"},{"floor":33,"key":"GamblersBrew"},{"floor":36,"key":"SpeedPotion"},{"floor":45,"key":"GhostInAJar"}],"is_trial":false,"path_per_floor":["M","?","?","M","?","R","E","$","T","T","R","M","M","?","R","B",null,"M","?","$","M","?","R","E","R","T","R","E","M","M","M","R","B",null,"M","M","$","M","M","R","$","?","T","M","M","R","M","$","R","B"],"character_chosen":"THE_SILENT","items_purchased":["Snake Skull","Flying Knee","PiercingWail","Die Die Die","Bouncing Flask","Anchor","Dash","Ancient Potion","EssenceOfSteel","Toolbox"],"campfire_rested":3,"item_purchase_floors":[8,8,8,20,20,37,37,37,41,41],"current_hp_per_floor":[77,71,71,69,58,58,39,39,39,39,39,39,38,31,52,30,71,71,71,71,70,70,71,68,71,71,71,56,39,33,26,64,9,77,69,69,69,60,37,52,52,52,52,43,38,53,29,29,68,0],"gold":116,"neow_bonus":"TEN_PERCENT_HP_BONUS","is_prod":false,"is_daily":false,"chose_seed":false,"campfire_upgraded":1,"win_rate":0,"timestamp":1562443981,"path_taken":["M","?","?","?","?","R","E","$","T","?","R","?","M","?","R","BOSS","M","?","$","M","?","R","E","R","T","R","E","?","M","M","R","BOSS","M","M","$","M","M","R","$","?","T","M","M","R","M","?","R","BOSS"],"build_version":"2019-07-05","purchased_purges":3,"victory":false,"max_hp_per_floor":[77,71,71,71,71,71,71,71,71,71,71,71,71,71,71,71,71,71,71,71,71,71,71,71,71,71,71,71,73,75,77,77,77,77,77,77,77,79,79,79,79,79,79,79,81,81,81,81,81,81],"card_choices":[{"not_picked":["Outmaneuver","Deflect"],"picked":"Bane","floor":1},{"not_picked":["Dagger Spray","Escape Plan"],"picked":"Flying Knee","floor":4},{"not_picked":["Slice","Sucker Punch"],"picked":"Poisoned Stab","floor":7},{"not_picked":["Quick Slash","PiercingWail"],"picked":"Dagger Spray","floor":12},{"not_picked":["Crippling Poison","Predator"],"picked":"Burst","floor":13},{"not_picked":["Night Terror","Venomology"],"picked":"Envenom","floor":16},{"not_picked":["Deflect","Accuracy+1"],"picked":"Dagger Spray","floor":18},{"not_picked":["Eviscerate","Prepared"],"picked":"Dash","floor":21},{"not_picked":["Sucker Punch","Dagger Throw","Outmaneuver"],"picked":"SKIP","floor":24},{"not_picked":["PiercingWail","Dodge and Roll"],"picked":"After Image","floor":28},{"not_picked":["Bane","Backstab+1","Dagger Throw"],"picked":"Singing Bowl","floor":29},{"not_picked":["Skewer","Sucker Punch","Distraction"],"picked":"Singing Bowl","floor":30},{"not_picked":["Outmaneuver+1","Dagger Spray+1","Distraction"],"picked":"Singing Bowl","floor":31},{"not_picked":["Glass Knife","Tools of the Trade"],"picked":"Burst","floor":33},{"not_picked":["Crippling Poison+1","PiercingWail"],"picked":"Catalyst","floor":35},{"not_picked":["Dagger Spray+1","Accuracy+1"],"picked":"Cloak And Dagger","floor":36},{"not_picked":["Blade Dance+1","Tactician","Bane"],"picked":"Singing Bowl","floor":38},{"not_picked":["Sucker Punch+1","Finisher"],"picked":"Footwork","floor":39},{"not_picked":["Setup","Acrobatics"],"picked":"Cloak And Dagger","floor":44},{"not_picked":["Expertise","Poisoned Stab+1","Flying Knee+1"],"picked":"Singing Bowl","floor":45},{"not_picked":["Leg Sweep+1","Expertise+1"],"picked":"Dodge and Roll+1","floor":47}],"player_experience":125307,"relics_obtained":[{"floor":7,"key":"Ice Cream"},{"floor":9,"key":"Art of War"},{"floor":10,"key":"Shovel"},{"floor":11,"key":"Torii"},{"floor":23,"key":"Ninja Scroll"},{"floor":24,"key":"Bag of Preparation"},{"floor":25,"key":"Smiling Mask"},{"floor":26,"key":"Singing Bowl"},{"floor":27,"key":"Blood Vial"},{"floor":28,"key":"Bag of Marbles"},{"floor":40,"key":"Old Coin"},{"floor":43,"key":"Omamori"},{"floor":46,"key":"Bronze Scales"}],"event_choices":[{"damage_healed":0,"gold_gain":0,"player_choice":"Lose Max HP","damage_taken":0,"relics_obtained":["Golden Idol"],"max_hp_gain":0,"max_hp_loss":6,"event_name":"Golden Idol","floor":2,"gold_loss":0},{"damage_healed":0,"gold_gain":0,"player_choice":"Ignored","damage_taken":0,"max_hp_gain":0,"max_hp_loss":0,"event_name":"Liars Game","floor":3,"gold_loss":0},{"damage_healed":0,"gold_gain":75,"player_choice":"Gather Gold","damage_taken":11,"max_hp_gain":0,"max_hp_loss":0,"event_name":"World of Goop","floor":5,"gold_loss":0},{"damage_healed":0,"gold_gain":0,"player_choice":"Fled","damage_taken":7,"max_hp_gain":0,"max_hp_loss":0,"event_name":"Scrap Ooze","floor":14,"gold_loss":0},{"damage_healed":0,"gold_gain":0,"player_choice":"Simplicity","damage_taken":0,"max_hp_gain":0,"max_hp_loss":0,"event_name":"Back to Basics","floor":19,"gold_loss":0,"cards_upgraded":["Strike_G","Strike_G","Strike_G","Strike_G","Strike_G","Defend_G","Defend_G","Defend_G","Defend_G","Defend_G"]},{"damage_healed":0,"gold_gain":0,"player_choice":"Upgraded","damage_taken":0,"max_hp_gain":0,"max_hp_loss":0,"event_name":"Upgrade Shrine","floor":22,"gold_loss":0,"cards_upgraded":["Envenom"]},{"cards_removed":["Dagger Spray"],"damage_healed":0,"gold_gain":0,"player_choice":"Removed Attack","damage_taken":0,"max_hp_gain":0,"max_hp_loss":0,"event_name":"Falling","floor":42,"gold_loss":0}],"is_beta":false,"boss_relics":[{"not_picked":["Sozu","Cursed Key"],"picked":"Eternal Feather"},{"not_picked":["Velvet Choker","Runic Dome"],"picked":"Fusion Hammer"}],"items_purged_floors":[37,41,48],"is_endless":false,"potions_floor_spawned":[4,12,13,21,33,36,45],"killed_by":"Donu and Deca","ascension_level":4}