{"gold_per_floor":[118,118,118,141,164,234,234,267,267,267,267,267,326,26,26,152,152,166,197,197,44,62,101,101,101,101,101,135,149,115,130,130,130],"floor_reached":33,"playtime":1996,"items_purged":[],"score":377,"play_id":"d6df42b6-fba3-4d65-9513-47966aee951a","local_time":"20190712223222","is_ascension_mode":true,"campfire_choices":[{"data":"Hemokinesis","floor":7.0,"key":"SMITH"},{"floor":10.0,"key":"REST"},{"data":"Ghostly Armor","floor":12.0,"key":"SMITH"},{"floor":15.0,"key":"REST"},{"floor":24.0,"key":"REST"},{"data":"Corruption","floor":27.0,"key":"SMITH"},{"floor":32.0,"key":"REST"}],"neow_cost":"NONE","seed_source_timestamp":0,"circlet_count":0,"master_deck":["Strike_R","Strike_R","Strike_R","Strike_R","Strike_R","Defend_R","Defend_R","Defend_R","Defend_R","Bash+1","Pommel Strike+1","Headbutt","Ghostly Armor+1","Hemokinesis+1","Offering","Corruption+1","Cleave","Immolate","Shockwave","Sentinel","Offering","Deep Breath","Flame Barrier","Fiend Fire","Disarm"],"special_seed":0,"relics":["Burning Blood","Golden Idol","Tiny Chest","Kunai","Anchor","Dead Branch","MealTicket","Runic Cube","Red Mask","Bronze Scales","Sundial","Bottled Flame","Question Card"],"potions_floor_usage":[],"damage_taken":[{"damage":0.0,"enemies":"Small Slimes","floor":1.0,"turns":3.0},{"damage":3.0,"enemies":"2 Louse","floor":4.0,"turns":2.0},{"damage":0.0,"enemies":"Cultist","floor":5.0,"turns":3.0},{"damage":24.0,"enemies":"Gremlin Nob","floor":6.0,"turns":4.0},{"damage":34.0,"enemies":"3 Sentries","floor":8.0,"turns":8.0},{"damage":26.0,"enemies":"Slime Boss","floor":16.0,"turns":7.0},{"damage":2.0,"enemies":"Chosen","floor":18.0,"turns":3.0},{"damage":10.0,"enemies":"Masked Bandits","floor":19.0,"turns":3.0},{"damage":23.0,"enemies":"3 Byrds","floor":22.0,"turns":3.0},{"damage":32.0,"enemies":"Gremlin Leader","floor":23.0,"turns":5.0},{"damage":12.0,"enemies":"Book of Stabbing","floor":28.0,"turns":4.0},{"damage":31.0,"enemies":"Sentry and Sphere","floor":29.0,"turns":4.0},{"damage":0.0,"enemies":"Snake Plant","floor":31.0,"turns":5.0},{"damage":84,"enemies":"Champ","floor":33,"turns":6}],"seed_played":"-8183879300609216533","potions_obtained":[{"floor":1.0,"key":"Swift Potion"},{"floor":4.0,"key":"SpeedPotion"},{"floor":16.0,"key":"Dexterity Potion"},{"floor":29.0,"key":"Weak Potion"}],"is_trial":false,"path_per_floor":["M","?","?","M","M","E","R","E","T","R","?","R","?","$","R","B",null,"M","?","?","$","M","E","R","?","T","R","E","M","$","M","R","B"],"character_chosen":"IRONCLAD","items_purchased":["MealTicket","Corruption","Cleave","Bronze Scales","Disarm"],"campfire_rested":4,"item_purchase_floors":[14,14,14,21,30],"current_hp_per_floor":[80,80,74,74,74,56,56,28,28,50,32,32,32,32,54,34,74,74,70,70,74,57,31,53,53,53,53,47,22,37,43,65,0],"gold":130,"neow_bonus":"UPGRADE_CARD","is_prod":false,"is_daily":false,"chose_seed":false,"campfire_upgraded":3,"win_rate":0,"timestamp":1562967142,"path_taken":["M","?","?","M","M","E","R","E","T","R","?","R","?","$","R","BOSS","M","?","?","$","?","E","R","?","T","R","E","M","$","M","R","BOSS"],"build_version":"2019-07-05","purchased_purges":0,"victory":false,"max_hp_per_floor":[80,80,74,74,74,74,74,74,74,74,74,74,74,74,74,74,74,74,74,74,74,74,74,74,74,74,74,74,74,74,74,74,74],"card_choices":[{"not_picked":["Dual Wield","Entrench"],"picked":"Pommel Strike","floor":1.0},{"not_picked":["Body Slam","Perfected Strike"],"picked":"Headbutt","floor":4.0},{"not_picked":["Flex","Clash"],"picked":"Ghostly Armor","floor":5.0},{"not_picked":["Pummel","Dual Wield"],"picked":"Hemokinesis","floor":6.0},{"not_picked":["Pummel","Armaments"],"picked":"Offering","floor":8.0},{"not_picked":["Impervious","Offering"],"picked":"Immolate","floor":16.0},{"not_picked":["Body Slam","Reckless Charge+1"],"picked":"Shockwave","floor":18.0},{"not_picked":["Ghostly Armor","Flame Barrier+1"],"picked":"Sentinel","floor":19.0},{"not_picked":["Corruption","Armaments","Wild Strike"],"picked":"SKIP","floor":22.0},{"not_picked":["Ghostly Armor","Uppercut"],"picked":"Flame Barrier","floor":23.0},{"not_picked":["Shrug It Off","Ghostly Armor+1"],"picked":"Fiend Fire","floor":28.0},{"not_picked":["Havoc","Clothesline","Anger","Rage+1"],"picked":"SKIP","floor":29.0},{"not_picked":["Headbutt","Iron Wave","Clash","Evolve"],"picked":"SKIP","floor":31.0}],"player_experience":149371,"relics_obtained":[{"floor":6.0,"key":"Tiny Chest"},{"floor":8.0,"key":"Kunai"},{"floor":9.0,"key":"Anchor"},{"floor":19.0,"key":"Red Mask"},{"floor":23.0,"key":"Sundial"},{"floor":26.0,"key":"Bottled Flame"},{"floor":28.0,"key":"Question Card"}],"event_choices":[{"damage_healed":0.0,"max_hp_gain":0.0,"max_hp_loss":0.0,"gold_gain":0.0,"event_name":"Living Wall","player_choice":"Grow","floor":2.0,"gold_loss":0.0,"damage_taken":0.0,"cards_upgraded":["Pommel Strike"]},{"damage_healed":0.0,"max_hp_gain":0.0,"max_hp_loss":6.0,"gold_gain":0.0,"event_name":"Golden Idol","player_choice":"Lose Max HP","floor":3.0,"gold_loss":0.0,"damage_taken":0.0,"relics_obtained":["Golden Idol"]},{"damage_healed":0.0,"max_hp_gain":0.0,"max_hp_loss":0.0,"gold_gain":0.0,"event_name":"Scrap Ooze","player_choice":"Success","floor":11.0,"gold_loss":0.0,"damage_taken":18.0,"relics_obtained":["Dead Branch"]},{"damage_healed":0.0,"max_hp_gain":0.0,"max_hp_loss":0.0,"gold_gain":59.0,"event_name":"Golden Wing","player_choice":"Gained Gold","floor":13.0,"gold_loss":0.0,"damage_taken":0.0},{"damage_healed":0.0,"max_hp_gain":0.0,"max_hp_loss":0.0,"gold_gain":0.0,"event_name":"Masked Bandits","player_choice":"Fought Bandits","floor":19.0,"gold_loss":0.0,"damage_taken":0.0},{"damage_healed":0.0,"max_hp_gain":0.0,"max_hp_loss":0.0,"gold_gain":0.0,"event_name":"Match and Keep!","player_choice":"2 cards matched","floor":20.0,"gold_loss":0.0,"damage_taken":0.0,"cards_obtained":["Offering","Deep Breath"]},{"damage_healed":0.0,"max_hp_gain":0.0,"max_hp_loss":0.0,"gold_gain":0.0,"event_name":"Ghosts","player_choice":"Ignored","floor":25.0,"gold_loss":0.0,"damage_taken":0.0}],"is_beta":false,"boss_relics":[{"not_picked":["Snecko Eye","Tiny House"],"picked":"Runic Cube"}],"items_purged_floors":[],"is_endless":false,"potions_floor_spawned":[1,4,16,18,19,29],"killed_by":"Champ","ascension_level":4}