{"gold_per_floor":[118,138,153,31,51,51,80,80,80,114,114,142,142,157,157,253,253,268,368,380,20,20,20,30,30],"floor_reached":25,"playtime":1334,"items_purged":["Strike_R","Strike_R"],"score":268,"play_id":"bb298a27-e4c9-40df-b418-41631c31a937","local_time":"20190714191240","is_ascension_mode":true,"campfire_choices":[{"data":"True Grit","floor":6,"key":"SMITH"},{"floor":8,"key":"REST"},{"data":"Thunderclap","floor":11,"key":"SMITH"},{"floor":15,"key":"REST"},{"floor":23,"key":"REST"}],"neow_cost":"NONE","seed_source_timestamp":1119863985380400,"circlet_count":0,"master_deck":["Strike_R","Strike_R","Strike_R","Defend_R","Defend_R","Defend_R","Defend_R","Bash+1","Perfected Strike","Pommel Strike","Rampage","Iron Wave","True Grit+1","Shockwave","Thunderclap+1","Berserk+1","Shrug It Off","Immolate","Shrug It Off+1","Rage","Flash of Steel","Evolve+1","True Grit+1"],"relics":["Burning Blood","Smiling Mask","Frozen Egg 2","Blue Candle","Unceasing Top","Black Star","OrangePellets"],"potions_floor_usage":[14,20,22,24],"damage_taken":[{"damage":3,"enemies":"Jaw Worm","floor":1,"turns":4},{"damage":1,"enemies":"Cultist","floor":2,"turns":3},{"damage":11,"enemies":"2 Louse","floor":3,"turns":3},{"damage":16,"enemies":"Blue Slaver","floor":5,"turns":3},{"damage":22,"enemies":"3 Sentries","floor":7,"turns":11},{"damage":27,"enemies":"Gremlin Nob","floor":10,"turns":4},{"damage":25,"enemies":"Lagavulin","floor":12,"turns":6},{"damage":0,"enemies":"Gremlin Gang","floor":14,"turns":1},{"damage":20,"enemies":"The Guardian","floor":16,"turns":10},{"damage":10,"enemies":"3 Byrds","floor":18,"turns":5},{"damage":34,"enemies":"Shell Parasite","floor":20,"turns":10},{"damage":1,"enemies":"Shelled Parasite and Fungi","floor":22,"turns":2},{"damage":24,"enemies":"Centurion and Healer","floor":24,"turns":11},{"damage":59,"enemies":"Slavers","floor":25,"turns":3}],"seed_played":"5720879396952949948","potions_obtained":[{"floor":10,"key":"Explosive Potion"},{"floor":14,"key":"GamblersBrew"},{"floor":16,"key":"Dexterity Potion"},{"floor":18,"key":"Explosive Potion"},{"floor":20,"key":"SmokeBomb"}],"is_trial":false,"path_per_floor":["M","M","M","$","M","R","E","R","T","E","R","E","?","M","R","B",null,"M","?","M","$","M","R","M","E"],"character_chosen":"IRONCLAD","items_purchased":["True Grit","Flash of Steel","OrangePellets","Evolve+1"],"campfire_rested":3,"item_purchase_floors":[4,21,21,21],"current_hp_per_floor":[80,80,75,75,65,65,49,73,73,52,52,33,33,39,63,49,80,76,76,48,48,53,77,59,0],"gold":30,"neow_bonus":"THREE_CARDS","is_prod":false,"is_daily":false,"chose_seed":false,"campfire_upgraded":2,"win_rate":0,"timestamp":1563127960,"path_taken":["M","M","M","$","M","R","E","R","T","E","R","E","?","?","R","BOSS","M","?","M","$","M","R","M","E"],"build_version":"2019-07-05","purchased_purges":2,"victory":false,"max_hp_per_floor":[80,80,80,80,80,80,80,80,80,80,80,80,80,80,80,80,80,80,80,80,80,80,80,80,80],"card_choices":[{"not_picked":["Warcry","Clothesline"],"picked":"Perfected Strike","floor":0},{"not_picked":["Heavy Blade","Combust"],"picked":"Pommel Strike","floor":1},{"not_picked":["Sentinel","Flex"],"picked":"Rampage","floor":2},{"not_picked":["Pommel Strike","Clash"],"picked":"Iron Wave","floor":3},{"not_picked":["Body Slam","Armaments"],"picked":"Shockwave","floor":5},{"not_picked":["Second Wind","Rage"],"picked":"Thunderclap","floor":7},{"not_picked":["Shockwave","Fire Breathing+1","Clash"],"picked":"SKIP","floor":10},{"not_picked":["Cleave","Body Slam"],"picked":"Berserk+1","floor":12},{"not_picked":["Wild Strike","Fire Breathing+1"],"picked":"Shrug It Off","floor":14},{"not_picked":["Limit Break","Demon Form+1"],"picked":"Immolate","floor":16},{"not_picked":["Thunderclap+1","Clothesline"],"picked":"Shrug It Off+1","floor":18},{"not_picked":["Warcry+1","Searing Blow+1"],"picked":"Rage","floor":20},{"not_picked":["Clothesline+1","Headbutt"],"picked":"True Grit+1","floor":24}],"player_experience":157049,"relics_obtained":[{"floor":7,"key":"Smiling Mask"},{"floor":9,"key":"Frozen Egg 2"},{"floor":10,"key":"Blue Candle"},{"floor":12,"key":"Unceasing Top"}],"event_choices":[{"damage_healed":0,"gold_gain":0,"player_choice":"Upgraded","damage_taken":0,"max_hp_gain":0,"max_hp_loss":0,"event_name":"Upgrade Shrine","floor":13,"gold_loss":0,"cards_upgraded":["Bash"]},{"damage_healed":0,"gold_gain":100,"player_choice":"Pray","damage_taken":0,"max_hp_gain":0,"max_hp_loss":0,"event_name":"Golden Shrine","floor":19,"gold_loss":0}],"is_beta":false,"boss_relics":[{"not_picked":["Empty Cage","Lizard Tail"],"picked":"Black Star"}],"items_purged_floors":[4,21],"is_endless":false,"potions_floor_spawned":[10,14,16,18,20],"killed_by":"Slavers","ascension_level":4}