{"gold_per_floor":[114,133,144,163,163,194,194,194,273,292,303,322,322,322,322,322],"floor_reached":16,"playtime":3965,"items_purged":[],"score":104,"play_id":"b42f0599-5ef7-4621-bcf1-ec4945fc6f00","local_time":"20180906222724","is_ascension_mode":false,"campfire_choices":[{"data":"Armaments","floor":7,"key":"SMITH"},{"floor":15,"key":"REST"}],"neow_cost":"","seed_source_timestamp":2050431170999380,"circlet_count":0,"master_deck":["Strike_R","Strike_R","Strike_R","Strike_R","Strike_R","Defend_R","Defend_R","Defend_R","Defend_R","Bash","Body Slam","Armaments+1","Dual Wield","Headbutt","Searing Blow","Parasite","Rampage","Headbutt","Flex+1"],"relics":["Burning Blood","Girya","Juzu Bracelet","Paper Frog","Golden Idol"],"potions_floor_usage":[6,12,16,16],"damage_taken":[{"damage":2,"enemies":"Cultist","floor":1,"turns":5},{"damage":5,"enemies":"Small Slimes","floor":2,"turns":6},{"damage":0,"enemies":"Jaw Worm","floor":3,"turns":3},{"damage":9,"enemies":"3 Louse","floor":4,"turns":4},{"damage":41,"enemies":"3 Sentries","floor":6,"turns":14},{"damage":25,"enemies":"Exordium Wildlife","floor":10,"turns":6},{"damage":8,"enemies":"Lots of Slimes","floor":11,"turns":4},{"damage":26,"enemies":"Gremlin Gang","floor":12,"turns":7},{"damage":33,"enemies":"Hexaghost","floor":16,"turns":9}],"seed_played":"6854703198287312493","potions_obtained":[{"floor":3,"key":"FearPotion"},{"floor":6,"key":"Poison Potion"},{"floor":10,"key":"BloodPotion"},{"floor":12,"key":"Explosive Potion"}],"is_trial":false,"path_per_floor":["M","M","M","M","?","E","R","?","T","M","M","M","?","?","R"],"character_chosen":"IRONCLAD","items_purchased":[],"campfire_rested":1,"item_purchase_floors":[],"current_hp_per_floor":[80,80,80,77,59,24,24,44,44,25,23,11,11,11,33,0],"gold":322,"neow_bonus":"","is_prod":false,"is_daily":false,"chose_seed":false,"campfire_upgraded":1,"win_rate":0.0,"timestamp":1536298044,"path_taken":["M","M","M","M","?","E","R","?","T","M","M","M","?","?","R","BOSS"],"build_version":"2018-09-06","purchased_purges":0,"victory":false,"max_hp_per_floor":[80,80,80,80,80,80,80,80,80,80,80,80,74,74,74,74],"card_choices":[{"not_picked":["Corruption","Thunderclap"],"picked":"Body Slam","floor":1},{"not_picked":["Ghostly Armor","Pummel"],"picked":"Armaments","floor":2},{"not_picked":["Cleave","Anger"],"picked":"Dual Wield","floor":3},{"not_picked":["Berserk","Anger"],"picked":"Headbutt","floor":4},{"not_picked":["Armaments","Twin Strike"],"picked":"Searing Blow","floor":6},{"not_picked":["Flex","Twin Strike"],"picked":"Rampage","floor":10},{"not_picked":["Sever Soul","Dual Wield"],"picked":"Headbutt","floor":11},{"not_picked":["Disarm","Thunderclap"],"picked":"Flex","floor":12}],"player_experience":0,"relics_obtained":[{"floor":6,"key":"Juzu Bracelet"},{"floor":9,"key":"Paper Frog"}],"event_choices":[{"event_name":"Scrap Ooze","player_choice":"success","floor":5,"damage_taken":18},{"event_name":"Mushrooms","player_choice":"Healed and dodged fight","floor":8,"damage_taken":0},{"event_name":"Golden Idol","player_choice":"Lose Max HP","floor":13,"damage_taken":0},{"event_name":"Living Wall","player_choice":"Grow","floor":14,"damage_taken":0}],"is_beta":false,"boss_relics":[],"items_purged_floors":[],"is_endless":false,"potions_floor_spawned":[3,6,10,12],"killed_by":"Hexaghost","ascension_level":0}