{"gold_per_floor":[116,41,55,5,23,87,87,116,141,159,178,178,211,211,211,316,316,336,63,82,93,93,122,122,122,122,122,132,143,143,143,143,243,243,259,259,26,26,126,126,158,158,183,183,183,0,0,0,0,0],"floor_reached":51,"playtime":4593,"items_purged":["Strike_B","Strike_B","Strike_B"],"score":823,"play_id":"7bfb89a0-4091-48b7-8f1c-06f57427b53a","local_time":"20190712210530","is_ascension_mode":true,"campfire_choices":[{"data":"Defragment","floor":7.0,"key":"SMITH"},{"floor":12.0,"key":"REST"},{"floor":15.0,"key":"REST"},{"floor":24.0,"key":"REST"},{"floor":27.0,"key":"REST"},{"data":"Glacier","floor":32.0,"key":"SMITH"},{"data":"Seek","floor":40,"key":"SMITH"},{"floor":42,"key":"REST"},{"floor":45,"key":"REST"},{"floor":49,"key":"REST"}],"neow_cost":"NONE","seed_source_timestamp":0,"circlet_count":0,"master_deck":["Strike_B","Defend_B","Defend_B","Defend_B","Defend_B","Zap","Dualcast+1","Defragment+1","Compile Driver","Turbo","FTL","Hyperbeam","Hologram","Ball Lightning","Rainbow","Coolheaded+1","Glacier+1","Sweeping Beam","Loop","Gash","Stack+1","Seek+1","RitualDagger","All For One","Beam Cell+1","Steam Power+1","Panacea"],"special_seed":0,"relics":["FrozenCore","Bronze Scales","Tiny Chest","Juzu Bracelet","DataDisk","Omamori","Membership Card","Oddly Smooth Stone","Cables","Letter Opener","Boot","Meat on the Bone","Snecko Eye","OrangePellets","Lantern","NlothsMask","StoneCalendar","Happy Flower","Red Mask","Gambling Chip"],"potions_floor_usage":[50,50],"damage_taken":[{"damage":2.0,"enemies":"2 Louse","floor":1.0,"turns":3.0},{"damage":0.0,"enemies":"Cultist","floor":3.0,"turns":3.0},{"damage":9.0,"enemies":"Jaw Worm","floor":5.0,"turns":2.0},{"damage":14.0,"enemies":"Gremlin Nob","floor":6.0,"turns":4.0},{"damage":26.0,"enemies":"3 Sentries","floor":8.0,"turns":6.0},{"damage":0.0,"enemies":"Large Slime","floor":10.0,"turns":3.0},{"damage":6.0,"enemies":"Looter","floor":11.0,"turns":2.0},{"damage":9.0,"enemies":"Gremlin Nob","floor":13.0,"turns":3.0},{"damage":18.0,"enemies":"The Guardian","floor":16.0,"turns":9.0},{"damage":0.0,"enemies":"3 Byrds","floor":18.0,"turns":3.0},{"damage":16.0,"enemies":"2 Thieves","floor":20.0,"turns":4.0},{"damage":4.0,"enemies":"Snecko","floor":21.0,"turns":5.0},{"damage":38.0,"enemies":"Slavers","floor":23.0,"turns":5.0},{"damage":10.0,"enemies":"Snake Plant","floor":28.0,"turns":4.0},{"damage":0.0,"enemies":"Sentry and Sphere","floor":29.0,"turns":5.0},{"damage":18.0,"enemies":"Champ","floor":33.0,"turns":20.0},{"damage":48,"enemies":"3 Darklings","floor":35,"turns":3},{"damage":3,"enemies":"Mind Bloom Boss Battle","floor":39,"turns":8},{"damage":54,"enemies":"Reptomancer","floor":41,"turns":7},{"damage":42,"enemies":"Awakened One","floor":50,"turns":18}],"seed_played":"-7019377774220311053","potions_obtained":[{"floor":3.0,"key":"Ancient Potion"},{"floor":5.0,"key":"SkillPotion"},{"floor":8.0,"key":"SkillPotion"},{"floor":14.0,"key":"SteroidPotion"},{"floor":14.0,"key":"Dexterity Potion"},{"floor":16.0,"key":"LiquidBronze"},{"floor":20.0,"key":"SpeedPotion"},{"floor":28.0,"key":"AttackPotion"},{"floor":35,"key":"Strength Potion"},{"floor":41,"key":"GamblersBrew"}],"is_trial":false,"path_per_floor":["M","$","M","?","M","E","R","E","T","M","M","R","E","?","R","B",null,"M","$","M","M","T","E","R","?","T","R","M","M","?","T","R","B",null,"M","?","$","?","?","R","E","R","T","?","R","?","?","T","R","B",null],"character_chosen":"DEFECT","items_purchased":["Membership Card","Glacier","OrangePellets","Lantern"],"campfire_rested":7,"item_purchase_floors":[19,19,37,37],"current_hp_per_floor":[73,73,73,73,64,50,50,24,24,24,18,40,31,31,53,35,75,75,75,59,55,55,17,39,39,39,61,51,51,45,45,45,39,75,39,58,58,58,55,55,13,35,35,35,57,57,57,57,75,45],"gold":0,"neow_bonus":"UPGRADE_CARD","is_prod":false,"is_daily":false,"chose_seed":false,"campfire_upgraded":3,"win_rate":0,"timestamp":1562961930,"path_taken":["M","$","M","?","M","E","R","E","T","M","M","R","E","?","R","BOSS","M","$","M","M","?","E","R","?","T","R","M","M","?","?","R","BOSS","M","?","$","?","?","R","E","R","T","?","R","?","?","?","R","BOSS"],"build_version":"2019-07-05","purchased_purges":3,"victory":true,"max_hp_per_floor":[75,75,75,75,75,75,75,75,75,75,75,75,75,75,75,75,75,75,75,75,75,75,75,75,75,75,75,75,75,75,75,75,75,75,75,75,75,75,75,75,75,75,75,75,75,75,75,75,75,75],"card_choices":[{"not_picked":["Redo","Reinforced Body"],"picked":"Cold Snap","floor":1.0},{"not_picked":["Go for the Eyes","Beam Cell"],"picked":"Defragment","floor":3.0},{"not_picked":["Barrage","Coolheaded"],"picked":"Compile Driver","floor":5.0},{"not_picked":["Barrage","Aggregate"],"picked":"Turbo","floor":6.0},{"not_picked":["Ball Lightning","Compile Driver"],"picked":"FTL","floor":8.0},{"not_picked":["Hologram","Blizzard"],"picked":"Hyperbeam","floor":10.0},{"not_picked":["Stack","Ball Lightning"],"picked":"Hologram","floor":11.0},{"not_picked":["Melter","Tempest"],"picked":"Ball Lightning","floor":13.0},{"not_picked":["All For One","Biased Cognition"],"picked":"Rainbow","floor":16.0},{"not_picked":["Streamline","Lockon"],"picked":"Coolheaded+1","floor":18.0},{"not_picked":["Blizzard","Barrage+1"],"picked":"Sweeping Beam","floor":20.0},{"not_picked":["Sweeping Beam","Capacitor"],"picked":"Loop","floor":21.0},{"not_picked":["Streamline","Blizzard"],"picked":"Gash","floor":23.0},{"not_picked":["Storm","Streamline"],"picked":"Stack+1","floor":28.0},{"not_picked":["Coolheaded","Rebound"],"picked":"Seek","floor":29.0},{"not_picked":["Biased Cognition","Fission"],"picked":"All For One","floor":33.0},{"not_picked":["Sunder","Gash"],"picked":"Beam Cell+1","floor":35},{"not_picked":["Hologram+1","Streamline"],"picked":"Steam Power+1","floor":41},{"not_picked":["Enlightenment","Madness"],"picked":"Panacea","floor":44}],"player_experience":144778,"relics_obtained":[{"floor":6.0,"key":"Tiny Chest"},{"floor":8.0,"key":"Juzu Bracelet"},{"floor":9.0,"key":"DataDisk"},{"floor":13.0,"key":"Omamori"},{"floor":22.0,"key":"Oddly Smooth Stone"},{"floor":23.0,"key":"Cables"},{"floor":26.0,"key":"Boot"},{"floor":31.0,"key":"Meat on the Bone"},{"floor":39,"key":"StoneCalendar"},{"floor":41,"key":"Happy Flower"},{"floor":48,"key":"Gambling Chip"}],"event_choices":[{"damage_healed":0.0,"max_hp_gain":0.0,"max_hp_loss":0.0,"gold_gain":0.0,"event_name":"WeMeetAgain","player_choice":"Paid Gold","floor":4.0,"gold_loss":50.0,"damage_taken":0.0,"relics_obtained":["Bronze Scales"]},{"damage_healed":0.0,"max_hp_gain":0.0,"max_hp_loss":0.0,"gold_gain":0.0,"event_name":"Lab","player_choice":"Got Potions","floor":14.0,"gold_loss":0.0,"damage_taken":0.0},{"damage_healed":0.0,"max_hp_gain":0.0,"max_hp_loss":0.0,"gold_gain":0.0,"event_name":"The Mausoleum","player_choice":"Opened","floor":25.0,"gold_loss":0.0,"damage_taken":0.0,"relics_obtained":["Letter Opener"],"cards_obtained":["Writhe"]},{"damage_healed":0.0,"max_hp_gain":0.0,"max_hp_loss":0.0,"gold_gain":0.0,"event_name":"Nest","player_choice":"Joined the Cult","floor":30.0,"gold_loss":0.0,"damage_taken":6.0,"cards_obtained":["RitualDagger"]},{"damage_healed":19,"gold_gain":0,"player_choice":"Writhe","damage_taken":0,"max_hp_gain":0,"max_hp_loss":0,"event_name":"Winding Halls","floor":36,"gold_loss":0,"cards_obtained":["Writhe"]},{"damage_healed":0,"gold_gain":0,"player_choice":"Trade","damage_taken":0,"relics_obtained":["NlothsMask"],"max_hp_gain":0,"max_hp_loss":0,"event_name":"FaceTrader","floor":38,"gold_loss":0},{"damage_healed":0,"gold_gain":0,"player_choice":"Fight","damage_taken":0,"max_hp_gain":0,"max_hp_loss":0,"event_name":"MindBloom","floor":39,"gold_loss":0},{"damage_healed":0,"gold_gain":0,"player_choice":"Memory 1","damage_taken":0,"max_hp_gain":0,"max_hp_loss":0,"event_name":"SensoryStone","floor":44,"gold_loss":0},{"damage_healed":0,"gold_gain":0,"player_choice":"Paid","damage_taken":0,"relics_obtained":["Red Mask"],"max_hp_gain":0,"max_hp_loss":0,"event_name":"Tomb of Lord Red Mask","floor":46,"gold_loss":183},{"cards_removed":["Cold Snap"],"damage_healed":0,"gold_gain":0,"player_choice":"Removed Attack","damage_taken":0,"max_hp_gain":0,"max_hp_loss":0,"event_name":"Falling","floor":47,"gold_loss":0}],"is_beta":false,"boss_relics":[{"not_picked":["Velvet Choker","Eternal Feather"],"picked":"FrozenCore"},{"not_picked":["Runic Dome","Astrolabe"],"picked":"Snecko Eye"}],"items_purged_floors":[2,19,37],"is_endless":false,"potions_floor_spawned":[3,5,8,16,20,28,35,41],"ascension_level":2}