{"gold_per_floor":[114,114,128,141,141,141,111,36,36,57,93,93,93,111,111,111],"floor_reached":16,"playtime":1542,"items_purged":["Strike_G"],"score":100,"play_id":"2cbf7b0e-6e23-46fd-8cc1-5107ab464292","local_time":"20181005183123","is_ascension_mode":false,"campfire_choices":[{"floor":6,"key":"REST"},{"floor":12,"key":"REST"},{"floor":15,"key":"REST"}],"neow_cost":"NONE","seed_source_timestamp":337299594889554,"circlet_count":0,"master_deck":["Defend_G","Defend_G","Defend_G","Defend_G","Defend_G","Strike_G","Strike_G+1","Strike_G","Survivor","Neutralize","Blade Dance","Bane+1","Dodge and Roll","Backflip","Quick Slash","Cloak And Dagger+1","Crippling Poison+1"],"relics":["Ring of the Snake","Golden Idol","Whetstone","Toxic Egg 2"],"potions_floor_usage":[7,10,11,16,16],"damage_taken":[{"damage":0,"enemies":"2 Louse","floor":1,"turns":3},{"damage":0,"enemies":"Small Slimes","floor":3,"turns":4},{"damage":0,"enemies":"Cultist","floor":4,"turns":3},{"damage":0,"enemies":"Looter","floor":7,"turns":4},{"damage":15,"enemies":"Exordium Wildlife","floor":10,"turns":8},{"damage":24,"enemies":"Gremlin Nob","floor":11,"turns":4},{"damage":0,"enemies":"Red Slaver","floor":14,"turns":5},{"damage":74,"enemies":"Hexaghost","floor":16,"turns":16}],"seed_played":"-598878587036450561","potions_obtained":[{"floor":0,"key":"Swift Potion"},{"floor":0,"key":"SkillPotion"},{"floor":0,"key":"Swift Potion"},{"floor":1,"key":"PowerPotion"},{"floor":11,"key":"AttackPotion"},{"floor":14,"key":"Block Potion"}],"is_trial":false,"path_per_floor":["M","?","M","M","?","R","M","$","T","M","E","R","?","M","R"],"character_chosen":"THE_SILENT","items_purchased":[],"campfire_rested":3,"item_purchase_floors":[],"current_hp_per_floor":[70,70,70,70,53,70,70,70,70,55,31,52,52,52,70,0],"gold":111,"neow_bonus":"THREE_SMALL_POTIONS","is_prod":false,"is_daily":false,"chose_seed":false,"campfire_upgraded":0,"win_rate":0.0,"timestamp":1538789483,"path_taken":["M","?","?","M","?","R","?","$","T","M","E","R","?","M","R","BOSS"],"build_version":"2018-10-04","purchased_purges":1,"victory":false,"max_hp_per_floor":[70,70,70,70,70,70,70,70,70,70,70,70,70,70,70,70],"card_choices":[{"not_picked":["Deflect","PiercingWail"],"picked":"Blade Dance","floor":1},{"not_picked":["A Thousand Cuts","Caltrops"],"picked":"Bane","floor":3},{"not_picked":["Sucker Punch","Bane"],"picked":"Dodge and Roll","floor":4},{"not_picked":["Acrobatics","Skewer"],"picked":"Backflip","floor":7},{"not_picked":["Die Die Die","PiercingWail"],"picked":"Quick Slash","floor":10},{"not_picked":["Backflip","Dagger Throw"],"picked":"Cloak And Dagger","floor":11},{"not_picked":["Slice","Dagger Spray"],"picked":"Crippling Poison+1","floor":14}],"player_experience":119928,"relics_obtained":[{"floor":9,"key":"Whetstone"},{"floor":11,"key":"Toxic Egg 2"}],"event_choices":[{"event_name":"Liars Game","player_choice":"disagreed","floor":2,"damage_taken":0},{"event_name":"Golden Idol","player_choice":"Take Damage","floor":5,"damage_taken":0},{"event_name":"Purifier","player_choice":"One Purge","floor":13,"damage_taken":0}],"is_beta":false,"boss_relics":[],"items_purged_floors":[8],"is_endless":false,"potions_floor_spawned":[1,3,11,14],"killed_by":"Hexaghost","ascension_level":0}