{"gold_per_floor":[115,115,127,127,127,160,160,187,187,215,228,228,243,259,259,358,358,370,280,292,307,131,131],"floor_reached":23,"playtime":1873,"items_purged":["Strike_B"],"score":274,"play_id":"6ae6db91-02f1-4e3c-8dd7-2afd0e26d26e","local_time":"20190308174745","is_ascension_mode":true,"campfire_choices":[{"floor":12,"key":"REST"},{"floor":15,"key":"REST"}],"neow_cost":"NONE","seed_source_timestamp":1837834483290819,"circlet_count":0,"master_deck":["Strike_B+1","Strike_B","Strike_B","Defend_B+1","Defend_B+1","Zap+1","Dualcast","Conserve Battery","Leap","Conserve Battery","Gash+1","Streamline","Lockon","Chaos","Double Energy","Machine Learning","Self Repair"],"relics":["Cracked Core","Letter Opener","Ancient Tea Set","War Paint","Vajra","Dodecahedron","Inserter"],"potions_floor_usage":[6,8,16,22],"damage_taken":[{"damage":0,"enemies":"Cultist","floor":1,"turns":3},{"damage":0,"enemies":"2 Louse","floor":3,"turns":2},{"damage":9,"enemies":"Lagavulin","floor":6,"turns":8},{"damage":8,"enemies":"3 Sentries","floor":8,"turns":6},{"damage":11,"enemies":"Lagavulin","floor":10,"turns":5},{"damage":0,"enemies":"Jaw Worm","floor":11,"turns":3},{"damage":0,"enemies":"3 Louse","floor":13,"turns":2},{"damage":6,"enemies":"Blue Slaver","floor":14,"turns":3},{"damage":30,"enemies":"Slime Boss","floor":16,"turns":9},{"damage":14,"enemies":"Spheric Guardian","floor":18,"turns":4},{"damage":15,"enemies":"Shell Parasite","floor":20,"turns":7},{"damage":25,"enemies":"Centurion and Healer","floor":21,"turns":8},{"damage":31,"enemies":"Gremlin Leader","floor":23,"turns":2}],"seed_played":"105884100991825097","potions_obtained":[{"floor":1,"key":"Weak Potion"},{"floor":6,"key":"Strength Potion"},{"floor":13,"key":"SteroidPotion"},{"floor":14,"key":"Poison Potion"}],"is_trial":false,"path_per_floor":["M","?","M","?","T","E","?","E","T","E","M","R","M","M","R","B",null,"M","?","M","M","$","E"],"character_chosen":"DEFECT","items_purchased":["Fruit Juice"],"campfire_rested":2,"item_purchase_floors":[22],"current_hp_per_floor":[68,68,68,68,68,59,44,36,36,25,25,47,47,41,63,33,65,51,51,43,25,30,0],"gold":131,"neow_bonus":"THREE_CARDS","is_prod":false,"is_daily":false,"chose_seed":false,"campfire_upgraded":0,"win_rate":0,"timestamp":1552096065,"path_taken":["M","?","M","?","?","E","?","E","T","E","M","R","?","?","R","BOSS","M","?","M","M","$","E"],"build_version":"2019-01-23","purchased_purges":1,"victory":false,"max_hp_per_floor":[75,75,75,75,75,75,75,75,75,75,75,75,75,75,75,75,75,75,75,75,75,80,80],"card_choices":[{"not_picked":["Scrape","Lockon"],"picked":"Conserve Battery","floor":0},{"not_picked":["Aggregate","Doom and Gloom"],"picked":"Leap","floor":1},{"not_picked":["Redo","Cold Snap"],"picked":"Conserve Battery","floor":3},{"not_picked":["Stack","Consume"],"picked":"Gash","floor":6},{"not_picked":["Conserve Battery","Steam"],"picked":"Streamline","floor":8},{"not_picked":["Undo","Hologram"],"picked":"Lockon","floor":10},{"not_picked":["Storm","Recycle"],"picked":"Chaos","floor":11},{"not_picked":["Reboot","Auto Shields","Stack"],"picked":"SKIP","floor":13},{"not_picked":["FTL","Hologram"],"picked":"Double Energy","floor":14},{"not_picked":["Reboot","Seek"],"picked":"Machine Learning","floor":16},{"not_picked":["Recycle","Aggregate"],"picked":"Self Repair","floor":18},{"not_picked":["Scrape","Compile Driver","Rip and Tear"],"picked":"SKIP","floor":20},{"not_picked":["Compile Driver+1","BootSequence","Stack"],"picked":"SKIP","floor":21}],"player_experience":297443,"relics_obtained":[{"floor":5,"key":"Letter Opener"},{"floor":6,"key":"Ancient Tea Set"},{"floor":8,"key":"War Paint"},{"floor":9,"key":"Vajra"},{"floor":10,"key":"Dodecahedron"}],"event_choices":[{"damage_healed":0,"gold_gain":0,"player_choice":"Ignored","damage_taken":0,"max_hp_gain":0,"max_hp_loss":0,"event_name":"Liars Game","floor":2,"gold_loss":0},{"cards_removed":["Defend_B"],"damage_healed":0,"gold_gain":0,"player_choice":"Forget","damage_taken":0,"max_hp_gain":0,"max_hp_loss":0,"event_name":"Living Wall","floor":4,"gold_loss":0},{"damage_healed":0,"gold_gain":0,"player_choice":"Entered Light","damage_taken":15,"max_hp_gain":0,"max_hp_loss":0,"event_name":"Shining Light","floor":7,"gold_loss":0,"cards_upgraded":["Gash","Zap"]},{"cards_removed":["Defend_B"],"damage_healed":0,"gold_gain":0,"player_choice":"Upgrade and Remove","damage_taken":0,"max_hp_gain":0,"max_hp_loss":0,"event_name":"Designer","floor":19,"gold_loss":90,"cards_upgraded":["Strike_B"]}],"is_beta":false,"boss_relics":[{"not_picked":["Cursed Key","Runic Pyramid"],"picked":"Inserter"}],"items_purged_floors":[22],"is_endless":false,"potions_floor_spawned":[1,6,13,14],"killed_by":"Gremlin Leader","ascension_level":6}