{"gold_per_floor":[113,129,48,48,48,79,5,5,79,99,99,274,290,334,334,458,458,478,172,172,187,2,38,137,171,171,184,97,116,116,131,131,257,257,280,301,44,65,65,96,96,96,173,213,229,104,118,131,131,131],"floor_reached":51,"playtime":3716,"items_purged":["Doubt","Strike_R","Strike_R"],"score":870,"play_id":"d47a0ec8-35f6-4684-a272-009f747c99f6","local_time":"20181122223624","is_ascension_mode":true,"campfire_choices":[{"data":"Heavy Blade","floor":8,"key":"SMITH"},{"data":"Inflame","floor":11,"key":"SMITH"},{"floor":15,"key":"REST"},{"data":"Apotheosis","floor":30,"key":"SMITH"},{"data":"1","floor":32,"key":"LIFT"},{"data":"2","floor":41,"key":"LIFT"},{"data":"3","floor":49,"key":"LIFT"}],"neow_cost":"NONE","seed_source_timestamp":108932085801261,"circlet_count":0,"master_deck":["Strike_R+1","Strike_R+1","Defend_R","Defend_R","Defend_R","Defend_R","Bash","Rampage","Flex","Shockwave","Heavy Blade+1","Inflame+1","Whirlwind","Juggernaut","Uppercut","Limit Break","Armaments","Flame Barrier","Necronomicurse","Apotheosis+1","Battle Trance","Madness","Madness","Inflame","Heavy Blade+1"],"relics":["Burning Blood","NeowsBlessing","Golden Idol","Incense Burner","Gremlin Horn","Nunchaku","Busted Crown","Blood Vial","Necronomicon","Art of War","Girya","FossilizedHelix","Strawberry","Fusion Hammer","Whetstone","Lantern","Mummified Hand","Kunai"],"potions_floor_usage":[16,16,25,31,33,33,50],"damage_taken":[{"damage":0,"enemies":"2 Louse","floor":1,"turns":1},{"damage":0,"enemies":"Jaw Worm","floor":2,"turns":1},{"damage":0,"enemies":"3 Sentries","floor":6,"turns":2},{"damage":7,"enemies":"Small Slimes","floor":10,"turns":2},{"damage":8,"enemies":"Blue Slaver","floor":13,"turns":4},{"damage":21,"enemies":"Lagavulin","floor":14,"turns":6},{"damage":0,"enemies":"Slime Boss","floor":16,"turns":6},{"damage":5,"enemies":"Chosen","floor":18,"turns":4},{"damage":0,"enemies":"2 Thieves","floor":21,"turns":1},{"damage":20,"enemies":"Slavers","floor":23,"turns":4},{"damage":24,"enemies":"Book of Stabbing","floor":25,"turns":3},{"damage":8,"enemies":"Centurion and Healer","floor":27,"turns":2},{"damage":0,"enemies":"Chosen and Byrds","floor":29,"turns":4},{"damage":7,"enemies":"Snecko","floor":31,"turns":4},{"damage":42,"enemies":"Champ","floor":33,"turns":5},{"damage":0,"enemies":"Orb Walker","floor":35,"turns":2},{"damage":0,"enemies":"3 Shapes","floor":36,"turns":4},{"damage":0,"enemies":"Transient","floor":38,"turns":5},{"damage":28,"enemies":"Nemesis","floor":40,"turns":5},{"damage":4,"enemies":"Giant Head","floor":44,"turns":4},{"damage":4,"enemies":"Spire Growth","floor":45,"turns":3},{"damage":0,"enemies":"Maw","floor":47,"turns":5},{"damage":0,"enemies":"3 Darklings","floor":48,"turns":2},{"damage":1,"enemies":"Donu and Deca","floor":50,"turns":5}],"seed_played":"-5184209014610099201","potions_obtained":[{"floor":10,"key":"Strength Potion"},{"floor":13,"key":"FearPotion"},{"floor":16,"key":"Fire Potion"},{"floor":21,"key":"Strength Potion"},{"floor":27,"key":"PowerPotion"},{"floor":29,"key":"SpeedPotion"},{"floor":31,"key":"Dexterity Potion"},{"floor":36,"key":"SpeedPotion"},{"floor":44,"key":"Energy Potion"},{"floor":45,"key":"Block Potion"}],"is_trial":false,"path_per_floor":["M","M","$","?","?","E","$","R","T","M","R","?","M","E","R","B",null,"M","$","?","M","$","E","?","E","T","M","?","M","R","M","R","B",null,"M","M","$","M","?","E","R","?","T","E","M","$","M","M","R","B",null],"character_chosen":"IRONCLAD","items_purchased":["Shockwave","Inflame","Blood Vial","Flame Barrier","Apotheosis","Whetstone"],"campfire_rested":1,"item_purchase_floors":[3,7,19,19,22,37],"current_hp_per_floor":[80,80,80,80,60,66,66,66,66,65,65,65,63,48,72,78,80,80,80,64,72,72,60,60,44,44,44,51,59,59,60,60,26,87,87,87,87,87,76,56,56,56,56,60,64,64,72,80,80,87],"gold":131,"neow_bonus":"THREE_ENEMY_KILL","is_prod":false,"is_daily":false,"chose_seed":false,"campfire_upgraded":3,"win_rate":0,"timestamp":1542954984,"path_taken":["M","M","$","?","?","E","?","R","T","M","R","?","M","E","R","BOSS","M","$","?","M","$","E","?","E","T","M","?","M","R","?","R","BOSS","M","?","$","M","?","E","R","?","T","E","M","$","M","?","R","BOSS"],"build_version":"2018-11-15","purchased_purges":3,"victory":true,"max_hp_per_floor":[80,80,80,80,80,80,80,80,80,80,80,80,80,80,80,80,80,80,80,80,80,80,80,80,80,80,80,87,87,87,87,87,87,87,87,87,87,87,87,87,87,87,87,87,87,87,87,87,87,87],"card_choices":[{"not_picked":["Perfected Strike","Hemokinesis"],"picked":"Rampage","floor":1},{"not_picked":["Thunderclap","Wild Strike"],"picked":"Flex","floor":2},{"not_picked":["Fire Breathing","Infernal Blade"],"picked":"Heavy Blade","floor":6},{"not_picked":["Evolve","Hemokinesis"],"picked":"Whirlwind","floor":10},{"not_picked":["Havoc","Body Slam"],"picked":"Juggernaut","floor":13},{"not_picked":["Body Slam","Offering"],"picked":"Uppercut","floor":14},{"not_picked":["Offering","Impervious"],"picked":"Limit Break","floor":16},{"not_picked":[],"picked":"Armaments","floor":18},{"not_picked":["Clothesline"],"picked":"SKIP","floor":21},{"not_picked":["Clothesline"],"picked":"SKIP","floor":21},{"not_picked":["Reckless Charge"],"picked":"SKIP","floor":23},{"not_picked":["Twin Strike"],"picked":"SKIP","floor":25},{"not_picked":["Intimidate"],"picked":"SKIP","floor":27},{"not_picked":["Clash"],"picked":"SKIP","floor":29},{"not_picked":[],"picked":"Battle Trance","floor":31},{"not_picked":["Intimidate+1"],"picked":"SKIP","floor":35},{"not_picked":["Reckless Charge"],"picked":"SKIP","floor":36},{"not_picked":["Sentinel"],"picked":"SKIP","floor":38},{"not_picked":[],"picked":"Inflame","floor":40},{"not_picked":["Havoc"],"picked":"SKIP","floor":44},{"not_picked":["Hemokinesis+1"],"picked":"SKIP","floor":45},{"not_picked":["Body Slam+1"],"picked":"SKIP","floor":47},{"not_picked":["Heavy Blade"],"picked":"SKIP","floor":48}],"player_experience":212354,"relics_obtained":[{"floor":6,"key":"Incense Burner"},{"floor":9,"key":"Gremlin Horn"},{"floor":14,"key":"Nunchaku"},{"floor":20,"key":"Necronomicon"},{"floor":23,"key":"Art of War"},{"floor":25,"key":"Girya"},{"floor":26,"key":"FossilizedHelix"},{"floor":40,"key":"Lantern"},{"floor":43,"key":"Mummified Hand"},{"floor":44,"key":"Kunai"}],"event_choices":[{"cards_removed":["Strike_R"],"damage_healed":0,"gold_gain":0,"player_choice":"Forget","damage_taken":0,"max_hp_gain":0,"max_hp_loss":0,"event_name":"Living Wall","floor":4,"gold_loss":0},{"damage_healed":0,"gold_gain":0,"player_choice":"Take Damage","damage_taken":20,"relics_obtained":["Golden Idol"],"max_hp_gain":0,"max_hp_loss":0,"event_name":"Golden Idol","floor":5,"gold_loss":0},{"damage_healed":0,"gold_gain":175,"player_choice":"AGREE","damage_taken":0,"max_hp_gain":0,"max_hp_loss":0,"event_name":"Liars Game","floor":12,"gold_loss":0,"cards_obtained":["Doubt"]},{"damage_healed":0,"gold_gain":0,"player_choice":"Obtained Book","damage_taken":16,"max_hp_gain":0,"max_hp_loss":0,"event_name":"Cursed Tome","floor":20,"gold_loss":0},{"damage_healed":0,"gold_gain":99,"player_choice":"Stole From Cult","damage_taken":0,"max_hp_gain":0,"max_hp_loss":0,"event_name":"Nest","floor":24,"gold_loss":0},{"damage_healed":0,"gold_gain":0,"player_choice":"Paid Gold","damage_taken":0,"relics_obtained":["Strawberry"],"max_hp_gain":0,"max_hp_loss":0,"event_name":"WeMeetAgain","floor":28,"gold_loss":87},{"damage_healed":0,"gold_gain":0,"player_choice":"Embrace Madness","damage_taken":11,"max_hp_gain":0,"max_hp_loss":0,"event_name":"Winding Halls","floor":39,"gold_loss":0,"cards_obtained":["Madness","Madness"]},{"damage_healed":0,"gold_gain":0,"player_choice":"Copied","damage_taken":0,"max_hp_gain":0,"max_hp_loss":0,"event_name":"Duplicator","floor":42,"gold_loss":0,"cards_obtained":["Heavy Blade"]}],"is_beta":false,"boss_relics":[{"not_picked":["Runic Cube","Tiny House"],"picked":"Busted Crown"},{"not_picked":["Astrolabe","Black Blood"],"picked":"Fusion Hammer"}],"items_purged_floors":[19,37,46],"is_endless":false,"potions_floor_spawned":[10,13,16,21,27,29,31,36,44,45],"ascension_level":1}