{"gold_per_floor":[117,67,67,67,67,102,116,143,143,177,200,200,216,228,228,333,333,346,358,358,358,372,404,404,424,474,529,529,143,163,163,163,264,264,282,299,317,329,339,373,373,401,428,133,133,144,19,52,52,52,52,52,0,32,32],"floor_reached":55,"playtime":6232,"items_purged":["Strike_B","Strike_B","Defend_B"],"score":973,"play_id":"8db0a997-4e0d-42e1-b185-2086ac0be388","local_time":"20190220234545","is_ascension_mode":true,"campfire_choices":[{"floor":12,"key":"REST"},{"floor":15,"key":"REST"},{"floor":24,"key":"REST"},{"floor":28,"key":"REST"},{"floor":32,"key":"RECALL"},{"data":"Echo Form","floor":41,"key":"SMITH"},{"data":"Coolheaded","floor":45,"key":"SMITH"},{"data":"Conserve Battery","floor":49,"key":"SMITH"},{"data":"Conserve Battery","floor":52,"key":"SMITH"}],"neow_cost":"NONE","seed_source_timestamp":555470521156518,"circlet_count":0,"master_deck":["Strike_B+1","Defend_B","Defend_B","Defend_B+1","Zap","Dualcast","Undo","Capacitor","Cold Snap","Conserve Battery+1","Reprogram","Barrage+1","Defragment","Coolheaded+1","Electrodynamics","White Noise","White Noise","Conserve Battery+1","Barrage+1","Compile Driver","Storm+1","Loop+1","Self Repair","Redo+1","Static Discharge+1","Leap+1","Echo Form+1","Conserve Battery+1","Parasite","Loop+1","Go for the Eyes+1","Sweeping Beam+1","Double Energy+1"],"relics":["Cracked Core","NeowsBlessing","Cables","Bird Faced Urn","Shuriken","Bronze Scales","Odd Mushroom","Orrery","Pantograph","PreservedInsect","Tiny Chest","Meat on the Bone","Nuclear Battery","Mango","Boot","Whetstone","Symbiotic Virus","Gremlin Horn"],"potions_floor_usage":[8,8,16,16,22,27,33,39,48,50,54,55],"damage_taken":[{"damage":0,"enemies":"Small Slimes","floor":1,"turns":1},{"damage":0,"enemies":"Gremlin Nob","floor":6,"turns":1},{"damage":0,"enemies":"Jaw Worm","floor":7,"turns":1},{"damage":23,"enemies":"3 Sentries","floor":8,"turns":6},{"damage":12,"enemies":"Lagavulin","floor":10,"turns":6},{"damage":12,"enemies":"The Mushroom Lair","floor":11,"turns":4},{"damage":0,"enemies":"2 Louse","floor":13,"turns":2},{"damage":14,"enemies":"Exordium Wildlife","floor":14,"turns":5},{"damage":48,"enemies":"Slime Boss","floor":16,"turns":11},{"damage":21,"enemies":"Shell Parasite","floor":18,"turns":6},{"damage":16,"enemies":"3 Byrds","floor":19,"turns":3},{"damage":19,"enemies":"Snecko","floor":22,"turns":5},{"damage":42,"enemies":"Gremlin Leader","floor":23,"turns":4},{"damage":7,"enemies":"Cultist and Chosen","floor":25,"turns":4},{"damage":38,"enemies":"Slavers","floor":27,"turns":2},{"damage":6,"enemies":"Chosen and Byrds","floor":30,"turns":4},{"damage":56,"enemies":"Automaton","floor":33,"turns":7},{"damage":9,"enemies":"Orb Walker","floor":35,"turns":3},{"damage":11,"enemies":"3 Shapes","floor":36,"turns":5},{"damage":43,"enemies":"Spire Growth","floor":37,"turns":6},{"damage":37,"enemies":"Writhing Mass","floor":38,"turns":6},{"damage":17,"enemies":"Maw","floor":39,"turns":8},{"damage":44,"enemies":"Giant Head","floor":40,"turns":6},{"damage":49,"enemies":"Nemesis","floor":42,"turns":5},{"damage":21,"enemies":"Spire Growth","floor":46,"turns":6},{"damage":38,"enemies":"Reptomancer","floor":48,"turns":5},{"damage":66,"enemies":"Donu and Deca","floor":50,"turns":6},{"damage":64,"enemies":"Shield and Spear","floor":54,"turns":3},{"damage":83,"enemies":"The Heart","floor":55,"turns":5}],"seed_played":"-155744835887624522","potions_obtained":[{"floor":1,"key":"Ancient Potion"},{"floor":6,"key":"Fire Potion"},{"floor":10,"key":"GamblersBrew"},{"floor":13,"key":"Block Potion"},{"floor":16,"key":"FocusPotion"},{"floor":18,"key":"Swift Potion"},{"floor":27,"key":"Regen Potion"},{"floor":30,"key":"EssenceOfSteel"},{"floor":38,"key":"Dexterity Potion"},{"floor":42,"key":"Energy Potion"},{"floor":54,"key":"FearPotion"}],"is_trial":false,"path_per_floor":["M","?","?","?","?","E","M","E","T","E","?","R","M","M","R","B",null,"M","M","?","?","M","E","R","M","T","E","R","$","M","?","R","B",null,"M","M","M","M","M","E","R","E","T","$","R","M","$","E","R","B",null,"R","$","E","B"],"character_chosen":"DEFECT","items_purchased":["Meat on the Bone","GamblersBrew","Whetstone","Block Potion","Fire Potion"],"campfire_rested":4,"item_purchase_floors":[29,29,44,44,53],"current_hp_per_floor":[75,75,75,60,65,65,65,42,42,32,22,46,46,36,60,16,80,66,54,54,54,50,22,46,58,58,26,50,50,65,65,65,42,80,80,80,56,56,80,66,66,52,52,52,52,57,57,54,54,45,94,94,94,46,0],"gold":32,"neow_bonus":"THREE_ENEMY_KILL","is_prod":false,"is_daily":false,"chose_seed":false,"campfire_upgraded":4,"win_rate":0,"timestamp":1550735145,"path_taken":["M","?","?","?","?","E","?","E","T","E","?","R","M","M","R","BOSS","M","M","?","?","?","E","R","M","T","E","R","$","M","?","R","BOSS","M","M","M","?","M","E","R","E","T","$","R","M","?","E","R","BOSS","R","$","E","BOSS"],"build_version":"2019-01-23","purchased_purges":3,"victory":false,"max_hp_per_floor":[75,75,75,75,80,80,80,80,80,80,80,80,80,80,80,80,80,80,80,80,80,80,80,80,80,80,80,80,80,80,80,80,80,80,80,80,80,80,80,94,94,94,94,94,94,94,94,94,94,94,94,94,94,94,94],"card_choices":[{"not_picked":["Lockon","Stack"],"picked":"Undo","floor":1},{"not_picked":["Hologram","Barrage"],"picked":"Capacitor","floor":6},{"not_picked":["Reprogram","Darkness"],"picked":"Cold Snap","floor":7},{"not_picked":["Loop","Sweeping Beam"],"picked":"Conserve Battery","floor":8},{"not_picked":["Scrape","Force Field"],"picked":"Reprogram","floor":10},{"not_picked":["Beam Cell","Redo"],"picked":"Barrage","floor":11},{"not_picked":["Steam Power","Reinforced Body"],"picked":"Defragment","floor":13},{"not_picked":["Hologram","Blizzard"],"picked":"Coolheaded","floor":14},{"not_picked":["Seek","Creative AI"],"picked":"Electrodynamics","floor":16},{"not_picked":["Sweeping Beam","Reinforced Body"],"picked":"White Noise","floor":17},{"not_picked":["Tempest","Stack"],"picked":"White Noise","floor":17},{"not_picked":["Rip and Tear","Redo"],"picked":"Conserve Battery","floor":17},{"not_picked":["Go for the Eyes","Hologram"],"picked":"Barrage","floor":17},{"not_picked":["Stack","Cold Snap"],"picked":"Compile Driver","floor":17},{"not_picked":["Steam Power","Force Field+1"],"picked":"Storm+1","floor":18},{"not_picked":["Core Surge","Rebound"],"picked":"Loop+1","floor":19},{"not_picked":["Storm","Sunder","Barrage"],"picked":"SKIP","floor":22},{"not_picked":["Double Energy","Tempest"],"picked":"Redo+1","floor":23},{"not_picked":["White Noise","Steam+1"],"picked":"Static Discharge+1","floor":25},{"not_picked":["Streamline+1","Coolheaded"],"picked":"Leap+1","floor":27},{"not_picked":["Fusion","Doom and Gloom","Compile Driver"],"picked":"SKIP","floor":30},{"not_picked":["Thunder Strike","Creative AI"],"picked":"Echo Form","floor":33},{"not_picked":["Rebound","Go for the Eyes","Steam+1"],"picked":"SKIP","floor":35},{"not_picked":["Undo","Auto Shields"],"picked":"Conserve Battery+1","floor":36},{"not_picked":["Steam Power+1","BootSequence","Go for the Eyes+1"],"picked":"SKIP","floor":37},{"not_picked":["Beam Cell+1","Ball Lightning+1"],"picked":"Loop+1","floor":38},{"not_picked":["Rebound","Coolheaded","Undo"],"picked":"SKIP","floor":39},{"not_picked":["Streamline","Conserve Battery+1"],"picked":"Go for the Eyes+1","floor":40},{"not_picked":["Genetic Algorithm+1","Ball Lightning"],"picked":"Sweeping Beam+1","floor":42},{"not_picked":["Static Discharge","Ball Lightning+1"],"picked":"Double Energy+1","floor":46},{"not_picked":["Streamline","Glacier+1","Turbo"],"picked":"SKIP","floor":48},{"not_picked":["Leap","Steam+1","Sweeping Beam"],"picked":"SKIP","floor":54}],"player_experience":271159,"relics_obtained":[{"floor":6,"key":"Cables"},{"floor":8,"key":"Bird Faced Urn"},{"floor":9,"key":"Shuriken"},{"floor":10,"key":"Bronze Scales"},{"floor":11,"key":"Odd Mushroom"},{"floor":23,"key":"Pantograph"},{"floor":26,"key":"PreservedInsect"},{"floor":27,"key":"Tiny Chest"},{"floor":40,"key":"Mango"},{"floor":42,"key":"Boot"},{"floor":48,"key":"Symbiotic Virus"},{"floor":54,"key":"Gremlin Horn"}],"event_choices":[{"cards_removed":["Strike_B"],"damage_healed":0,"gold_gain":0,"player_choice":"Card Removal","damage_taken":0,"max_hp_gain":0,"max_hp_loss":0,"event_name":"The Cleric","floor":2,"gold_loss":50},{"damage_healed":0,"gold_gain":0,"player_choice":"Ignored","damage_taken":0,"max_hp_gain":0,"max_hp_loss":0,"event_name":"Liars Game","floor":3,"gold_loss":0},{"damage_healed":0,"gold_gain":0,"player_choice":"Entered Light","damage_taken":15,"max_hp_gain":0,"max_hp_loss":0,"event_name":"Shining Light","floor":4,"gold_loss":0,"cards_upgraded":["Defend_B","Strike_B"]},{"damage_healed":0,"gold_gain":0,"player_choice":"Donut","damage_taken":0,"max_hp_gain":5,"max_hp_loss":0,"event_name":"Big Fish","floor":5,"gold_loss":0},{"damage_healed":0,"gold_gain":0,"player_choice":"Fought Mushrooms","damage_taken":0,"max_hp_gain":0,"max_hp_loss":0,"event_name":"Mushrooms","floor":11,"gold_loss":0},{"damage_healed":0,"gold_gain":0,"player_choice":"Read","damage_taken":0,"max_hp_gain":0,"max_hp_loss":0,"event_name":"The Library","floor":20,"gold_loss":0,"cards_obtained":["Self Repair"]},{"damage_healed":0,"gold_gain":0,"player_choice":"Bought 0 Potions","damage_taken":0,"max_hp_gain":0,"max_hp_loss":0,"event_name":"The Woman in Blue","floor":21,"gold_loss":0},{"damage_healed":0,"gold_gain":0,"player_choice":"0 cards matched","damage_taken":0,"max_hp_gain":0,"max_hp_loss":0,"event_name":"Match and Keep!","floor":31,"gold_loss":0,"cards_obtained":[]}],"is_beta":false,"boss_relics":[{"not_picked":["Cursed Key","Philosopher\u0027s Stone"],"picked":"Orrery"},{"not_picked":["Coffee Dripper","Pandora\u0027s Box"],"picked":"Nuclear Battery"}],"items_purged_floors":[29,44,47],"is_endless":false,"potions_floor_spawned":[1,6,10,13,16,18,27,30,38,42,46,54],"killed_by":"The Heart","ascension_level":4}