{"gold_per_floor":[114,114,64,77,77,77,96,96,96,96,196,196,215,243,243,366,366,391,391,132,132,132,132,155,155,155,171,171,77,115,139,139,139],"floor_reached":33,"playtime":2316,"items_purged":[],"score":251,"play_id":"68cc19e2-fe72-4067-8e5d-0704e8b6997d","local_time":"20190529235707","is_ascension_mode":false,"campfire_choices":[{"data":"Reaper","floor":6.0,"key":"SMITH"},{"data":"Pommel Strike","floor":8.0,"key":"SMITH"},{"data":"Sever Soul","floor":10.0,"key":"SMITH"},{"data":"Bash","floor":12.0,"key":"SMITH"},{"data":"Warcry","floor":15.0,"key":"SMITH"},{"floor":23.0,"key":"REST"},{"data":"Rage","floor":28,"key":"SMITH"},{"floor":32,"key":"REST"}],"neow_cost":"NONE","seed_source_timestamp":0,"circlet_count":0,"master_deck":["Strike_R","Strike_R","Strike_R","Strike_R","Strike_R","Defend_R","Defend_R","Defend_R","Defend_R","Bash+1","Reaper+1","Sever Soul+1","Clash","Pommel Strike+1","Warcry+1","Clash","Bludgeon","Infernal Blade","Rage+1","Violence","Uppercut","Pommel Strike","RitualDagger","Flex+1","PanicButton","Searing Blow+1","Flame Barrier"],"special_seed":0,"relics":["Burning Blood","Golden Idol","Torii","Dodecahedron","Odd Mushroom","White Beast Statue","Enchiridion","Juzu Bracelet","Bird Faced Urn","Boot"],"potions_floor_usage":[27,30,33,33,33],"damage_taken":[{"damage":11.0,"enemies":"Jaw Worm","floor":1.0,"turns":4.0},{"damage":5.0,"enemies":"2 Louse","floor":4.0,"turns":2.0},{"damage":6.0,"enemies":"Cultist","floor":7.0,"turns":3.0},{"damage":1.0,"enemies":"3 Louse","floor":13.0,"turns":2.0},{"damage":10.0,"enemies":"The Mushroom Lair","floor":14.0,"turns":4.0},{"damage":40.0,"enemies":"Hexaghost","floor":16.0,"turns":7.0},{"damage":1.0,"enemies":"Spheric Guardian","floor":18.0,"turns":3.0},{"damage":12.0,"enemies":"Shell Parasite","floor":24.0,"turns":3.0},{"damage":30,"enemies":"Snake Plant","floor":27,"turns":3},{"damage":26,"enemies":"Slavers","floor":30,"turns":6},{"damage":11,"enemies":"Snecko","floor":31,"turns":4},{"damage":100,"enemies":"Champ","floor":33,"turns":9}],"seed_played":"-4771647994311092264","potions_obtained":[{"floor":7.0,"key":"BloodPotion"},{"floor":16.0,"key":"Explosive Potion"},{"floor":18.0,"key":"AttackPotion"},{"floor":24,"key":"SpeedPotion"},{"floor":27,"key":"Explosive Potion"},{"floor":30,"key":"FearPotion"},{"floor":31,"key":"Regen Potion"}],"is_trial":false,"path_per_floor":["M","?","?","M","T","R","M","R","T","R","?","R","M","?","R","B",null,"M","?","$","?","T","R","M","?","T","M","R","$","E","M","R","B"],"character_chosen":"IRONCLAD","items_purchased":["Violence","Uppercut","PanicButton"],"campfire_rested":2,"item_purchase_floors":[20,20,29],"current_hp_per_floor":[75,75,75,76,76,76,80,80,80,80,80,80,80,76,76,49,80,80,80,80,64,64,80,74,68,68,58,58,58,46,43,67,0],"gold":139,"neow_bonus":"ONE_RANDOM_RARE_CARD","is_prod":false,"is_daily":false,"chose_seed":false,"campfire_upgraded":6,"win_rate":0.0,"timestamp":1559170627,"path_taken":["M","?","?","M","?","R","M","R","T","R","?","R","?","?","R","BOSS","M","?","$","?","?","R","M","?","T","M","R","$","E","M","R","BOSS"],"build_version":"2019-01-23","purchased_purges":0,"victory":false,"max_hp_per_floor":[80,80,80,80,80,80,80,80,80,80,80,80,80,80,80,80,80,80,80,80,80,80,80,80,80,80,80,80,80,80,80,80,80],"card_choices":[{"not_picked":["Cleave","Twin Strike"],"picked":"Sever Soul","floor":1.0},{"not_picked":["Dropkick","Searing Blow"],"picked":"Clash","floor":4.0},{"not_picked":["Shrug It Off","Inflame"],"picked":"Pommel Strike","floor":7.0},{"not_picked":["Cleave","Pommel Strike"],"picked":"Warcry","floor":13.0},{"not_picked":["Twin Strike","Impervious"],"picked":"Clash","floor":14.0},{"not_picked":["Impervious","Offering"],"picked":"Bludgeon","floor":16.0},{"not_picked":["Dual Wield","Fire Breathing"],"picked":"Infernal Blade","floor":18.0},{"not_picked":["Flex","Thunderclap"],"picked":"Pommel Strike","floor":24},{"not_picked":["Cleave","Disarm"],"picked":"Flex+1","floor":27},{"not_picked":["True Grit","Flex"],"picked":"Searing Blow+1","floor":30},{"not_picked":["Flex","Sword Boomerang"],"picked":"Flame Barrier","floor":31}],"player_experience":18574,"relics_obtained":[{"floor":5.0,"key":"Torii"},{"floor":9.0,"key":"Dodecahedron"},{"floor":14.0,"key":"Odd Mushroom"},{"floor":21.0,"key":"Enchiridion"},{"floor":22.0,"key":"Juzu Bracelet"},{"floor":26,"key":"Bird Faced Urn"},{"floor":30,"key":"Boot"}],"event_choices":[{"damage_healed":0.0,"max_hp_gain":0.0,"max_hp_loss":0.0,"gold_gain":0.0,"event_name":"Golden Idol","player_choice":"Take Wound","floor":2.0,"gold_loss":0.0,"damage_taken":0.0,"relics_obtained":["Golden Idol"],"cards_obtained":["Injury"]},{"cards_removed":["Injury"],"damage_healed":0.0,"max_hp_gain":0.0,"max_hp_loss":0.0,"gold_gain":0.0,"event_name":"The Cleric","player_choice":"Card Removal","floor":3.0,"gold_loss":50.0,"damage_taken":0.0},{"damage_healed":0.0,"max_hp_gain":0.0,"max_hp_loss":0.0,"gold_gain":100.0,"event_name":"Golden Shrine","player_choice":"Pray","floor":11.0,"gold_loss":0.0,"damage_taken":0.0},{"damage_healed":0.0,"max_hp_gain":0.0,"max_hp_loss":0.0,"gold_gain":0.0,"event_name":"Mushrooms","player_choice":"Fought Mushrooms","floor":14.0,"gold_loss":0.0,"damage_taken":0.0},{"damage_healed":0.0,"max_hp_gain":0.0,"max_hp_loss":0.0,"gold_gain":0.0,"event_name":"The Library","player_choice":"Read","floor":19.0,"gold_loss":0.0,"damage_taken":0.0,"cards_obtained":["Rage"]},{"damage_healed":0.0,"max_hp_gain":0.0,"max_hp_loss":0.0,"gold_gain":0.0,"event_name":"Cursed Tome","player_choice":"Obtained Book","floor":21.0,"gold_loss":0.0,"damage_taken":16.0},{"damage_healed":0,"gold_gain":0,"player_choice":"Joined the Cult","damage_taken":6,"max_hp_gain":0,"max_hp_loss":0,"event_name":"Nest","floor":25,"gold_loss":0,"cards_obtained":["RitualDagger"]}],"is_beta":false,"boss_relics":[{"not_picked":["Ectoplasm","Astrolabe"],"picked":"White Beast Statue"}],"items_purged_floors":[],"is_endless":false,"potions_floor_spawned":[7,16,18,24,27,30,31],"killed_by":"Champ","ascension_level":0}