{"gold_per_floor":[109,126,126,126,139,172,190,190,190,114,114,126,141,66,66,166,166,185,197,8,19,37,66,66,66,93,93,104,122,122,140,140,235,235,247,17,0,12,12],"floor_reached":39,"playtime":3561,"items_purged":["Strike_G","Venomology"],"score":529,"play_id":"61225d0f-1b68-42a6-8fe5-8b670a0eb8d4","local_time":"20190731230919","is_ascension_mode":true,"campfire_choices":[{"floor":8.0,"key":"REST"},{"data":"Dagger Spray","floor":11.0,"key":"SMITH"},{"data":"Noxious Fumes","floor":15.0,"key":"SMITH"},{"floor":25.0,"key":"REST"},{"floor":30,"key":"REST"},{"floor":32,"key":"REST"}],"neow_cost":"NONE","seed_source_timestamp":1147680600369000,"circlet_count":0,"master_deck":["Defend_G","Defend_G","Defend_G","Defend_G","Defend_G","Survivor","Neutralize+1","Noxious Fumes+1","Flying Knee+1","Dagger Spray+1","Flechettes","Escape Plan","Flying Knee","Backflip","Malaise","Backflip","Bullet Time","Predator+1","Eviscerate+1","Heel Hook+1","PiercingWail","Poisoned Stab","Adrenaline","Well Laid Plans","PiercingWail","PiercingWail","Quick Slash","Setup+1","Grand Finale","Backflip+1","Footwork","Cloak And Dagger"],"special_seed":0,"relics":["Ring of the Snake","Bottled Flame","Matryoshka","Astrolabe","Kunai","Ancient Tea Set","Juzu Bracelet","Sozu","Red Mask"],"potions_floor_usage":[31,33,33,33,39],"damage_taken":[{"damage":0.0,"enemies":"Cultist","floor":1.0,"turns":3.0},{"damage":0.0,"enemies":"Small Slimes","floor":2.0,"turns":3.0},{"damage":3.0,"enemies":"2 Louse","floor":5.0,"turns":4.0},{"damage":11.0,"enemies":"Gremlin Nob","floor":6.0,"turns":4.0},{"damage":15.0,"enemies":"Lots of Slimes","floor":7.0,"turns":3.0},{"damage":0.0,"enemies":"Red Slaver","floor":12.0,"turns":4.0},{"damage":1.0,"enemies":"Blue Slaver","floor":13.0,"turns":3.0},{"damage":4.0,"enemies":"Slime Boss","floor":16.0,"turns":8.0},{"damage":7.0,"enemies":"3 Byrds","floor":18.0,"turns":5.0},{"damage":1.0,"enemies":"Spheric Guardian","floor":19.0,"turns":4.0},{"damage":11.0,"enemies":"Centurion and Healer","floor":21.0,"turns":6.0},{"damage":13.0,"enemies":"Cultist and Chosen","floor":22.0,"turns":7.0},{"damage":16.0,"enemies":"Gremlin Leader","floor":23.0,"turns":5.0},{"damage":4.0,"enemies":"Chosen and Byrds","floor":27.0,"turns":8.0},{"damage":7.0,"enemies":"Centurion and Healer","floor":28.0,"turns":7.0},{"damage":6,"enemies":"Shelled Parasite and Fungi","floor":29,"turns":5},{"damage":0,"enemies":"3 Cultists","floor":31,"turns":5},{"damage":59,"enemies":"Collector","floor":33,"turns":11},{"damage":0,"enemies":"3 Shapes","floor":35,"turns":8},{"damage":1,"enemies":"Orb Walker","floor":38,"turns":4},{"damage":65,"enemies":"2 Orb Walkers","floor":39,"turns":6}],"seed_played":"-2227858978486253802","potions_obtained":[{"floor":1.0,"key":"SteroidPotion"},{"floor":7.0,"key":"FearPotion"},{"floor":12.0,"key":"Explosive Potion"},{"floor":18.0,"key":"GhostInAJar"},{"floor":21.0,"key":"Explosive Potion"},{"floor":31,"key":"SneckoOil"}],"is_trial":false,"path_per_floor":["M","M","?","?","M","E","M","R","T","$","R","M","M","$","R","B",null,"M","M","$","M","M","E","?","R","T","M","M","M","R","M","R","B",null,"M","$","?","M","?"],"character_chosen":"THE_SILENT","items_purchased":["Flying Knee","Backflip","Adrenaline","PowerPotion","Footwork","Cloak And Dagger"],"campfire_rested":4,"item_purchase_floors":[10,10,20,20,36,36],"current_hp_per_floor":[63,63,56,56,53,42,27,48,48,48,48,48,47,47,47,43,63,56,55,55,44,31,24,24,45,45,41,34,28,49,49,70,11,55,55,55,55,54,0],"gold":12,"neow_bonus":"UPGRADE_CARD","is_prod":false,"is_daily":false,"chose_seed":false,"campfire_upgraded":2,"win_rate":0,"timestamp":1564610959,"path_taken":["M","?","?","?","M","E","?","R","T","?","R","M","M","$","R","BOSS","M","M","$","M","M","E","?","R","T","M","M","M","R","M","R","BOSS","M","$","?","M","?"],"build_version":"2019-07-17","purchased_purges":2,"victory":false,"max_hp_per_floor":[70,70,70,70,70,70,70,70,70,70,70,70,70,70,70,70,70,70,70,70,70,70,70,70,70,70,70,70,70,70,70,70,70,70,70,70,70,70,70],"card_choices":[{"not_picked":["Distraction","Deflect"],"picked":"Noxious Fumes","floor":1.0},{"not_picked":["Bouncing Flask","Underhanded Strike"],"picked":"Flying Knee","floor":2.0},{"not_picked":["Infinite Blades","Backflip"],"picked":"Dagger Spray","floor":5.0},{"not_picked":["Sucker Punch","Escape Plan"],"picked":"Flechettes","floor":6.0},{"not_picked":["Deflect","Distraction"],"picked":"Escape Plan","floor":7.0},{"not_picked":["Leg Sweep","Prepared"],"picked":"Malaise","floor":12.0},{"not_picked":["Calculated Gamble","Prepared"],"picked":"Backflip","floor":13.0},{"not_picked":["Tools of the Trade","Malaise"],"picked":"Bullet Time","floor":16.0},{"not_picked":["Dodge and Roll+1","Deadly Poison+1"],"picked":"PiercingWail","floor":18.0},{"not_picked":["Choke+1","Reflex+1"],"picked":"Poisoned Stab","floor":19.0},{"not_picked":["Quick Slash+1","Sucker Punch"],"picked":"Well Laid Plans","floor":21.0},{"not_picked":["Deflect+1","Reflex"],"picked":"Venomology","floor":22.0},{"not_picked":["Slice","Skewer+1"],"picked":"PiercingWail","floor":23.0},{"not_picked":["Poisoned Stab","Dagger Throw"],"picked":"PiercingWail","floor":28.0},{"not_picked":["Outmaneuver","Acrobatics"],"picked":"Quick Slash","floor":29},{"not_picked":["Acrobatics","Finisher"],"picked":"Setup+1","floor":31},{"not_picked":["Bullet Time","Phantasmal Killer"],"picked":"Grand Finale","floor":33},{"not_picked":["Blade Dance+1","Deflect"],"picked":"Backflip+1","floor":35},{"not_picked":["Flechettes","Blade Dance","Deadly Poison"],"picked":"SKIP","floor":38}],"player_experience":224380,"relics_obtained":[{"floor":6.0,"key":"Bottled Flame"},{"floor":9.0,"key":"Matryoshka"},{"floor":23.0,"key":"Kunai"},{"floor":26.0,"key":"Ancient Tea Set"},{"floor":26.0,"key":"Juzu Bracelet"}],"event_choices":[{"cards_removed":["Strike_G"],"damage_healed":0.0,"max_hp_gain":0.0,"max_hp_loss":0.0,"gold_gain":0.0,"event_name":"Golden Wing","player_choice":"Card Removal","floor":3.0,"gold_loss":0.0,"damage_taken":7.0},{"damage_healed":0.0,"max_hp_gain":0.0,"max_hp_loss":0.0,"gold_gain":0.0,"event_name":"Upgrade Shrine","player_choice":"Upgraded","floor":4.0,"gold_loss":0.0,"damage_taken":0.0,"cards_upgraded":["Flying Knee"]},{"damage_healed":0.0,"max_hp_gain":0.0,"max_hp_loss":0.0,"gold_gain":0.0,"event_name":"Cursed Tome","player_choice":"Ignored","floor":24.0,"gold_loss":0.0,"damage_taken":0.0},{"damage_healed":0,"gold_gain":0,"player_choice":"Paid","damage_taken":0,"relics_obtained":["Red Mask"],"max_hp_gain":0,"max_hp_loss":0,"event_name":"Tomb of Lord Red Mask","floor":37,"gold_loss":17},{"damage_healed":0,"gold_gain":0,"player_choice":"Fight","damage_taken":0,"max_hp_gain":0,"max_hp_loss":0,"event_name":"Mysterious Sphere","floor":39,"gold_loss":0}],"is_beta":false,"boss_relics":[{"not_picked":["Runic Dome","Runic Pyramid"],"picked":"Astrolabe"},{"not_picked":["Black Star","Tiny House"],"picked":"Sozu"}],"items_purged_floors":[14,36],"is_endless":false,"potions_floor_spawned":[1,7,12,18,21,27,31,38],"killed_by":"2 Orb Walkers","ascension_level":6}