{"gold_per_floor":[215,63,131,131,150,194,194,144,221,241,256,277,327,342,342,462,462,477,477,477,510,534,534,548,548],"floor_reached":25,"playtime":1390,"items_purged":["Strike_R"],"score":203,"play_id":"ef9d399e-312f-4cf0-9b61-36ffb04a6f38","local_time":"20190601201007","is_ascension_mode":false,"campfire_choices":[{"data":"Inflame","floor":7,"key":"SMITH"},{"data":"Flame Barrier","floor":15,"key":"SMITH"},{"data":"Shrug It Off","floor":23,"key":"SMITH"}],"neow_cost":"NONE","seed_source_timestamp":32695647176000,"circlet_count":0,"master_deck":["Strike_R","Strike_R+1","Strike_R","Defend_R","Defend_R","Defend_R","Defend_R","Bash","Inflame+1","Clothesline","Shrug It Off+1","Offering","Flame Barrier+1","Carnage","Body Slam","Headbutt+1","Thunderclap","Berserk","Twin Strike","Shrug It Off+1","Shrug It Off","Reaper"],"relics":["Burning Blood","Golden Idol","Calipers","Mummified Hand","Whetstone","Philosopher\u0027s Stone","Red Mask"],"potions_floor_usage":[16,16,21],"damage_taken":[{"damage":0,"enemies":"Small Slimes","floor":1,"turns":5},{"damage":7,"enemies":"2 Louse","floor":5,"turns":2},{"damage":34,"enemies":"Gremlin Nob","floor":6,"turns":5},{"damage":1,"enemies":"Jaw Worm","floor":10,"turns":4},{"damage":5,"enemies":"Looter","floor":11,"turns":4},{"damage":0,"enemies":"Blue Slaver","floor":12,"turns":4},{"damage":18,"enemies":"Exordium Wildlife","floor":14,"turns":3},{"damage":29,"enemies":"Hexaghost","floor":16,"turns":10},{"damage":10,"enemies":"Shell Parasite","floor":18,"turns":5},{"damage":14,"enemies":"Colosseum Slavers","floor":19,"turns":3},{"damage":31,"enemies":"Masked Bandits","floor":21,"turns":5},{"damage":0,"enemies":"Chosen","floor":22,"turns":4},{"damage":24,"enemies":"Snake Plant","floor":24,"turns":2},{"damage":44,"enemies":"Slavers","floor":25,"turns":3}],"seed_played":"-2253539898082655556","potions_obtained":[{"floor":5,"key":"LiquidBronze"},{"floor":6,"key":"Fire Potion"},{"floor":12,"key":"Block Potion"},{"floor":14,"key":"PowerPotion"},{"floor":22,"key":"Weak Potion"}],"is_trial":false,"path_per_floor":["M","$","?","?","M","E","R","?","T","M","M","M","T","M","R","B",null,"M","?","?","?","M","R","M","E"],"character_chosen":"IRONCLAD","items_purchased":["Clothesline","Shrug It Off"],"campfire_rested":0,"item_purchase_floors":[2,2],"current_hp_per_floor":[80,80,80,74,73,45,45,45,45,50,51,57,57,45,45,22,74,70,62,62,37,43,43,25,0],"gold":548,"neow_bonus":"HUNDRED_GOLD","is_prod":false,"is_daily":false,"chose_seed":false,"campfire_upgraded":3,"win_rate":0,"timestamp":1559416207,"path_taken":["M","$","?","?","M","E","R","?","T","M","M","M","?","M","R","BOSS","M","?","?","?","M","R","M","E"],"build_version":"2019-01-23","purchased_purges":1,"victory":false,"max_hp_per_floor":[80,80,80,74,74,74,74,74,74,74,74,74,74,74,74,74,74,74,74,74,74,74,74,74,74],"card_choices":[{"not_picked":["Sword Boomerang","Perfected Strike"],"picked":"Inflame","floor":1},{"not_picked":["Iron Wave","Entrench"],"picked":"Offering","floor":5},{"not_picked":["Whirlwind","Iron Wave"],"picked":"Flame Barrier","floor":6},{"not_picked":["Reckless Charge","Shrug It Off"],"picked":"Carnage","floor":10},{"not_picked":["Sever Soul","Wild Strike"],"picked":"Body Slam","floor":11},{"not_picked":["Thunderclap","Cleave"],"picked":"Headbutt","floor":12},{"not_picked":["Twin Strike","Sword Boomerang"],"picked":"Thunderclap","floor":14},{"not_picked":["Barricade","Bludgeon"],"picked":"Berserk","floor":16},{"not_picked":["Hemokinesis","Carnage"],"picked":"Twin Strike","floor":18},{"not_picked":["Twin Strike","True Grit+1"],"picked":"Shrug It Off+1","floor":21},{"not_picked":["Anger+1","Spot Weakness"],"picked":"Shrug It Off","floor":22},{"not_picked":["Intimidate","Clash+1"],"picked":"Reaper","floor":24}],"player_experience":58019,"relics_obtained":[{"floor":6,"key":"Calipers"},{"floor":9,"key":"Mummified Hand"},{"floor":13,"key":"Whetstone"},{"floor":21,"key":"Red Mask"}],"event_choices":[{"damage_healed":0,"gold_gain":68,"player_choice":"Gained Gold","damage_taken":0,"max_hp_gain":0,"max_hp_loss":0,"event_name":"Golden Wing","floor":3,"gold_loss":0},{"damage_healed":0,"gold_gain":0,"player_choice":"Lose Max HP","damage_taken":0,"relics_obtained":["Golden Idol"],"max_hp_gain":0,"max_hp_loss":6,"event_name":"Golden Idol","floor":4,"gold_loss":0},{"cards_removed":["Strike_R"],"damage_healed":0,"gold_gain":0,"player_choice":"Card Removal","damage_taken":0,"max_hp_gain":0,"max_hp_loss":0,"event_name":"The Cleric","floor":8,"gold_loss":50},{"damage_healed":0,"gold_gain":0,"player_choice":"Fight","damage_taken":0,"max_hp_gain":0,"max_hp_loss":0,"event_name":"Colosseum","floor":19,"gold_loss":0},{"damage_healed":0,"gold_gain":0,"player_choice":"Fled From Nobs","damage_taken":0,"max_hp_gain":0,"max_hp_loss":0,"event_name":"Colosseum","floor":19,"gold_loss":0},{"damage_healed":0,"gold_gain":0,"player_choice":"Ignored","damage_taken":0,"max_hp_gain":0,"max_hp_loss":0,"event_name":"Vampires","floor":20,"gold_loss":0},{"damage_healed":0,"gold_gain":0,"player_choice":"Fought Bandits","damage_taken":0,"max_hp_gain":0,"max_hp_loss":0,"event_name":"Masked Bandits","floor":21,"gold_loss":0}],"is_beta":false,"boss_relics":[{"not_picked":["Orrery","Mark of Pain"],"picked":"Philosopher\u0027s Stone"}],"items_purged_floors":[2],"is_endless":false,"potions_floor_spawned":[5,6,12,14,19,22],"killed_by":"Slavers","ascension_level":0}