{"gold_per_floor":[114,114,131,231,243,243,268,286,286,300,250,250,250,267,267,372,372,385,170,181,106,117,145,145,145,168,200,229,260,0,24,36,48],"floor_reached":33,"playtime":5000,"items_purged":[],"score":296,"play_id":"da66189e-1e59-43f5-9f21-578bcc14916f","local_time":"20190601144236","is_ascension_mode":false,"campfire_choices":[{"data":"Zap","floor":6,"key":"SMITH"},{"floor":13,"key":"REST"},{"data":"Sunder","floor":15,"key":"SMITH"},{"data":"Dualcast","floor":24,"key":"SMITH"},{"data":"Streamline","floor":32,"key":"SMITH"}],"neow_cost":"NONE","seed_source_timestamp":9438882117000,"circlet_count":0,"master_deck":["Strike_B","Strike_B","Defend_B","Defend_B","Defend_B","Zap+1","Dualcast+1","Sunder+1","Sweeping Beam","Hologram+1","Redo+1","Consume+1","Steam+1","Cold Snap","Seek+1","Redo+1","Coolheaded+1","Streamline+1","Hologram+1","Conserve Battery+1","Redo+1","Sweeping Beam+1","Gash+1","Conserve Battery+1"],"relics":["Cracked Core","Toxic Egg 2","Matryoshka","Eternal Feather","Bag of Preparation","Molten Egg 2","PreservedInsect","MawBank"],"potions_floor_usage":[7,16,16,22,23,31,33,33],"damage_taken":[{"damage":0,"enemies":"2 Louse","floor":1,"turns":1},{"damage":1,"enemies":"Cultist","floor":3,"turns":3},{"damage":3,"enemies":"Small Slimes","floor":5,"turns":2},{"damage":30,"enemies":"Gremlin Nob","floor":7,"turns":4},{"damage":3,"enemies":"Gremlin Gang","floor":8,"turns":3},{"damage":4,"enemies":"Blue Slaver","floor":10,"turns":3},{"damage":0,"enemies":"2 Fungi Beasts","floor":14,"turns":2},{"damage":32,"enemies":"Slime Boss","floor":16,"turns":9},{"damage":14,"enemies":"2 Thieves","floor":18,"turns":4},{"damage":0,"enemies":"Chosen","floor":20,"turns":4},{"damage":2,"enemies":"Snecko","floor":22,"turns":4},{"damage":0,"enemies":"Gremlin Leader","floor":23,"turns":8},{"damage":6,"enemies":"Cultist and Chosen","floor":27,"turns":6},{"damage":14,"enemies":"Chosen and Byrds","floor":28,"turns":5},{"damage":10,"enemies":"Sentry and Sphere","floor":29,"turns":5},{"damage":0,"enemies":"Shelled Parasite and Fungi","floor":31,"turns":4},{"damage":59,"enemies":"Collector","floor":33,"turns":8}],"seed_played":"2873824495107205828","potions_obtained":[{"floor":3,"key":"Swift Potion"},{"floor":10,"key":"Dexterity Potion"},{"floor":14,"key":"Swift Potion"},{"floor":16,"key":"PowerPotion"},{"floor":18,"key":"Strength Potion"},{"floor":22,"key":"Fire Potion"},{"floor":23,"key":"EssenceOfSteel"},{"floor":28,"key":"Energy Potion"}],"is_trial":false,"path_per_floor":["M","?","M","?","M","R","E","M","T","M","?","?","R","M","R","B",null,"M","$","M","?","M","E","R","?","T","M","M","M","?","M","R","B"],"character_chosen":"DEFECT","items_purchased":["Coolheaded+1","Bag of Preparation","Streamline"],"campfire_rested":1,"item_purchase_floors":[19,19,19],"current_hp_per_floor":[75,75,74,74,71,71,41,38,38,34,34,34,56,56,56,24,75,61,61,61,61,59,59,71,71,71,65,51,41,41,41,53,0],"gold":48,"neow_bonus":"TRANSFORM_CARD","is_prod":false,"is_daily":false,"chose_seed":false,"campfire_upgraded":4,"win_rate":0.0,"timestamp":1559396556,"path_taken":["M","?","?","?","M","R","E","?","T","M","?","?","R","?","R","BOSS","M","$","M","?","M","E","R","?","T","M","?","M","?","M","R","BOSS"],"build_version":"2019-01-23","purchased_purges":0,"victory":false,"max_hp_per_floor":[75,75,75,75,75,75,75,75,75,75,75,75,75,75,75,75,75,75,75,75,75,75,75,75,75,75,75,75,75,75,75,75,75],"card_choices":[{"not_picked":["Melter","Compile Driver"],"picked":"Sweeping Beam","floor":1},{"not_picked":["Double Energy","Lockon"],"picked":"Force Field","floor":3},{"not_picked":["Chill","Gash"],"picked":"Hologram","floor":5},{"not_picked":["Rebound","FTL"],"picked":"Redo","floor":7},{"not_picked":["Steam Power+1","Darkness+1"],"picked":"Consume+1","floor":8},{"not_picked":["Gash","Storm"],"picked":"Steam+1","floor":10},{"not_picked":["Turbo+1","Leap+1"],"picked":"Cold Snap","floor":14},{"not_picked":["All For One","Thunder Strike"],"picked":"Seek+1","floor":16},{"not_picked":["Blizzard","Gash"],"picked":"Redo+1","floor":18},{"not_picked":["Beam Cell","Barrage"],"picked":"Hologram+1","floor":20},{"not_picked":["Barrage+1","Beam Cell"],"picked":"Conserve Battery+1","floor":22},{"not_picked":["Auto Shields+1","Force Field+1","Aggregate+1"],"picked":"SKIP","floor":23},{"not_picked":["Steam+1","Turbo+1"],"picked":"Redo+1","floor":27},{"not_picked":["Meteor Strike+1","Steam+1"],"picked":"Sweeping Beam+1","floor":28},{"not_picked":["BootSequence+1","Redo+1"],"picked":"Gash+1","floor":29},{"not_picked":["Beam Cell+1","Static Discharge"],"picked":"Conserve Battery+1","floor":31}],"player_experience":46224,"relics_obtained":[{"floor":7,"key":"Toxic Egg 2"},{"floor":9,"key":"Matryoshka"},{"floor":23,"key":"Molten Egg 2"},{"floor":26,"key":"PreservedInsect"},{"floor":26,"key":"MawBank"}],"event_choices":[{"cards_removed":["Defend_B"],"damage_healed":0,"gold_gain":0,"player_choice":"Purged","damage_taken":0,"max_hp_gain":0,"max_hp_loss":0,"event_name":"Purifier","floor":2,"gold_loss":0},{"damage_healed":0,"gold_gain":100,"player_choice":"Pray","damage_taken":0,"max_hp_gain":0,"max_hp_loss":0,"event_name":"Golden Shrine","floor":4,"gold_loss":0},{"cards_removed":["Force Field"],"damage_healed":0,"gold_gain":0,"player_choice":"Card Removal","damage_taken":0,"max_hp_gain":0,"max_hp_loss":0,"event_name":"The Cleric","floor":11,"gold_loss":50},{"damage_healed":0,"gold_gain":0,"player_choice":"Forge","damage_taken":0,"max_hp_gain":0,"max_hp_loss":0,"event_name":"Accursed Blacksmith","floor":12,"gold_loss":0,"cards_upgraded":["Hologram"]},{"cards_removed":["Strike_B"],"damage_healed":0,"gold_gain":0,"player_choice":"Gave Gold","damage_taken":0,"max_hp_gain":0,"max_hp_loss":0,"event_name":"Beggar","floor":21,"gold_loss":75},{"damage_healed":0,"gold_gain":0,"player_choice":"Ignored","damage_taken":0,"max_hp_gain":0,"max_hp_loss":0,"event_name":"N\u0027loth","floor":25,"gold_loss":0},{"damage_healed":0,"gold_gain":0,"player_choice":"Paid Fearfully","damage_taken":0,"max_hp_gain":0,"max_hp_loss":0,"event_name":"Masked Bandits","floor":30,"gold_loss":272}],"is_beta":false,"boss_relics":[{"not_picked":["Snecko Eye","Astrolabe"],"picked":"Eternal Feather"}],"items_purged_floors":[],"is_endless":false,"potions_floor_spawned":[3,10,14,16,18,22,23,28],"killed_by":"Collector","ascension_level":0}