{"gold_per_floor":[111,124,124,134,35,35,63,63,63,91,91,107,7,35,35,138,138,149,169,169,179,193,193,222,233,233,268,183,203,128,128,128,232,232,250,27,39,55,55],"floor_reached":39,"playtime":3818,"items_purged":["Defend_B","Defend_B"],"score":576,"play_id":"5caeafc4-1b7f-452c-b276-41bacc782493","local_time":"20190222185153","is_ascension_mode":true,"campfire_choices":[{"floor":6,"key":"REST"},{"data":"Reinforced Body","floor":11,"key":"SMITH"},{"floor":15,"key":"REST"},{"floor":23,"key":"REST"},{"floor":32,"key":"REST"}],"neow_cost":"NONE","seed_source_timestamp":713054813762389,"circlet_count":0,"master_deck":["Strike_B+1","Strike_B+1","Defend_B","Zap","Dualcast","Electrodynamics","Double Energy","Conserve Battery","Conserve Battery","Ball Lightning","Reinforced Body+1","FTL","Redo","Streamline+1","Coolheaded","Lockon","Machine Learning+1","Static Discharge+1","Defragment+1","Go for the Eyes+1","Leap+1"],"relics":["Cracked Core","Torii","FaceOfCleric","Matryoshka","PreservedInsect","Strawberry","Empty Cage","Frozen Egg 2","Sundial","Ancient Tea Set","Gremlin Horn","Cables","Inserter","Blood Vial"],"potions_floor_usage":[10,12,14,16,22,25,33,33,38,39,39],"damage_taken":[{"damage":10,"enemies":"2 Louse","floor":1,"turns":2},{"damage":7,"enemies":"Jaw Worm","floor":2,"turns":3},{"damage":0,"enemies":"Cultist","floor":4,"turns":3},{"damage":21,"enemies":"Lagavulin","floor":7,"turns":5},{"damage":1,"enemies":"3 Sentries","floor":10,"turns":4},{"damage":2,"enemies":"Looter","floor":12,"turns":3},{"damage":16,"enemies":"Gremlin Nob","floor":14,"turns":4},{"damage":25,"enemies":"Hexaghost","floor":16,"turns":8},{"damage":5,"enemies":"3 Byrds","floor":18,"turns":3},{"damage":17,"enemies":"2 Thieves","floor":19,"turns":3},{"damage":19,"enemies":"Snecko","floor":21,"turns":6},{"damage":7,"enemies":"3 Cultists","floor":22,"turns":3},{"damage":1,"enemies":"Gremlin Leader","floor":24,"turns":4},{"damage":0,"enemies":"Chosen and Byrds","floor":25,"turns":4},{"damage":23,"enemies":"Slavers","floor":27,"turns":3},{"damage":26,"enemies":"Snake Plant","floor":29,"turns":5},{"damage":10,"enemies":"Automaton","floor":33,"turns":9},{"damage":41,"enemies":"3 Darklings","floor":35,"turns":6},{"damage":1,"enemies":"Orb Walker","floor":37,"turns":3},{"damage":46,"enemies":"Spire Growth","floor":38,"turns":5},{"damage":12,"enemies":"Sphere and 2 Shapes","floor":39,"turns":3}],"seed_played":"3957398370226481838","potions_obtained":[{"floor":1,"key":"AttackPotion"},{"floor":2,"key":"Swift Potion"},{"floor":10,"key":"SteroidPotion"},{"floor":14,"key":"PowerPotion"},{"floor":16,"key":"Ancient Potion"},{"floor":19,"key":"Strength Potion"},{"floor":21,"key":"PowerPotion"},{"floor":24,"key":"SneckoOil"},{"floor":27,"key":"SpeedPotion"},{"floor":33,"key":"Explosive Potion"},{"floor":35,"key":"Explosive Potion"},{"floor":37,"key":"Regen Potion"},{"floor":38,"key":"Dexterity Potion"}],"is_trial":false,"path_per_floor":["M","M","?","M","$","R","E","?","T","E","R","M","$","E","R","B",null,"M","M","?","M","M","R","E","M","T","E","?","M","?","$","R","B",null,"M","$","M","M","M"],"character_chosen":"DEFECT","items_purchased":["Ball Lightning","Blood Vial","Defragment+1"],"campfire_rested":4,"item_purchase_floors":[5,36,36],"current_hp_per_floor":[65,58,43,43,43,65,44,44,44,44,44,43,43,35,60,36,74,70,54,54,36,30,57,57,58,58,36,36,11,11,11,39,30,79,39,39,41,10,0],"gold":55,"neow_bonus":"ONE_RANDOM_RARE_CARD","is_prod":false,"is_daily":false,"chose_seed":false,"campfire_upgraded":1,"win_rate":0,"timestamp":1550890313,"path_taken":["M","M","?","M","$","R","E","?","T","E","R","?","$","E","R","BOSS","M","M","?","?","M","R","E","M","T","E","?","M","?","$","R","BOSS","M","$","M","M","M"],"build_version":"2019-01-23","purchased_purges":2,"victory":false,"max_hp_per_floor":[75,75,75,75,75,75,75,75,75,76,76,77,77,85,85,86,86,87,88,88,89,90,90,91,92,92,93,93,94,94,94,94,95,95,96,96,97,98,98],"card_choices":[{"not_picked":["Doom and Gloom","Beam Cell"],"picked":"Double Energy","floor":1},{"not_picked":["Glacier","Go for the Eyes"],"picked":"Conserve Battery","floor":2},{"not_picked":["Redo","Tempest"],"picked":"Conserve Battery","floor":4},{"not_picked":["All For One","Storm"],"picked":"Reinforced Body","floor":7},{"not_picked":["Rip and Tear","Rebound","Turbo"],"picked":"SKIP","floor":10},{"not_picked":["Steam","Turbo","Hello World"],"picked":"SKIP","floor":12},{"not_picked":["Hologram","Ball Lightning"],"picked":"FTL","floor":14},{"not_picked":["Meteor Strike","Amplify"],"picked":"Creative AI","floor":16},{"not_picked":["Steam","Rip and Tear","Heatsinks+1"],"picked":"SKIP","floor":18},{"not_picked":["Leap","Melter+1"],"picked":"Redo","floor":19},{"not_picked":["Ball Lightning+1","Hologram"],"picked":"Streamline+1","floor":21},{"not_picked":["Sweeping Beam","Turbo+1","Beam Cell"],"picked":"SKIP","floor":22},{"not_picked":["FTL+1","Tempest"],"picked":"Coolheaded","floor":24},{"not_picked":["Fusion","Scrape+1"],"picked":"Lockon","floor":25},{"not_picked":["Doom and Gloom","Force Field"],"picked":"Machine Learning+1","floor":27},{"not_picked":["Compile Driver","Coolheaded","Beam Cell"],"picked":"SKIP","floor":29},{"not_picked":["Beam Cell","Cold Snap"],"picked":"Static Discharge+1","floor":35},{"not_picked":["Ball Lightning+1","Stack"],"picked":"Go for the Eyes+1","floor":37},{"not_picked":["Rip and Tear+1","Steam Power+1"],"picked":"Leap+1","floor":38}],"player_experience":277391,"relics_obtained":[{"floor":7,"key":"Torii"},{"floor":9,"key":"Matryoshka"},{"floor":10,"key":"PreservedInsect"},{"floor":14,"key":"Strawberry"},{"floor":24,"key":"Frozen Egg 2"},{"floor":26,"key":"Sundial"},{"floor":26,"key":"Ancient Tea Set"},{"floor":27,"key":"Gremlin Horn"}],"event_choices":[{"damage_healed":0,"gold_gain":0,"player_choice":"Entered Light","damage_taken":15,"max_hp_gain":0,"max_hp_loss":0,"event_name":"Shining Light","floor":3,"gold_loss":0,"cards_upgraded":["Strike_B","Strike_B"]},{"damage_healed":0,"gold_gain":0,"player_choice":"Trade","damage_taken":0,"relics_obtained":["FaceOfCleric"],"max_hp_gain":0,"max_hp_loss":0,"event_name":"FaceTrader","floor":8,"gold_loss":0},{"cards_removed":["Strike_B"],"damage_healed":0,"gold_gain":0,"player_choice":"Purged","damage_taken":0,"max_hp_gain":0,"max_hp_loss":0,"event_name":"Purifier","floor":20,"gold_loss":0},{"damage_healed":0,"gold_gain":0,"player_choice":"Obtained Relic","damage_taken":0,"relics_obtained":["Cables"],"max_hp_gain":0,"max_hp_loss":0,"event_name":"Addict","floor":28,"gold_loss":85},{"cards_removed":["Creative AI"],"damage_healed":0,"gold_gain":0,"player_choice":"Gave Gold","damage_taken":0,"max_hp_gain":0,"max_hp_loss":0,"event_name":"Beggar","floor":30,"gold_loss":75}],"is_beta":false,"boss_relics":[{"not_picked":["Sozu","Tiny House"],"picked":"Empty Cage"},{"not_picked":["Coffee Dripper","Philosopher\u0027s Stone"],"picked":"Inserter"}],"items_purged_floors":[5,13],"is_endless":false,"potions_floor_spawned":[1,2,10,14,16,19,21,24,27,33,35,37,38],"killed_by":"Sphere and 2 Shapes","ascension_level":5}