{"gold_per_floor":[112,122,135,146,146,146,172,172,244,96,111,137,137,212,212,307,307,320,340,351,351,201,201],"floor_reached":23,"playtime":2033,"items_purged":["Defend_B","Decay"],"score":261,"play_id":"d8117169-13c8-471d-8dd0-686e9f1a1d8e","local_time":"20190313225304","is_ascension_mode":true,"campfire_choices":[{"data":"Self Repair","floor":6,"key":"SMITH"},{"data":"Loop","floor":8,"key":"SMITH"},{"data":"Static Discharge","floor":13,"key":"SMITH"},{"floor":15,"key":"REST"}],"neow_cost":"NONE","seed_source_timestamp":0,"circlet_count":0,"master_deck":["Strike_B+1","Strike_B+1","Strike_B+1","Strike_B+1","Defend_B+1","Defend_B+1","Defend_B+1","Zap","Dualcast","Self Repair+1","Loop+1","Zap","Electrodynamics","Glacier","Leap","Streamline","Capacitor","Static Discharge+1","Multi-Cast","Beam Cell+1","Lockon"],"special_seed":0,"relics":["Cracked Core","NeowsBlessing","Unceasing Top","Pear","Omamori","Nuclear Battery"],"potions_floor_usage":[7,11,16,16,23,23],"damage_taken":[{"damage":0,"enemies":"Cultist","floor":1,"turns":1},{"damage":0,"enemies":"2 Louse","floor":2,"turns":1},{"damage":0,"enemies":"Small Slimes","floor":3,"turns":1},{"damage":2,"enemies":"Exordium Wildlife","floor":4,"turns":3},{"damage":15,"enemies":"3 Sentries","floor":7,"turns":3},{"damage":13,"enemies":"Exordium Thugs","floor":11,"turns":4},{"damage":29,"enemies":"Lagavulin","floor":12,"turns":9},{"damage":14,"enemies":"The Guardian","floor":16,"turns":10},{"damage":20,"enemies":"Spheric Guardian","floor":18,"turns":5},{"damage":19,"enemies":"Shell Parasite","floor":19,"turns":4},{"damage":43,"enemies":"Snecko","floor":20,"turns":5},{"damage":35,"enemies":"Slavers","floor":23,"turns":3}],"seed_played":"4683779323422449967","potions_obtained":[{"floor":1,"key":"Poison Potion"},{"floor":2,"key":"Ancient Potion"},{"floor":4,"key":"PowerPotion"},{"floor":11,"key":"SkillPotion"},{"floor":20,"key":"Weak Potion"}],"is_trial":false,"path_per_floor":["M","M","M","M","?","R","E","R","T","$","M","E","R","?","R","B",null,"M","M","M","?","$","E"],"character_chosen":"DEFECT","items_purchased":["Leap","Streamline","Energy Potion"],"campfire_rested":1,"item_purchase_floors":[10,10,22],"current_hp_per_floor":[68,68,68,73,73,73,68,68,78,78,75,56,56,45,70,66,80,70,61,28,28,28,0],"gold":201,"neow_bonus":"THREE_ENEMY_KILL","is_prod":false,"is_daily":false,"chose_seed":false,"campfire_upgraded":3,"win_rate":0,"timestamp":1552542784,"path_taken":["M","M","?","M","?","R","E","R","T","?","M","E","R","?","R","BOSS","M","M","M","?","$","E"],"build_version":"2019-01-23","purchased_purges":2,"victory":false,"max_hp_per_floor":[75,75,75,75,75,75,75,75,85,85,85,85,85,85,85,85,85,85,85,85,85,85,85],"card_choices":[{"not_picked":["FTL","Capacitor"],"picked":"Self Repair","floor":1},{"not_picked":["Doom and Gloom","Coolheaded"],"picked":"Loop","floor":2},{"not_picked":["Undo","Sweeping Beam","Scrape"],"picked":"SKIP","floor":3},{"not_picked":["Beam Cell","Force Field","Stack"],"picked":"SKIP","floor":4},{"not_picked":["Auto Shields","Undo"],"picked":"Glacier","floor":7},{"not_picked":["Glacier","Barrage"],"picked":"Capacitor","floor":11},{"not_picked":["Ball Lightning","Go for the Eyes"],"picked":"Static Discharge","floor":12},{"not_picked":["Electrodynamics","Meteor Strike"],"picked":"Multi-Cast","floor":16},{"not_picked":["Turbo","Redo"],"picked":"Beam Cell+1","floor":18},{"not_picked":["Redo","Consume","Beam Cell"],"picked":"SKIP","floor":19},{"not_picked":["Stack","Beam Cell"],"picked":"Lockon","floor":20}],"player_experience":301703,"relics_obtained":[{"floor":7,"key":"Unceasing Top"},{"floor":9,"key":"Pear"},{"floor":12,"key":"Omamori"}],"event_choices":[{"damage_healed":0,"gold_gain":0,"player_choice":"3 cards matched","damage_taken":0,"max_hp_gain":0,"max_hp_loss":0,"event_name":"Match and Keep!","floor":5,"gold_loss":0,"cards_obtained":["Decay","Zap","Electrodynamics"]},{"damage_healed":0,"gold_gain":75,"player_choice":"Gather Gold","damage_taken":11,"max_hp_gain":0,"max_hp_loss":0,"event_name":"World of Goop","floor":14,"gold_loss":0},{"damage_healed":0,"gold_gain":0,"player_choice":"Simplicity","damage_taken":0,"max_hp_gain":0,"max_hp_loss":0,"event_name":"Back to Basics","floor":21,"gold_loss":0,"cards_upgraded":["Strike_B","Strike_B","Strike_B","Strike_B","Defend_B","Defend_B","Defend_B"]}],"is_beta":false,"boss_relics":[{"not_picked":["Coffee Dripper","Pandora\u0027s Box"],"picked":"Nuclear Battery"}],"items_purged_floors":[10,22],"is_endless":false,"potions_floor_spawned":[1,2,4,11,20],"killed_by":"Slavers","ascension_level":6}