{"gold_per_floor":[118,129,30,80,95,95,127,127,175,125,158,158,173,186,186,288,288,306,9,21,120,320,320,351,351,351,368,283,20,37,37,37,142,142,159,159,259,269,283,283,358,358,358,90,100,120,139,149,149,149],"floor_reached":51,"playtime":3539,"items_purged":["Parasite","Pain"],"score":890,"play_id":"0d9447c3-ae2b-4419-b3e1-df1fcbc44368","local_time":"20190801195855","is_ascension_mode":true,"campfire_choices":[{"data":"Neutralize","floor":6,"key":"SMITH"},{"floor":8,"key":"REST"},{"floor":15,"key":"REST"},{"floor":23,"key":"REST"},{"data":"Noxious Fumes","floor":25,"key":"SMITH"},{"floor":32,"key":"REST"},{"data":"Adrenaline","floor":40,"key":"SMITH"},{"data":"Well Laid Plans","floor":42,"key":"SMITH"},{"floor":49,"key":"REST"}],"neow_cost":"NONE","seed_source_timestamp":1222775463972200,"circlet_count":0,"master_deck":["Strike_G","Defend_G","Defend_G","Defend_G","Defend_G","Survivor","Neutralize+1","Quick Slash","Noxious Fumes+1","Well Laid Plans+1","Dagger Spray","Cloak And Dagger","Choke","Poisoned Stab","Wraith Form v2+1","Backflip","Quick Slash","Bane","Unload","Dagger Throw","PiercingWail","Skewer+1","Deadly Poison+1","Quick Slash","Adrenaline+1","Dodge and Roll","Prepared","Dodge and Roll+1","Malaise","Dagger Spray+1","Wraith Form v2+1","Blur+1","Prepared+1","Burst","Decay","Doppelganger","Footwork","Noxious Fumes","PiercingWail+1","Acrobatics+1"],"relics":["Ring of the Snake","Dream Catcher","Ancient Tea Set","Oddly Smooth Stone","Tough Bandages","Cursed Key","Membership Card","PreservedInsect","Bottled Lightning","Gambling Chip","Potion Belt","TwistedFunnel","Astrolabe","Ninja Scroll","Kunai","Chemical X"],"potions_floor_usage":[7,7,16,16,33,33,50,50,50],"damage_taken":[{"damage":4,"enemies":"Cultist","floor":1,"turns":5},{"damage":0,"enemies":"2 Louse","floor":2,"turns":4},{"damage":2,"enemies":"Jaw Worm","floor":5,"turns":5},{"damage":25,"enemies":"Gremlin Nob","floor":7,"turns":5},{"damage":32,"enemies":"Lagavulin","floor":11,"turns":6},{"damage":1,"enemies":"Exordium Wildlife","floor":13,"turns":4},{"damage":2,"enemies":"Blue Slaver","floor":14,"turns":4},{"damage":47,"enemies":"The Guardian","floor":16,"turns":14},{"damage":7,"enemies":"2 Thieves","floor":18,"turns":4},{"damage":0,"enemies":"3 Byrds","floor":20,"turns":4},{"damage":6,"enemies":"Gremlin Leader","floor":24,"turns":5},{"damage":0,"enemies":"Centurion and Healer","floor":27,"turns":4},{"damage":17,"enemies":"Shelled Parasite and Fungi","floor":30,"turns":4},{"damage":30,"enemies":"Champ","floor":33,"turns":11},{"damage":1,"enemies":"Orb Walker","floor":35,"turns":3},{"damage":0,"enemies":"3 Shapes","floor":38,"turns":6},{"damage":2,"enemies":"Maw","floor":39,"turns":8},{"damage":1,"enemies":"Transient","floor":45,"turns":5},{"damage":1,"enemies":"4 Shapes","floor":46,"turns":4},{"damage":3,"enemies":"Maw","floor":47,"turns":8},{"damage":9,"enemies":"3 Darklings","floor":48,"turns":5},{"damage":8,"enemies":"Donu and Deca","floor":50,"turns":9}],"seed_played":"-676416316284624698","potions_obtained":[{"floor":0,"key":"EssenceOfSteel"},{"floor":0,"key":"Explosive Potion"},{"floor":0,"key":"GamblersBrew"},{"floor":7,"key":"FairyPotion"},{"floor":11,"key":"Dexterity Potion"},{"floor":20,"key":"Weak Potion"},{"floor":33,"key":"LiquidBronze"},{"floor":38,"key":"SkillPotion"},{"floor":39,"key":"SteroidPotion"},{"floor":46,"key":"SteroidPotion"},{"floor":47,"key":"SneckoOil"}],"is_trial":false,"path_per_floor":["M","M","$","T","M","R","E","R","T","?","E","?","M","M","R","B",null,"M","$","M","?","?","R","E","R","T","M","?","$","M","?","R","B",null,"M","?","?","M","M","R","T","R","T","$","M","M","M","M","R","B",null],"character_chosen":"THE_SILENT","items_purchased":["Well Laid Plans","Dagger Spray","Membership Card","PiercingWail","PreservedInsect","Adrenaline","TwistedFunnel","Dodge and Roll","PowerPotion","Chemical X","Doppelganger","Footwork"],"campfire_rested":5,"item_purchase_floors":[3,3,19,19,19,29,29,29,29,44,44,44],"current_hp_per_floor":[59,59,59,59,57,57,32,53,53,53,21,21,20,18,39,1,53,46,46,46,46,46,67,61,61,61,61,61,61,44,44,64,34,59,58,58,58,58,56,56,56,56,56,56,55,54,51,42,62,54],"gold":149,"neow_bonus":"THREE_SMALL_POTIONS","is_prod":false,"is_daily":false,"chose_seed":false,"campfire_upgraded":4,"win_rate":0,"timestamp":1564685935,"path_taken":["M","M","$","?","M","R","E","R","T","?","E","?","?","M","R","BOSS","M","$","M","?","?","R","E","R","T","?","?","$","M","?","R","BOSS","M","?","?","?","M","R","?","R","T","$","M","M","M","M","R","BOSS"],"build_version":"2019-07-17","purchased_purges":2,"victory":true,"max_hp_per_floor":[70,70,70,70,70,70,70,70,70,70,70,70,70,70,70,70,70,70,70,70,70,70,70,70,70,70,70,70,67,67,67,67,67,67,67,67,67,67,67,67,67,67,67,67,67,67,67,67,67,67],"card_choices":[{"not_picked":["Finisher","Poisoned Stab"],"picked":"Quick Slash","floor":1},{"not_picked":["Dodge and Roll","All Out Attack"],"picked":"Noxious Fumes","floor":2},{"not_picked":["Dodge and Roll","Slice"],"picked":"Cloak And Dagger","floor":5},{"not_picked":["Prepared","Infinite Blades"],"picked":"Choke","floor":7},{"not_picked":["Prepared","Tactician"],"picked":"Poisoned Stab","floor":8},{"not_picked":["Poisoned Stab","Blade Dance"],"picked":"Wraith Form v2","floor":11},{"not_picked":["Dodge and Roll","Tactician"],"picked":"Backflip","floor":13},{"not_picked":["Reflex","Dagger Spray"],"picked":"Quick Slash","floor":14},{"not_picked":["Backflip","Finisher"],"picked":"Bane","floor":15},{"not_picked":["Malaise","Night Terror"],"picked":"Unload","floor":16},{"not_picked":["Quick Slash+1","Cloak And Dagger"],"picked":"Dagger Throw","floor":18},{"not_picked":["Predator","Masterful Stab"],"picked":"Skewer+1","floor":20},{"not_picked":["Underhanded Strike","Poisoned Stab"],"picked":"Deadly Poison+1","floor":23},{"not_picked":["Riddle With Holes","Choke"],"picked":"Quick Slash","floor":24},{"not_picked":["Slice","Deflect","Outmaneuver"],"picked":"SKIP","floor":27},{"not_picked":["Blade Dance","Reflex+1"],"picked":"Prepared","floor":30},{"not_picked":["Deadly Poison+1","Doppelganger"],"picked":"Dodge and Roll+1","floor":32},{"not_picked":["Glass Knife","Unload"],"picked":"Malaise","floor":33},{"not_picked":["Distraction+1","Slice+1"],"picked":"Prepared+1","floor":35},{"not_picked":["Backflip+1","Deflect+1"],"picked":"Burst","floor":38},{"not_picked":["Setup","Distraction","Flying Knee"],"picked":"SKIP","floor":39},{"not_picked":["Deflect+1","Backflip"],"picked":"Noxious Fumes","floor":45},{"not_picked":["Flying Knee+1","Outmaneuver","Endless Agony+1"],"picked":"SKIP","floor":46},{"not_picked":["Underhanded Strike+1","Poisoned Stab+1"],"picked":"PiercingWail+1","floor":47},{"not_picked":["Dagger Throw+1","Underhanded Strike","Bouncing Flask"],"picked":"SKIP","floor":48},{"not_picked":["Noxious Fumes","Choke"],"picked":"Acrobatics+1","floor":49}],"player_experience":228399,"relics_obtained":[{"floor":4,"key":"Dream Catcher"},{"floor":7,"key":"Ancient Tea Set"},{"floor":9,"key":"Oddly Smooth Stone"},{"floor":11,"key":"Tough Bandages"},{"floor":24,"key":"Bottled Lightning"},{"floor":26,"key":"Gambling Chip"},{"floor":41,"key":"Ninja Scroll"},{"floor":43,"key":"Kunai"}],"event_choices":[{"cards_removed":["Strike_G"],"damage_healed":0,"gold_gain":0,"player_choice":"Card Removal","damage_taken":0,"max_hp_gain":0,"max_hp_loss":0,"event_name":"The Cleric","floor":10,"gold_loss":50},{"damage_healed":0,"gold_gain":0,"player_choice":"Grow","damage_taken":0,"max_hp_gain":0,"max_hp_loss":0,"event_name":"Living Wall","floor":12,"gold_loss":0,"cards_upgraded":["Wraith Form v2"]},{"damage_healed":0,"gold_gain":99,"player_choice":"Stole From Cult","damage_taken":0,"max_hp_gain":0,"max_hp_loss":0,"event_name":"Nest","floor":21,"gold_loss":0},{"damage_healed":0,"gold_gain":200,"player_choice":"Gold","damage_taken":0,"max_hp_gain":0,"max_hp_loss":0,"event_name":"Wheel of Change","floor":22,"gold_loss":0},{"damage_healed":0,"gold_gain":0,"player_choice":"Obtained Relic","damage_taken":0,"relics_obtained":["Potion Belt"],"max_hp_gain":0,"max_hp_loss":0,"event_name":"Addict","floor":28,"gold_loss":85},{"damage_healed":0,"gold_gain":0,"player_choice":"Ignored","damage_taken":0,"max_hp_gain":0,"max_hp_loss":0,"event_name":"Ghosts","floor":31,"gold_loss":0},{"cards_removed":["Defend_G"],"damage_healed":0,"gold_gain":0,"player_choice":"Removed Skill","damage_taken":0,"max_hp_gain":0,"max_hp_loss":0,"event_name":"Falling","floor":36,"gold_loss":0},{"damage_healed":0,"gold_gain":100,"player_choice":"Pray","damage_taken":0,"max_hp_gain":0,"max_hp_loss":0,"event_name":"Golden Shrine","floor":37,"gold_loss":0}],"is_beta":false,"boss_relics":[{"not_picked":["Lizard Tail","WristBlade"],"picked":"Cursed Key"},{"not_picked":["Coffee Dripper","White Beast Statue"],"picked":"Astrolabe"}],"items_purged_floors":[29,44],"is_endless":false,"potions_floor_spawned":[1,7,11,20,33,38,39,46,47],"ascension_level":6}