{"gold_per_floor":[111,111,121,134,63,96,96,96,96,119,152,152,77,112,112,240,240,229,0,0,13,13,13],"floor_reached":23,"playtime":3335,"items_purged":["Strike_B"],"score":217,"play_id":"3ac11290-d3f3-428e-b392-0102bfb08531","local_time":"20181208110218","is_ascension_mode":true,"campfire_choices":[{"floor":8,"key":"REST"},{"floor":12,"key":"REST"},{"floor":15,"key":"REST"}],"neow_cost":"NONE","seed_source_timestamp":534238823280148,"circlet_count":0,"master_deck":["Strike_B","Strike_B","Defend_B","Defend_B","Defend_B","Defend_B","Zap","Dualcast","Streamline","FTL","Redo","Capacitor","Coolheaded","White Noise","Ball Lightning","Cold Snap","Seek","Go for the Eyes","Echo Form","Barrage","Defragment","Blizzard"],"relics":["FrozenCore","CultistMask","Nunchaku","Golden Idol","Du-Vu Doll","Dream Catcher","Cables","Pen Nib"],"potions_floor_usage":[10,16,16],"damage_taken":[{"damage":6,"enemies":"Jaw Worm","floor":1,"turns":4},{"damage":1,"enemies":"Cultist","floor":3,"turns":3},{"damage":1,"enemies":"2 Louse","floor":4,"turns":3},{"damage":39,"enemies":"Gremlin Nob","floor":6,"turns":5},{"damage":6,"enemies":"Looter","floor":10,"turns":3},{"damage":28,"enemies":"3 Sentries","floor":11,"turns":8},{"damage":22,"enemies":"Gremlin Nob","floor":14,"turns":4},{"damage":43,"enemies":"Slime Boss","floor":16,"turns":11},{"damage":17,"enemies":"2 Thieves","floor":18,"turns":4},{"damage":15,"enemies":"Shell Parasite","floor":21,"turns":5},{"damage":53,"enemies":"Slavers","floor":23,"turns":3}],"seed_played":"-7445439680908723687","potions_obtained":[{"floor":3,"key":"FearPotion"},{"floor":6,"key":"AttackPotion"},{"floor":11,"key":"Regen Potion"},{"floor":14,"key":"Regen Potion"},{"floor":18,"key":"Energy Potion"}],"is_trial":false,"path_per_floor":["M","?","M","M","$","E","?","R","T","M","E","R","$","E","R","B",null,"M","$","?","M","$","E"],"character_chosen":"DEFECT","items_purchased":["Capacitor","Defragment","Pen Nib"],"campfire_rested":3,"item_purchase_floors":[5,19,19],"current_hp_per_floor":[76,76,75,74,74,35,35,57,57,51,23,45,45,23,45,41,76,59,59,59,44,44,0],"gold":13,"neow_bonus":"TEN_PERCENT_HP_BONUS","is_prod":false,"is_daily":false,"chose_seed":false,"campfire_upgraded":0,"win_rate":0,"timestamp":1544295738,"path_taken":["M","?","M","M","?","E","?","R","T","M","E","R","$","E","R","BOSS","M","$","?","M","?","E"],"build_version":"2018-12-06","purchased_purges":1,"victory":false,"max_hp_per_floor":[82,82,82,82,82,82,76,76,76,76,76,76,76,76,76,76,76,76,76,76,76,76,76],"card_choices":[{"not_picked":["Blizzard","Beam Cell"],"picked":"Streamline","floor":1},{"not_picked":["Consume","Sweeping Beam"],"picked":"FTL","floor":3},{"not_picked":["Loop","Steam"],"picked":"Redo","floor":4},{"not_picked":["Reinforced Body","Redo"],"picked":"Coolheaded","floor":6},{"not_picked":["Steam","Sunder"],"picked":"White Noise","floor":10},{"not_picked":["Beam Cell","Compile Driver"],"picked":"Ball Lightning","floor":11},{"not_picked":["Streamline","Ball Lightning"],"picked":"Cold Snap","floor":12},{"not_picked":["Static Discharge","Melter"],"picked":"Seek","floor":14},{"not_picked":["Compile Driver","Beam Cell"],"picked":"Go for the Eyes","floor":15},{"not_picked":["Rainbow","Seek"],"picked":"Echo Form","floor":16},{"not_picked":["Rip and Tear","Capacitor+1"],"picked":"Barrage","floor":18},{"not_picked":["Rebound+1","Lockon"],"picked":"Blizzard","floor":21}],"player_experience":225748,"relics_obtained":[{"floor":6,"key":"Nunchaku"},{"floor":9,"key":"Du-Vu Doll"},{"floor":11,"key":"Dream Catcher"},{"floor":14,"key":"Cables"}],"event_choices":[{"damage_healed":0,"gold_gain":0,"player_choice":"Trade","damage_taken":0,"relics_obtained":["CultistMask"],"max_hp_gain":0,"max_hp_loss":0,"event_name":"FaceTrader","floor":2,"gold_loss":0},{"damage_healed":0,"gold_gain":0,"player_choice":"Lose Max HP","damage_taken":0,"relics_obtained":["Golden Idol"],"max_hp_gain":0,"max_hp_loss":6,"event_name":"Golden Idol","floor":7,"gold_loss":0},{"cards_removed":["Strike_B"],"damage_healed":0,"gold_gain":0,"player_choice":"Card Removal","damage_taken":0,"max_hp_gain":0,"max_hp_loss":0,"event_name":"Wheel of Change","floor":20,"gold_loss":0}],"is_beta":false,"boss_relics":[{"not_picked":["Ectoplasm","Pandora\u0027s Box"],"picked":"FrozenCore"}],"items_purged_floors":[13],"is_endless":false,"potions_floor_spawned":[3,6,11,14,18],"killed_by":"Slavers","ascension_level":1}