{"gold_per_floor":[119,137,10,10,24,24,59,76,76,106,206,232,232,260,272,384,396,427,454,466,491,503,544,567,579,614,643,686,714,726,3,3,106,106,118,18,18,35,135,135,145,145,194,1,13,13,25,38,38,38],"floor_reached":51,"playtime":5806,"items_purged":["Strike_B","Undo"],"score":800,"play_id":"5d77297d-3e80-4d2c-bdc3-6503f5e63936","local_time":"20190720144641","is_ascension_mode":true,"campfire_choices":[{"data":"Zap","floor":6,"key":"SMITH"},{"floor":13,"key":"DIG"},{"floor":15,"key":"DIG"},{"floor":25,"key":"REST"},{"floor":32,"key":"DIG"},{"data":"Buffer","floor":40,"key":"SMITH"},{"data":"Blizzard","floor":42,"key":"SMITH"},{"data":"Buffer","floor":46,"key":"SMITH"},{"floor":49,"key":"DIG"}],"neow_cost":"NONE","seed_source_timestamp":164968260228000,"circlet_count":0,"master_deck":["Defend_B+1","Defend_B+1","Defend_B+1","Defend_B+1","Zap+1","Dualcast","Defragment+1","Coolheaded","Streamline","Hologram","Conserve Battery","Seek","Electrodynamics","Cold Snap+1","Chill","Beam Cell","Gash","Darkness","Lockon","Turbo","Rebound","Sweeping Beam","Cold Snap","Fusion","Bandage Up","Biased Cognition","Core Surge","Buffer+1","Blizzard+1","FTL+1","Buffer+1","Darkness+1","Force Field+1","Double Energy+1"],"relics":["Cracked Core","Thread and Needle","Shovel","Mango","Orichalcum","MawBank","Potion Belt","Nuclear Battery","Meat on the Bone","Happy Flower","Boot","ClockworkSouvenir","Anchor","Bag of Preparation","Toxic Egg 2","Runic Pyramid","Incense Burner","Art of War","Blood Vial"],"potions_floor_usage":[7,16,28,33,50,50,50,50],"damage_taken":[{"damage":9,"enemies":"Jaw Worm","floor":1,"turns":4},{"damage":1,"enemies":"2 Louse","floor":2,"turns":2},{"damage":0,"enemies":"Cultist","floor":5,"turns":2},{"damage":18,"enemies":"Gremlin Nob","floor":7,"turns":4},{"damage":0,"enemies":"Blue Slaver","floor":8,"turns":3},{"damage":7,"enemies":"Lagavulin","floor":12,"turns":6},{"damage":1,"enemies":"3 Louse","floor":14,"turns":3},{"damage":29,"enemies":"Hexaghost","floor":16,"turns":15},{"damage":4,"enemies":"Chosen","floor":18,"turns":5},{"damage":0,"enemies":"3 Byrds","floor":19,"turns":2},{"damage":3,"enemies":"Cultist and Chosen","floor":21,"turns":4},{"damage":19,"enemies":"Book of Stabbing","floor":23,"turns":7},{"damage":9,"enemies":"Snake Plant","floor":24,"turns":3},{"damage":5,"enemies":"Snecko","floor":27,"turns":6},{"damage":17,"enemies":"Slavers","floor":28,"turns":7},{"damage":5,"enemies":"Shelled Parasite and Fungi","floor":29,"turns":5},{"damage":5,"enemies":"Collector","floor":33,"turns":11},{"damage":7,"enemies":"3 Darklings","floor":35,"turns":3},{"damage":10,"enemies":"3 Shapes","floor":38,"turns":3},{"damage":0,"enemies":"Mind Bloom Boss Battle","floor":39,"turns":6},{"damage":0,"enemies":"Jaw Worm Horde","floor":41,"turns":3},{"damage":10,"enemies":"Sphere and 2 Shapes","floor":45,"turns":6},{"damage":0,"enemies":"Maw","floor":47,"turns":7},{"damage":0,"enemies":"Transient","floor":48,"turns":5},{"damage":1,"enemies":"Awakened One","floor":50,"turns":15}],"seed_played":"-4834602735717986547","potions_obtained":[{"floor":5,"key":"Dexterity Potion"},{"floor":7,"key":"Block Potion"},{"floor":8,"key":"Regen Potion"},{"floor":19,"key":"SpeedPotion"},{"floor":23,"key":"FocusPotion"},{"floor":28,"key":"SkillPotion"},{"floor":35,"key":"PowerPotion"},{"floor":38,"key":"Explosive Potion"}],"is_trial":false,"path_per_floor":["M","M","$","?","M","R","E","M","T","?","?","E","R","M","R","B",null,"M","M","?","M","?","E","M","R","T","M","E","M","?","$","R","B",null,"M","$","?","M","?","R","M","R","T","$","M","R","M","M","R","B",null],"character_chosen":"DEFECT","items_purchased":["Poison Potion","ClockworkSouvenir","Biased Cognition","Core Surge","Anchor","Bag of Preparation","Buffer","Darkness+1"],"campfire_rested":1,"item_purchase_floors":[3,31,31,31,31,31,44,44],"current_hp_per_floor":[66,65,65,65,65,65,47,47,47,61,61,54,54,53,53,24,89,85,85,85,82,82,63,54,80,80,75,73,68,68,68,68,67,89,86,86,86,79,83,83,83,83,83,83,77,77,81,81,81,86],"gold":38,"neow_bonus":"TRANSFORM_CARD","is_prod":false,"is_daily":false,"chose_seed":false,"campfire_upgraded":4,"win_rate":0,"timestamp":1563630401,"path_taken":["M","M","$","?","M","R","E","M","T","?","?","E","R","?","R","BOSS","M","M","?","M","?","E","M","R","T","M","E","M","?","$","R","BOSS","M","?","?","M","?","R","M","R","T","$","M","R","M","?","R","BOSS"],"build_version":"2019-07-17","purchased_purges":2,"victory":true,"max_hp_per_floor":[75,75,75,75,75,75,75,75,75,89,89,89,89,89,89,89,89,89,89,89,89,89,89,89,89,89,89,89,89,89,89,89,89,89,89,89,89,89,89,89,89,89,89,89,89,89,89,89,89,89],"card_choices":[{"not_picked":["Steam","Stack"],"picked":"Coolheaded","floor":1},{"not_picked":["Consume","Leap"],"picked":"Redo","floor":2},{"not_picked":["Beam Cell","Storm"],"picked":"Streamline","floor":5},{"not_picked":["Streamline","Barrage"],"picked":"Hologram","floor":7},{"not_picked":["Aggregate","Steam"],"picked":"Undo","floor":8},{"not_picked":["Gash","Hologram"],"picked":"Conserve Battery","floor":12},{"not_picked":["Conserve Battery","Steam Power"],"picked":"Seek","floor":14},{"not_picked":["Rainbow","Multi-Cast"],"picked":"Electrodynamics","floor":16},{"not_picked":["Conserve Battery","Gash"],"picked":"Cold Snap+1","floor":18},{"not_picked":["Streamline","Reprogram"],"picked":"Chill","floor":19},{"not_picked":["Gash","Ball Lightning"],"picked":"Darkness","floor":21},{"not_picked":["Beam Cell","Rip and Tear"],"picked":"Lockon","floor":23},{"not_picked":["Melter","Conserve Battery"],"picked":"Turbo","floor":24},{"not_picked":["Auto Shields","Force Field"],"picked":"Rebound","floor":27},{"not_picked":["Barrage","Streamline+1"],"picked":"Sweeping Beam","floor":28},{"not_picked":["Undo","Turbo+1"],"picked":"Cold Snap","floor":29},{"not_picked":["Core Surge","Electrodynamics"],"picked":"Buffer","floor":33},{"not_picked":["Melter+1","Cold Snap"],"picked":"Blizzard","floor":35},{"not_picked":["Leap+1","Beam Cell","Cold Snap+1"],"picked":"SKIP","floor":38},{"not_picked":["Conserve Battery+1","Ball Lightning+1"],"picked":"FTL+1","floor":39},{"not_picked":["Chill+1","Leap+1","Go for the Eyes+1"],"picked":"SKIP","floor":41},{"not_picked":["Core Surge","Darkness+1"],"picked":"Force Field+1","floor":45},{"not_picked":["Stack+1","Turbo+1"],"picked":"Double Energy+1","floor":47},{"not_picked":["Streamline","Force Field+1","Go for the Eyes"],"picked":"SKIP","floor":48}],"player_experience":181271,"relics_obtained":[{"floor":7,"key":"Thread and Needle"},{"floor":9,"key":"Shovel"},{"floor":12,"key":"Orichalcum"},{"floor":13,"key":"MawBank"},{"floor":15,"key":"Potion Belt"},{"floor":23,"key":"Meat on the Bone"},{"floor":26,"key":"Happy Flower"},{"floor":28,"key":"Boot"},{"floor":32,"key":"Toxic Egg 2"},{"floor":39,"key":"Incense Burner"},{"floor":43,"key":"Art of War"},{"floor":49,"key":"Blood Vial"}],"event_choices":[{"damage_healed":0,"gold_gain":0,"player_choice":"Grow","damage_taken":0,"max_hp_gain":0,"max_hp_loss":0,"event_name":"Living Wall","floor":4,"gold_loss":0,"cards_upgraded":["Defragment"]},{"damage_healed":0,"gold_gain":30,"player_choice":"Searched \u00272\u0027 times","damage_taken":0,"relics_obtained":["Mango"],"max_hp_gain":0,"max_hp_loss":0,"event_name":"Dead Adventurer","floor":10,"gold_loss":0},{"damage_healed":0,"gold_gain":100,"player_choice":"Pray","damage_taken":0,"max_hp_gain":0,"max_hp_loss":0,"event_name":"Golden Shrine","floor":11,"gold_loss":0},{"damage_healed":0,"gold_gain":0,"cards_transformed":["Strike_B","Strike_B"],"player_choice":"Became Test Subject","damage_taken":0,"max_hp_gain":0,"max_hp_loss":0,"event_name":"Drug Dealer","floor":20,"gold_loss":0,"cards_obtained":["Beam Cell","Gash"]},{"damage_healed":0,"gold_gain":0,"player_choice":"Simplicity","damage_taken":0,"max_hp_gain":0,"max_hp_loss":0,"event_name":"Back to Basics","floor":22,"gold_loss":0,"cards_upgraded":["Defend_B","Defend_B","Defend_B","Defend_B"]},{"damage_healed":0,"gold_gain":0,"player_choice":"2 cards matched","damage_taken":0,"max_hp_gain":0,"max_hp_loss":0,"event_name":"Match and Keep!","floor":30,"gold_loss":0,"cards_obtained":["Fusion","Bandage Up"]},{"cards_removed":["Redo"],"damage_healed":0,"gold_gain":0,"player_choice":"Removed Skill","damage_taken":0,"max_hp_gain":0,"max_hp_loss":0,"event_name":"Falling","floor":37,"gold_loss":0},{"damage_healed":0,"gold_gain":0,"player_choice":"Fight","damage_taken":0,"max_hp_gain":0,"max_hp_loss":0,"event_name":"MindBloom","floor":39,"gold_loss":0}],"is_beta":false,"boss_relics":[{"not_picked":["Busted Crown","Ectoplasm"],"picked":"Nuclear Battery"},{"not_picked":["FrozenCore","Tiny House"],"picked":"Runic Pyramid"}],"items_purged_floors":[3,36],"is_endless":false,"potions_floor_spawned":[5,7,8,12,14,19,23,28,35,38,48],"ascension_level":3}