{"gold_per_floor":[110,129,140,20,20,52,64,103,141,153,21,21,1,15,15,114,114,126,28,28,42,55,55,82,82,138,164,164,164,13,13,13,117,117,130,6,6,22,39,64,64,64,64,164,0,0,0,0,0,0],"floor_reached":51,"playtime":2613,"items_purged":["Strike_B"],"score":963,"play_id":"9af16095-8196-4038-b1bf-b1e172186562","local_time":"20190729173037","is_ascension_mode":true,"campfire_choices":[{"data":"Zap","floor":7,"key":"SMITH"},{"floor":10,"key":"REST"},{"floor":15,"key":"REST"},{"floor":23,"key":"REST"},{"floor":28,"key":"REST"},{"data":"Defragment","floor":32,"key":"SMITH"},{"floor":41,"key":"REST"},{"data":"Buffer","floor":42,"key":"SMITH"},{"data":"White Noise","floor":46,"key":"SMITH"},{"data":"Coolheaded","floor":49,"key":"SMITH"}],"neow_cost":"NONE","seed_source_timestamp":955575026912000,"circlet_count":0,"master_deck":["Defend_B","Defend_B","Defend_B","Defend_B","Zap+1","Dualcast+1","Barrage","Rip and Tear","Coolheaded","Defragment+1","Cold Snap","Streamline","Ball Lightning","BootSequence","Multi-Cast","Cold Snap","Coolheaded+1","Undo","Capacitor","Glacier","Blizzard+1","Conserve Battery+1","Capacitor","Steam Power","Chill","Steam Power","Electrodynamics","Chill","Melter","Consume","Hologram","Buffer+1","Aggregate+1","Storm","Coolheaded","White Noise+1","White Noise+1","Sweeping Beam+1","Go for the Eyes+1","Writhe"],"relics":["FrozenCore","MawBank","Bag of Marbles","Bronze Scales","Anchor","Art of War","Tiny Chest","Matryoshka","Orrery","WingedGreaves","The Courier","Sundial","Girya","Red Mask"],"potions_floor_usage":[6,16,24,33,38,40,40,40,50],"damage_taken":[{"damage":6,"enemies":"Cultist","floor":1,"turns":4},{"damage":9,"enemies":"Jaw Worm","floor":2,"turns":3},{"damage":1,"enemies":"2 Louse","floor":3,"turns":2},{"damage":20,"enemies":"Gremlin Nob","floor":6,"turns":4},{"damage":37,"enemies":"Lagavulin","floor":8,"turns":6},{"damage":0,"enemies":"Blue Slaver","floor":14,"turns":1},{"damage":33,"enemies":"Slime Boss","floor":16,"turns":7},{"damage":0,"enemies":"3 Byrds","floor":18,"turns":2},{"damage":0,"enemies":"Chosen","floor":21,"turns":4},{"damage":17,"enemies":"Shelled Parasite and Fungi","floor":22,"turns":5},{"damage":10,"enemies":"Slavers","floor":24,"turns":6},{"damage":28,"enemies":"Gremlin Leader","floor":27,"turns":9},{"damage":30,"enemies":"Automaton","floor":33,"turns":12},{"damage":3,"enemies":"3 Darklings","floor":35,"turns":6},{"damage":2,"enemies":"Orb Walker","floor":38,"turns":5},{"damage":23,"enemies":"Transient","floor":39,"turns":5},{"damage":3,"enemies":"Giant Head","floor":40,"turns":12},{"damage":0,"enemies":"Mind Bloom Boss Battle","floor":44,"turns":9},{"damage":9,"enemies":"Donu and Deca","floor":50,"turns":13}],"seed_played":"-1217016949756695801","potions_obtained":[{"floor":2,"key":"FearPotion"},{"floor":8,"key":"Dexterity Potion"},{"floor":14,"key":"PowerPotion"},{"floor":22,"key":"Explosive Potion"},{"floor":24,"key":"Fruit Juice"},{"floor":33,"key":"EssenceOfSteel"},{"floor":35,"key":"PowerPotion"},{"floor":39,"key":"Energy Potion"},{"floor":44,"key":"EssenceOfSteel"}],"is_trial":false,"path_per_floor":["M","M","M","$","?","E","R","E","T","R","$","?","?","M","R","B",null,"M","$","?","M","M","R","E","?","T","E","R","?","$","?","R","B",null,"M","$","?","M","M","E","R","R","T","?","?","R","$","?","R","B",null],"character_chosen":"DEFECT","items_purchased":["Defragment","Cold Snap","Anchor","Coolheaded","Capacitor","Steam Power","Storm","Coolheaded"],"campfire_rested":5,"item_purchase_floors":[4,4,11,19,30,30,36,36],"current_hp_per_floor":[69,60,59,59,75,55,55,18,18,40,40,40,40,40,62,29,64,64,64,64,64,47,69,59,59,59,31,53,53,53,53,53,28,67,64,64,64,62,39,36,60,60,60,60,60,60,60,80,80,71],"gold":0,"neow_bonus":"TRANSFORM_CARD","is_prod":false,"is_daily":false,"chose_seed":false,"campfire_upgraded":5,"win_rate":0,"timestamp":1564417837,"path_taken":["M","M","M","?","?","E","R","E","T","R","$","?","?","M","R","BOSS","M","$","?","M","?","R","E","?","T","E","R","?","?","?","R","BOSS","M","$","?","M","M","E","R","R","T","?","?","R","?","?","R","BOSS"],"build_version":"2019-07-17","purchased_purges":1,"victory":true,"max_hp_per_floor":[75,75,75,75,75,75,75,75,75,75,75,75,75,75,75,75,75,75,75,75,75,75,75,75,75,75,75,75,75,75,75,75,80,80,80,80,80,80,80,80,80,80,80,80,80,80,80,80,80,80],"card_choices":[{"not_picked":["Turbo","Aggregate"],"picked":"Barrage","floor":1},{"not_picked":["Rebound","Leap"],"picked":"Rip and Tear","floor":2},{"not_picked":["Go for the Eyes","Beam Cell"],"picked":"Coolheaded","floor":3},{"not_picked":["Multi-Cast","Coolheaded"],"picked":"Streamline","floor":6},{"not_picked":["Barrage","Go for the Eyes"],"picked":"Ball Lightning","floor":8},{"not_picked":["Rebound","Barrage"],"picked":"BootSequence","floor":14},{"not_picked":["Fission","Meteor Strike"],"picked":"Multi-Cast","floor":16},{"not_picked":["Barrage","Turbo"],"picked":"Cold Snap","floor":18},{"not_picked":["Barrage","Rebound"],"picked":"Capacitor","floor":21},{"not_picked":["Redo","Sweeping Beam+1"],"picked":"Glacier","floor":22},{"not_picked":["Coolheaded","Tempest+1"],"picked":"Blizzard+1","floor":24},{"not_picked":["Biased Cognition","Turbo"],"picked":"Conserve Battery+1","floor":27},{"not_picked":["Core Surge","Meteor Strike"],"picked":"Electrodynamics","floor":33},{"not_picked":["Beam Cell","Go for the Eyes+1"],"picked":"Chill","floor":34},{"not_picked":["FTL","Turbo"],"picked":"Melter","floor":34},{"not_picked":["Stack+1","Barrage"],"picked":"Consume","floor":34},{"not_picked":["Coolheaded","Beam Cell"],"picked":"Hologram","floor":34},{"not_picked":["Skim","Cold Snap"],"picked":"Buffer","floor":34},{"not_picked":["Steam","Streamline+1"],"picked":"Aggregate+1","floor":35},{"not_picked":["Compile Driver+1","Gash+1"],"picked":"White Noise+1","floor":38},{"not_picked":["Turbo+1","Auto Shields+1"],"picked":"White Noise","floor":39},{"not_picked":["Biased Cognition","Electrodynamics"],"picked":"Sweeping Beam+1","floor":40},{"not_picked":["Turbo","Hologram+1"],"picked":"Go for the Eyes+1","floor":44}],"player_experience":210934,"relics_obtained":[{"floor":6,"key":"MawBank"},{"floor":8,"key":"Bag of Marbles"},{"floor":9,"key":"Bronze Scales"},{"floor":24,"key":"Art of War"},{"floor":26,"key":"Tiny Chest"},{"floor":27,"key":"Matryoshka"},{"floor":40,"key":"WingedGreaves"},{"floor":43,"key":"The Courier"},{"floor":43,"key":"Sundial"},{"floor":44,"key":"Girya"}],"event_choices":[{"damage_healed":25,"gold_gain":0,"player_choice":"Banana","damage_taken":0,"max_hp_gain":0,"max_hp_loss":0,"event_name":"Big Fish","floor":5,"gold_loss":0},{"damage_healed":0,"gold_gain":0,"player_choice":"Grow","damage_taken":0,"max_hp_gain":0,"max_hp_loss":0,"event_name":"Living Wall","floor":12,"gold_loss":0,"cards_upgraded":["Dualcast"]},{"damage_healed":0,"gold_gain":0,"player_choice":"Left Gold","damage_taken":0,"max_hp_gain":0,"max_hp_loss":0,"event_name":"World of Goop","floor":13,"gold_loss":20},{"damage_healed":0,"gold_gain":0,"cards_transformed":["Strike_B"],"player_choice":"Transformed","damage_taken":0,"max_hp_gain":0,"max_hp_loss":0,"event_name":"Transmorgrifier","floor":20,"gold_loss":0,"cards_obtained":["Undo"]},{"damage_healed":0,"gold_gain":0,"player_choice":"Ignored","damage_taken":0,"max_hp_gain":0,"max_hp_loss":0,"event_name":"Ghosts","floor":25,"gold_loss":0},{"damage_healed":0,"gold_gain":0,"player_choice":"Ignored","damage_taken":0,"max_hp_gain":0,"max_hp_loss":0,"event_name":"Vampires","floor":29,"gold_loss":0},{"damage_healed":0,"gold_gain":0,"cards_transformed":["Strike_B","Reprogram"],"player_choice":"Became Test Subject","damage_taken":0,"max_hp_gain":0,"max_hp_loss":0,"event_name":"Drug Dealer","floor":31,"gold_loss":0,"cards_obtained":["Chill","Steam Power"]},{"damage_healed":0,"gold_gain":0,"player_choice":"Memory 1","damage_taken":0,"max_hp_gain":0,"max_hp_loss":0,"event_name":"SensoryStone","floor":37,"gold_loss":0},{"damage_healed":0,"gold_gain":0,"player_choice":"Fight","damage_taken":0,"max_hp_gain":0,"max_hp_loss":0,"event_name":"MindBloom","floor":44,"gold_loss":0},{"damage_healed":0,"gold_gain":0,"player_choice":"Paid","damage_taken":0,"relics_obtained":["Red Mask"],"max_hp_gain":0,"max_hp_loss":0,"event_name":"Tomb of Lord Red Mask","floor":45,"gold_loss":164},{"damage_healed":20,"gold_gain":0,"player_choice":"Writhe","damage_taken":0,"max_hp_gain":0,"max_hp_loss":0,"event_name":"Winding Halls","floor":48,"gold_loss":0,"cards_obtained":["Writhe"]}],"is_beta":false,"boss_relics":[{"not_picked":["Runic Pyramid","White Beast Statue"],"picked":"FrozenCore"},{"not_picked":["Tiny House","Pandora\u0027s Box"],"picked":"Orrery"}],"items_purged_floors":[19],"is_endless":false,"potions_floor_spawned":[2,8,14,22,24,33,35,39,44],"ascension_level":5}