{"gold_per_floor":[216,391,391,80,155,155,171,196,223,256,270,270,74,74,74,169,169,188,201,300,140,140,140,55,55],"floor_reached":25,"playtime":2387,"items_purged":["Doubt","Strike_B","Strike_B"],"score":299,"play_id":"782f4026-90d1-427d-ab70-0d4d505b9856","local_time":"20190311191316","is_ascension_mode":true,"campfire_choices":[{"floor":6,"key":"REST"},{"data":"Conserve Battery","floor":12,"key":"SMITH"},{"data":"Streamline","floor":15,"key":"SMITH"},{"floor":23,"key":"REST"}],"neow_cost":"NONE","seed_source_timestamp":2098053386792064,"circlet_count":0,"master_deck":["Strike_B","Defend_B","Defend_B","Defend_B+1","Defend_B","Zap+1","Dualcast","White Noise","Self Repair","Conserve Battery+1","Chill","Cold Snap","Capacitor","Streamline+1","Machine Learning","Barrage","Cold Snap","Defragment","Writhe"],"relics":["Cracked Core","DataDisk","Bag of Marbles","Bag of Preparation","Pear","Snecko Eye","Dream Catcher","Lantern"],"potions_floor_usage":[16,18,19],"damage_taken":[{"damage":1,"enemies":"2 Louse","floor":1,"turns":2},{"damage":0,"enemies":"Jaw Worm","floor":7,"turns":3},{"damage":0,"enemies":"Lagavulin","floor":8,"turns":7},{"damage":17,"enemies":"Gremlin Nob","floor":10,"turns":4},{"damage":0,"enemies":"Cultist","floor":11,"turns":3},{"damage":17,"enemies":"The Guardian","floor":16,"turns":8},{"damage":13,"enemies":"Spheric Guardian","floor":18,"turns":4},{"damage":29,"enemies":"3 Byrds","floor":19,"turns":5},{"damage":97,"enemies":"Gremlin Leader","floor":25,"turns":7}],"seed_played":"6512699903256793422","potions_obtained":[{"floor":1,"key":"Regen Potion"},{"floor":8,"key":"GamblersBrew"},{"floor":16,"key":"Dexterity Potion"},{"floor":18,"key":"AttackPotion"}],"is_trial":false,"path_per_floor":["M","?","?","$","?","R","M","E","T","E","M","R","$","?","R","B",null,"M","M","?","$","?","R","?","E"],"character_chosen":"DEFECT","items_purchased":["DataDisk","Self Repair","Conserve Battery","PowerPotion","Streamline","Defragment"],"campfire_rested":2,"item_purchase_floors":[4,4,4,13,13,21],"current_hp_per_floor":[67,67,52,52,41,63,70,75,75,75,85,85,85,85,85,75,83,77,55,55,55,55,80,80,0],"gold":55,"neow_bonus":"HUNDRED_GOLD","is_prod":false,"is_daily":false,"chose_seed":false,"campfire_upgraded":2,"win_rate":0,"timestamp":1552356796,"path_taken":["M","?","?","$","?","R","M","E","T","E","?","R","?","?","R","BOSS","M","M","?","$","?","R","?","E"],"build_version":"2019-01-23","purchased_purges":3,"victory":false,"max_hp_per_floor":[75,75,75,75,75,75,75,75,75,85,85,85,85,85,85,85,85,85,85,85,85,85,85,85,85],"card_choices":[{"not_picked":["Chill","Darkness"],"picked":"White Noise","floor":1},{"not_picked":["Heatsinks","Hologram"],"picked":"Chill","floor":7},{"not_picked":["Tempest","Go for the Eyes"],"picked":"Cold Snap","floor":8},{"not_picked":["Steam Power","Rebound","Hologram"],"picked":"SKIP","floor":10},{"not_picked":["Aggregate","Storm"],"picked":"Capacitor","floor":11},{"not_picked":["All For One","Hyperbeam"],"picked":"Machine Learning","floor":16},{"not_picked":["Coolheaded","Steam"],"picked":"Barrage","floor":18},{"not_picked":["Steam+1","Capacitor"],"picked":"Cold Snap","floor":19}],"player_experience":299316,"relics_obtained":[{"floor":8,"key":"Bag of Marbles"},{"floor":9,"key":"Bag of Preparation"},{"floor":10,"key":"Pear"}],"event_choices":[{"damage_healed":0,"gold_gain":175,"player_choice":"AGREE","damage_taken":0,"max_hp_gain":0,"max_hp_loss":0,"event_name":"Liars Game","floor":2,"gold_loss":0,"cards_obtained":["Doubt"]},{"damage_healed":0,"gold_gain":0,"player_choice":"Entered Light","damage_taken":15,"max_hp_gain":0,"max_hp_loss":0,"event_name":"Shining Light","floor":3,"gold_loss":0,"cards_upgraded":["Zap","Defend_B"]},{"damage_healed":0,"gold_gain":75,"player_choice":"Gather Gold","damage_taken":11,"max_hp_gain":0,"max_hp_loss":0,"event_name":"World of Goop","floor":5,"gold_loss":0},{"cards_removed":["Strike_B"],"damage_healed":0,"gold_gain":0,"player_choice":"Forget","damage_taken":0,"max_hp_gain":0,"max_hp_loss":0,"event_name":"Living Wall","floor":14,"gold_loss":0},{"damage_healed":0,"gold_gain":99,"player_choice":"Stole From Cult","damage_taken":0,"max_hp_gain":0,"max_hp_loss":0,"event_name":"Nest","floor":20,"gold_loss":0},{"damage_healed":0,"gold_gain":0,"player_choice":"Opened","damage_taken":0,"relics_obtained":["Dream Catcher"],"max_hp_gain":0,"max_hp_loss":0,"event_name":"The Mausoleum","floor":22,"gold_loss":0,"cards_obtained":["Writhe"]},{"damage_healed":0,"gold_gain":0,"player_choice":"Obtained Relic","damage_taken":0,"relics_obtained":["Lantern"],"max_hp_gain":0,"max_hp_loss":0,"event_name":"Addict","floor":24,"gold_loss":85}],"is_beta":false,"boss_relics":[{"not_picked":["Philosopher\u0027s Stone","Sozu"],"picked":"Snecko Eye"}],"items_purged_floors":[4,13,21],"is_endless":false,"potions_floor_spawned":[1,8,16,18],"killed_by":"Gremlin Leader","ascension_level":6}