{"gold_per_floor":[110,124,12,30,30,60,60,92,92,423,423,441,393,412,412,514,514,528,547,547,560,560],"floor_reached":22,"playtime":2142,"items_purged":["Strike_B"],"score":247,"play_id":"982af8bf-316d-4e4b-be9d-bb07bc9f0100","local_time":"20190126124418","is_ascension_mode":true,"campfire_choices":[{"floor":7,"key":"REST"},{"floor":11,"key":"REST"},{"data":"Barrage","floor":15,"key":"SMITH"}],"neow_cost":"TEN_PERCENT_HP_LOSS","seed_source_timestamp":903571252172945,"circlet_count":0,"master_deck":["Strike_B","Strike_B","Strike_B","Defend_B","Defend_B","Defend_B","Defend_B","Zap","Dualcast","Ball Lightning","Reinforced Body","Self Repair+1","Redo","Barrage+1","Beam Cell","Leap","Capacitor","Go for the Eyes","Machine Learning","Cold Snap","Stack+1","Sweeping Beam"],"relics":["Cracked Core","StoneCalendar","Potion Belt","Ice Cream","Ornamental Fan","Old Coin","Runic Dome"],"potions_floor_usage":[16,18,18,22,22],"damage_taken":[{"damage":7,"enemies":"Jaw Worm","floor":1,"turns":3},{"damage":10,"enemies":"2 Louse","floor":2,"turns":2},{"damage":4,"enemies":"Small Slimes","floor":4,"turns":4},{"damage":28,"enemies":"3 Sentries","floor":6,"turns":7},{"damage":15,"enemies":"Lagavulin","floor":8,"turns":7},{"damage":24,"enemies":"3 Sentries","floor":10,"turns":6},{"damage":16,"enemies":"Gremlin Gang","floor":12,"turns":4},{"damage":6,"enemies":"Looter","floor":14,"turns":3},{"damage":16,"enemies":"Slime Boss","floor":16,"turns":7},{"damage":1,"enemies":"3 Byrds","floor":18,"turns":5},{"damage":37,"enemies":"2 Thieves","floor":19,"turns":5},{"damage":25,"enemies":"3 Cultists","floor":21,"turns":6},{"damage":16,"enemies":"Cultist and Chosen","floor":22,"turns":4}],"seed_played":"6667807281968412410","potions_obtained":[{"floor":2,"key":"SpeedPotion"},{"floor":10,"key":"Block Potion"},{"floor":14,"key":"Ancient Potion"},{"floor":16,"key":"SpeedPotion"},{"floor":21,"key":"Poison Potion"}],"is_trial":false,"path_per_floor":["M","M","$","M","?","E","R","E","T","E","R","M","?","M","R","B",null,"M","M","?","M","M"],"character_chosen":"DEFECT","items_purchased":["Self Repair"],"campfire_rested":2,"item_purchase_floors":[3],"current_hp_per_floor":[61,51,51,54,54,36,56,51,51,37,57,51,51,55,55,49,68,68,41,29,14,0],"gold":560,"neow_bonus":"ONE_RARE_RELIC","is_prod":false,"is_daily":false,"chose_seed":false,"campfire_upgraded":1,"win_rate":0,"timestamp":1548535458,"path_taken":["M","M","$","M","?","E","R","E","T","E","R","M","?","M","R","BOSS","M","M","?","M","M"],"build_version":"2019-01-23","purchased_purges":1,"victory":false,"max_hp_per_floor":[68,68,68,68,68,68,68,68,68,68,68,68,68,68,68,68,68,68,68,73,73,73],"card_choices":[{"not_picked":["Go for the Eyes","Hello World"],"picked":"Ball Lightning","floor":1},{"not_picked":["Beam Cell","Coolheaded"],"picked":"Reinforced Body","floor":2},{"not_picked":["Hologram","Stack"],"picked":"Redo","floor":4},{"not_picked":["Sunder","Buffer"],"picked":"Barrage","floor":6},{"not_picked":["Sweeping Beam","Gash"],"picked":"Beam Cell","floor":8},{"not_picked":["Rebound","Core Surge"],"picked":"Leap","floor":10},{"not_picked":["Lockon","Streamline"],"picked":"Capacitor","floor":12},{"not_picked":["Aggregate","Turbo"],"picked":"Go for the Eyes","floor":14},{"not_picked":["All For One","Seek"],"picked":"Machine Learning","floor":16},{"not_picked":["Compile Driver","Capacitor"],"picked":"Cold Snap","floor":18},{"not_picked":["Steam","Beam Cell"],"picked":"Stack+1","floor":19},{"not_picked":["Genetic Algorithm","Gash"],"picked":"Sweeping Beam","floor":21}],"player_experience":260739,"relics_obtained":[{"floor":6,"key":"Potion Belt"},{"floor":8,"key":"Ice Cream"},{"floor":9,"key":"Ornamental Fan"},{"floor":10,"key":"Old Coin"}],"event_choices":[{"damage_healed":0,"gold_gain":0,"player_choice":"Grow","damage_taken":0,"max_hp_gain":0,"max_hp_loss":0,"event_name":"Living Wall","floor":5,"gold_loss":0,"cards_upgraded":["Self Repair"]},{"damage_healed":0,"gold_gain":0,"player_choice":"Left Gold","damage_taken":0,"max_hp_gain":0,"max_hp_loss":0,"event_name":"World of Goop","floor":13,"gold_loss":48},{"damage_healed":0,"gold_gain":0,"player_choice":"Shed Blood","damage_taken":17,"max_hp_gain":5,"max_hp_loss":0,"event_name":"Forgotten Altar","floor":20,"gold_loss":0}],"is_beta":false,"boss_relics":[{"not_picked":["Ectoplasm","Astrolabe"],"picked":"Runic Dome"}],"items_purged_floors":[3],"is_endless":false,"potions_floor_spawned":[2,10,14,16,21],"killed_by":"Cultist and Chosen","ascension_level":4}