{"gold_per_floor":[110,110,110,129,149,149,174,174,224,236,268,61,61,75,75,180,180,194,194,204,204,204,204,217,217,217,217,217,246,246],"floor_reached":30,"playtime":4366,"items_purged":[],"score":281,"play_id":"c81cc11b-bfd7-4349-9425-8123b490bfe5","local_time":"20180912215837","is_ascension_mode":false,"campfire_choices":[{"data":"Shrug It Off","floor":6,"key":"SMITH"},{"floor":8,"key":"REST"},{"floor":15,"key":"REST"},{"data":"Shrug It Off","floor":23,"key":"SMITH"},{"floor":25,"key":"REST"}],"neow_cost":"NONE","seed_source_timestamp":2124572763854452,"circlet_count":0,"master_deck":["Defend_R","Defend_R","Defend_R+1","Defend_R","Bash","Perfected Strike","Headbutt","Shrug It Off+1","Iron Wave","Pommel Strike","Shrug It Off+1","Body Slam","Thunderclap","Pommel Strike","Headbutt","Headbutt","Berserk","Twin Strike","Rampage","Heavy Blade","Bite","Bite","Bite","Bite","Bite","Decay","Shockwave"],"relics":["Orrery","Happy Flower","Question Card","Toy Ornithopter","Runic Cube","Shuriken","Potion Belt"],"potions_floor_usage":[16,16,24,29,29],"damage_taken":[{"damage":1,"enemies":"Jaw Worm","floor":1,"turns":4},{"damage":0,"enemies":"Cultist","floor":4,"turns":3},{"damage":0,"enemies":"2 Louse","floor":5,"turns":3},{"damage":23,"enemies":"Gremlin Nob","floor":7,"turns":5},{"damage":2,"enemies":"Blue Slaver","floor":10,"turns":3},{"damage":21,"enemies":"3 Sentries","floor":11,"turns":8},{"damage":2,"enemies":"Large Slime","floor":14,"turns":7},{"damage":11,"enemies":"Slime Boss","floor":16,"turns":5},{"damage":5,"enemies":"Chosen","floor":18,"turns":5},{"damage":22,"enemies":"3 Byrds","floor":20,"turns":6},{"damage":26,"enemies":"3 Cultists","floor":24,"turns":8},{"damage":63,"enemies":"Slavers","floor":29,"turns":9},{"damage":20,"enemies":"Cultist and Chosen","floor":30,"turns":4}],"seed_played":"8963502362022903442","potions_obtained":[{"floor":1,"key":"Swift Potion"},{"floor":4,"key":"GamblersBrew"},{"floor":14,"key":"Energy Potion"},{"floor":20,"key":"Fire Potion"},{"floor":24,"key":"SpeedPotion"}],"is_trial":false,"path_per_floor":["M","$","?","M","M","R","E","R","T","M","E","$","?","M","R","B",null,"M","?","M","?","?","R","M","R","T","?","?","E"],"character_chosen":"IRONCLAD","items_purchased":["Toy Ornithopter"],"campfire_rested":3,"item_purchase_floors":[12],"current_hp_per_floor":[79,79,72,72,72,72,49,73,73,73,54,54,38,38,62,63,80,75,60,40,40,40,40,21,46,46,46,46,7,0],"gold":246,"neow_bonus":"BOSS_RELIC","is_prod":false,"is_daily":false,"chose_seed":false,"campfire_upgraded":2,"win_rate":0.0,"timestamp":1536814717,"path_taken":["M","$","?","M","M","R","E","R","T","M","E","$","?","M","R","BOSS","M","?","M","?","?","R","?","R","T","?","?","E","M"],"build_version":"2018-09-06","purchased_purges":0,"victory":false,"max_hp_per_floor":[80,80,80,80,80,80,80,80,80,80,80,80,80,80,80,80,80,80,85,85,85,85,85,85,85,85,85,85,85,85],"card_choices":[{"not_picked":["Dropkick","Warcry"],"picked":"Perfected Strike","floor":0},{"not_picked":["Pummel","Combust"],"picked":"Headbutt","floor":0},{"not_picked":["Combust","Burning Pact"],"picked":"Shrug It Off","floor":0},{"not_picked":["Thunderclap","Clash"],"picked":"Iron Wave","floor":0},{"not_picked":["Sever Soul","Headbutt"],"picked":"Pommel Strike","floor":1},{"not_picked":["Cleave","Double Tap"],"picked":"Shrug It Off","floor":4},{"not_picked":["Sword Boomerang","Cleave"],"picked":"Body Slam","floor":5},{"not_picked":["Burning Pact","Warcry"],"picked":"Thunderclap","floor":7},{"not_picked":["Seeing Red","Inflame"],"picked":"Pommel Strike","floor":10},{"not_picked":["Power Through","Warcry"],"picked":"Headbutt","floor":11},{"not_picked":["Sever Soul","Dual Wield","Burning Pact"],"picked":"Headbutt","floor":14},{"not_picked":["Offering","Juggernaut","Limit Break"],"picked":"Berserk","floor":16},{"not_picked":["True Grit+1","Ghostly Armor","Dual Wield+1"],"picked":"Twin Strike","floor":18},{"not_picked":["Anger","Cleave","Fire Breathing+1"],"picked":"Rampage","floor":20},{"not_picked":["Searing Blow","Clash","Warcry+1"],"picked":"Heavy Blade","floor":24},{"not_picked":["Berserk","Body Slam","Headbutt+1"],"picked":"Shockwave","floor":29}],"player_experience":56264,"relics_obtained":[{"floor":7,"key":"Happy Flower"},{"floor":9,"key":"Blood Vial"},{"floor":11,"key":"Question Card"},{"floor":26,"key":"Shuriken"},{"floor":29,"key":"Potion Belt"}],"event_choices":[{"event_name":"Golden Wing","player_choice":"Card Removal","floor":3,"damage_taken":0},{"event_name":"Shining Light","player_choice":"Entered Light","floor":13,"damage_taken":0},{"event_name":"Forgotten Altar","player_choice":"Shed Blood","floor":19,"damage_taken":0},{"event_name":"Ghosts","player_choice":"Ignored","floor":21,"damage_taken":0},{"event_name":"Cursed Tome","player_choice":"Ignored","floor":22,"damage_taken":0},{"event_name":"Vampires","player_choice":"Became a vampire (Vial)","floor":27,"damage_taken":0},{"event_name":"Wheel of Change","player_choice":"Curse","floor":28,"damage_taken":0}],"is_beta":false,"boss_relics":[{"not_picked":["Calling Bell","Runic Pyramid"],"picked":"Runic Cube"}],"items_purged_floors":[],"is_endless":false,"potions_floor_spawned":[1,4,14,20,24],"killed_by":"Cultist and Chosen","ascension_level":0}