{"gold_per_floor":[119,119,129,143,24,24,55,65,65,93,110,110,110,126,126,229,229,242,142,142,67,0,0],"floor_reached":23,"playtime":1360,"items_purged":["Strike_B"],"score":234,"play_id":"2e0bfb18-cc2d-4336-bed0-5b12123f9434","local_time":"20190624203300","is_ascension_mode":true,"campfire_choices":[{"floor":6,"key":"RECALL"},{"floor":13,"key":"REST"},{"data":"Double Energy","floor":15,"key":"SMITH"}],"neow_cost":"NONE","seed_source_timestamp":465520822571300,"circlet_count":0,"master_deck":["Strike_B","Defend_B","Defend_B","Defend_B","Defend_B","Zap","Dualcast","Static Discharge+1","Melter","Double Energy+1","Ball Lightning","White Noise","Sweeping Beam","Echo Form","Loop","Cold Snap","Conserve Battery","Hologram","Rainbow","Genetic Algorithm","Leap","Ghostly","Ghostly","Ghostly","Ghostly","Ghostly","Self Repair"],"relics":["Cracked Core","Sundial","Strawberry","Meat on the Bone","Coffee Dripper"],"potions_floor_usage":[7,14,14,16],"damage_taken":[{"damage":8,"enemies":"Jaw Worm","floor":1,"turns":3},{"damage":1,"enemies":"Cultist","floor":3,"turns":3},{"damage":6,"enemies":"2 Louse","floor":4,"turns":3},{"damage":17,"enemies":"Lagavulin","floor":7,"turns":5},{"damage":11,"enemies":"Blue Slaver","floor":8,"turns":3},{"damage":21,"enemies":"3 Sentries","floor":10,"turns":4},{"damage":2,"enemies":"2 Fungi Beasts","floor":11,"turns":2},{"damage":3,"enemies":"Exordium Thugs","floor":14,"turns":3},{"damage":35,"enemies":"Slime Boss","floor":16,"turns":6},{"damage":22,"enemies":"3 Byrds","floor":18,"turns":4},{"damage":33,"enemies":"Gremlin Leader","floor":23,"turns":6}],"seed_played":"-2952482520440745880","potions_obtained":[{"floor":1,"key":"Dexterity Potion"},{"floor":4,"key":"EssenceOfSteel"},{"floor":7,"key":"SkillPotion"},{"floor":8,"key":"SneckoOil"},{"floor":14,"key":"LiquidBronze"},{"floor":16,"key":"Poison Potion"}],"is_trial":false,"path_per_floor":["M","?","M","M","$","R","E","M","T","E","M","T","R","M","R","B",null,"M","$","?","?","$","E"],"character_chosen":"DEFECT","items_purchased":["White Noise","Sweeping Beam","Leap","Self Repair"],"campfire_rested":1,"item_purchase_floors":[5,5,19,22],"current_hp_per_floor":[67,67,66,60,60,60,43,32,32,18,16,16,40,49,49,26,82,60,60,41,41,41,8],"gold":0,"neow_bonus":"TRANSFORM_CARD","is_prod":false,"is_daily":false,"chose_seed":false,"campfire_upgraded":1,"win_rate":0,"timestamp":1561404780,"path_taken":["M","?","M","M","?","R","E","M","T","E","M","?","R","M","R","BOSS","M","$","?","?","$","E"],"build_version":"2019-01-23","purchased_purges":1,"victory":false,"max_hp_per_floor":[75,75,75,75,75,75,75,75,75,82,82,82,82,82,82,82,82,82,82,41,41,41,41],"card_choices":[{"not_picked":["Storm","FTL"],"picked":"Melter","floor":1},{"not_picked":["Barrage","Beam Cell"],"picked":"Double Energy","floor":3},{"not_picked":["Streamline","Conserve Battery"],"picked":"Ball Lightning","floor":4},{"not_picked":["Steam","Barrage"],"picked":"Echo Form","floor":7},{"not_picked":["Scrape","Hologram"],"picked":"Loop","floor":8},{"not_picked":["Beam Cell","Echo Form"],"picked":"Cold Snap","floor":10},{"not_picked":["Barrage","Capacitor"],"picked":"Conserve Battery","floor":11},{"not_picked":["Coolheaded","Auto Shields"],"picked":"Hologram","floor":14},{"not_picked":["Biased Cognition","Hyperbeam"],"picked":"Rainbow","floor":16},{"not_picked":["Conserve Battery","Leap+1"],"picked":"Genetic Algorithm","floor":18}],"player_experience":54061,"relics_obtained":[{"floor":7,"key":"Sundial"},{"floor":10,"key":"Strawberry"},{"floor":12,"key":"Meat on the Bone"}],"event_choices":[{"damage_healed":0,"gold_gain":0,"player_choice":"Upgraded","damage_taken":0,"max_hp_gain":0,"max_hp_loss":0,"event_name":"Upgrade Shrine","floor":2,"gold_loss":0,"cards_upgraded":["Static Discharge"]},{"damage_healed":0,"gold_gain":0,"player_choice":"Became a Ghost","damage_taken":0,"max_hp_gain":0,"max_hp_loss":41,"event_name":"Ghosts","floor":20,"gold_loss":0,"cards_obtained":["Ghostly","Ghostly","Ghostly","Ghostly","Ghostly"]},{"cards_removed":["Strike_B"],"damage_healed":0,"gold_gain":0,"player_choice":"Gave Gold","damage_taken":0,"max_hp_gain":0,"max_hp_loss":0,"event_name":"Beggar","floor":21,"gold_loss":75}],"is_beta":false,"boss_relics":[{"not_picked":["Runic Dome","Fusion Hammer"],"picked":"Coffee Dripper"}],"items_purged_floors":[19],"is_endless":false,"potions_floor_spawned":[1,4,7,8,14,16],"killed_by":"Gremlin Leader","ascension_level":1}