{"gold_per_floor":[215,215,91,266,284,284,311,327,327,327,277,311,311,33,33,33],"floor_reached":16,"playtime":1307,"items_purged":["Defend_B","Strike_B"],"score":138,"play_id":"22c32018-c005-43fa-9535-cee256f4ff57","local_time":"20190319213320","is_ascension_mode":true,"campfire_choices":[{"data":"Leap","floor":6,"key":"SMITH"},{"floor":10,"key":"REST"},{"floor":13,"key":"REST"},{"data":"Self Repair","floor":15,"key":"SMITH"}],"neow_cost":"NONE","seed_source_timestamp":2788941765767203,"circlet_count":0,"master_deck":["Strike_B","Strike_B","Defend_B","Defend_B","Defend_B","Zap+1","Dualcast","Coolheaded","Leap+1","Doubt","Ball Lightning","Coolheaded","Self Repair+1"],"relics":["Cracked Core","The Courier","Vajra","Dead Branch","Bottled Flame"],"potions_floor_usage":[],"damage_taken":[{"damage":0,"enemies":"Small Slimes","floor":1,"turns":2},{"damage":12,"enemies":"2 Louse","floor":5,"turns":3},{"damage":29,"enemies":"Gremlin Nob","floor":7,"turns":4},{"damage":5,"enemies":"Jaw Worm","floor":8,"turns":2},{"damage":13,"enemies":"Lagavulin","floor":12,"turns":6},{"damage":63,"enemies":"Slime Boss","floor":16,"turns":12}],"seed_played":"-3191357033599894953","potions_obtained":[{"floor":7,"key":"Swift Potion"}],"is_trial":false,"path_per_floor":["M","?","$","?","M","R","E","M","T","R","?","E","R","$","R","B"],"character_chosen":"DEFECT","items_purchased":["Leap","Bottled Flame"],"campfire_rested":2,"item_purchase_floors":[3,14],"current_hp_per_floor":[68,68,68,68,56,56,27,22,22,44,44,31,53,53,53,0],"gold":33,"neow_bonus":"HUNDRED_GOLD","is_prod":false,"is_daily":false,"chose_seed":false,"campfire_upgraded":2,"win_rate":0,"timestamp":1553056400,"path_taken":["M","?","$","?","M","R","E","M","T","R","?","E","R","?","R","BOSS"],"build_version":"2019-01-23","purchased_purges":2,"victory":false,"max_hp_per_floor":[75,75,75,75,75,75,75,75,75,75,75,75,75,75,75,75],"card_choices":[{"not_picked":["Loop","Capacitor"],"picked":"Coolheaded","floor":1},{"not_picked":["Self Repair","Defragment"],"picked":"Ball Lightning","floor":5},{"not_picked":["Leap","Scrape"],"picked":"Coolheaded","floor":7},{"not_picked":["Compile Driver","Leap","Scrape"],"picked":"SKIP","floor":8},{"not_picked":["Core Surge","Coolheaded"],"picked":"Self Repair","floor":12}],"player_experience":307848,"relics_obtained":[{"floor":7,"key":"The Courier"},{"floor":9,"key":"Vajra"},{"floor":12,"key":"Dead Branch"}],"event_choices":[{"damage_healed":0,"gold_gain":0,"player_choice":"Grow","damage_taken":0,"max_hp_gain":0,"max_hp_loss":0,"event_name":"Living Wall","floor":2,"gold_loss":0,"cards_upgraded":["Zap"]},{"damage_healed":0,"gold_gain":175,"player_choice":"AGREE","damage_taken":0,"max_hp_gain":0,"max_hp_loss":0,"event_name":"Liars Game","floor":4,"gold_loss":0,"cards_obtained":["Doubt"]},{"cards_removed":["Strike_B"],"damage_healed":0,"gold_gain":0,"player_choice":"Card Removal","damage_taken":0,"max_hp_gain":0,"max_hp_loss":0,"event_name":"The Cleric","floor":11,"gold_loss":50}],"is_beta":false,"boss_relics":[],"items_purged_floors":[3,14],"is_endless":false,"potions_floor_spawned":[7],"killed_by":"Slime Boss","ascension_level":6}