{"gold_per_floor":[119,130,80,32,107,107,137,150,225,225,225,225,225,256,256,382,382,402,402,501,501,519,519,534,551,551,562,572,572,572],"floor_reached":30,"playtime":2775,"items_purged":[],"score":301,"play_id":"16d1125e-0ab9-4c72-923f-d53f484c8093","local_time":"20181026205814","is_ascension_mode":true,"campfire_choices":[{"data":"Defend_B","floor":6,"key":"SMITH"},{"data":"Capacitor","floor":10,"key":"SMITH"},{"floor":12,"key":"REST"},{"floor":15,"key":"REST"},{"floor":23,"key":"REST"},{"floor":29,"key":"REST"}],"neow_cost":"NONE","seed_source_timestamp":871480668567613,"circlet_count":0,"master_deck":["Strike_B","Strike_B","Strike_B","Defend_B+1","Defend_B","Defend_B","Defend_B","Zap","Dualcast","Coolheaded","Barrage+1","Ball Lightning","Capacitor+1","FTL","Auto Shields","Machine Learning","Go for the Eyes","Conserve Battery","Redo","FTL+1","Chill+1"],"relics":["Cracked Core","NeowsBlessing","Bronze Scales","The Courier","Bloody Idol","Pear","Snecko Eye","Toxic Egg 2"],"potions_floor_usage":[14,16,21,24,27,30,30,30,30,30],"damage_taken":[{"damage":0,"enemies":"Jaw Worm","floor":1,"turns":1},{"damage":0,"enemies":"Small Slimes","floor":2,"turns":1},{"damage":0,"enemies":"3 Sentries","floor":7,"turns":1},{"damage":6,"enemies":"2 Louse","floor":8,"turns":2},{"damage":12,"enemies":"Gremlin Nob","floor":14,"turns":3},{"damage":30,"enemies":"Slime Boss","floor":16,"turns":9},{"damage":20,"enemies":"2 Thieves","floor":18,"turns":4},{"damage":22,"enemies":"Spheric Guardian","floor":22,"turns":5},{"damage":34,"enemies":"Shelled Parasite and Fungi","floor":24,"turns":6},{"damage":35,"enemies":"Cultist and Chosen","floor":25,"turns":7},{"damage":2,"enemies":"Snecko","floor":27,"turns":7},{"damage":20,"enemies":"3 Cultists","floor":28,"turns":5},{"damage":42,"enemies":"Book of Stabbing","floor":30,"turns":5}],"seed_played":"-4449382526543252114","potions_obtained":[{"floor":2,"key":"PowerPotion"},{"floor":14,"key":"AttackPotion"},{"floor":18,"key":"Swift Potion"},{"floor":21,"key":"Fruit Juice"},{"floor":21,"key":"Energy Potion"},{"floor":21,"key":"FocusPotion"},{"floor":25,"key":"EntropicBrew"},{"floor":28,"key":"Strength Potion"}],"is_trial":false,"path_per_floor":["M","M","?","$","?","R","E","M","T","R","?","R","?","E","R","B",null,"M","?","?","?","M","R","M","M","T","M","M","R"],"character_chosen":"DEFECT","items_purchased":["Ball Lightning"],"campfire_rested":4,"item_purchase_floors":[4],"current_hp_per_floor":[75,75,75,75,64,64,64,58,58,58,40,62,62,60,85,55,85,65,65,70,75,58,85,56,26,26,29,14,41,0],"gold":572,"neow_bonus":"THREE_ENEMY_KILL","is_prod":false,"is_daily":false,"chose_seed":false,"campfire_upgraded":2,"win_rate":0,"timestamp":1540612694,"path_taken":["M","M","?","$","?","R","E","M","T","R","?","R","?","E","R","BOSS","M","?","?","?","M","R","M","?","T","M","M","R","E"],"build_version":"2018-10-25v2","purchased_purges":0,"victory":false,"max_hp_per_floor":[75,75,75,75,75,75,75,75,75,75,75,75,75,85,85,85,85,85,85,85,90,90,90,90,90,90,90,90,90,90],"card_choices":[{"not_picked":["Turbo","Beam Cell"],"picked":"Coolheaded","floor":1},{"not_picked":["Sweeping Beam","Beam Cell"],"picked":"Barrage","floor":2},{"not_picked":["Streamline","Steam"],"picked":"Capacitor","floor":7},{"not_picked":["Rebound","Skim"],"picked":"FTL","floor":8},{"not_picked":["Barrage","Steam"],"picked":"Auto Shields","floor":14},{"not_picked":["Reboot","Fission"],"picked":"Machine Learning","floor":16},{"not_picked":["Consume","Rebound","Turbo"],"picked":"SKIP","floor":18},{"not_picked":["Gash","Barrage"],"picked":"Go for the Eyes","floor":22},{"not_picked":["Heatsinks","Sweeping Beam"],"picked":"Conserve Battery","floor":24},{"not_picked":["Turbo","Streamline"],"picked":"Redo","floor":25},{"not_picked":["Hologram+1","Capacitor"],"picked":"FTL+1","floor":27},{"not_picked":["Sweeping Beam","Ball Lightning"],"picked":"Chill+1","floor":28}],"player_experience":172079,"relics_obtained":[{"floor":7,"key":"Bronze Scales"},{"floor":9,"key":"The Courier"},{"floor":14,"key":"Pear"},{"floor":26,"key":"Toxic Egg 2"}],"event_choices":[{"cards_removed":["Strike_B"],"damage_healed":0,"gold_gain":0,"player_choice":"Card Removal","damage_taken":0,"max_hp_gain":0,"max_hp_loss":0,"event_name":"The Cleric","floor":3,"gold_loss":50},{"damage_healed":0,"gold_gain":75,"player_choice":"Gather Gold","damage_taken":11,"max_hp_gain":0,"max_hp_loss":0,"event_name":"World of Goop","floor":5,"gold_loss":0},{"damage_healed":0,"gold_gain":0,"player_choice":"Take Damage","damage_taken":18,"relics_obtained":["Golden Idol"],"max_hp_gain":0,"max_hp_loss":0,"event_name":"Golden Idol","floor":11,"gold_loss":0},{"damage_healed":0,"gold_gain":0,"player_choice":"Grow","damage_taken":0,"max_hp_gain":0,"max_hp_loss":0,"event_name":"Living Wall","floor":13,"gold_loss":0,"cards_upgraded":["Barrage"]},{"damage_healed":0,"gold_gain":0,"player_choice":"Gave Idol","damage_taken":0,"relics_obtained":["Bloody Idol"],"max_hp_gain":0,"max_hp_loss":0,"event_name":"Forgotten Altar","floor":19,"relics_lost":["Golden Idol"],"gold_loss":0},{"damage_healed":0,"gold_gain":99,"player_choice":"Stole From Cult","damage_taken":0,"max_hp_gain":0,"max_hp_loss":0,"event_name":"Nest","floor":20,"gold_loss":0},{"damage_healed":0,"gold_gain":0,"player_choice":"Got Potions","damage_taken":0,"max_hp_gain":0,"max_hp_loss":0,"event_name":"The Lab","floor":21,"gold_loss":0}],"is_beta":false,"boss_relics":[{"not_picked":["Runic Dome","Fusion Hammer"],"picked":"Snecko Eye"}],"items_purged_floors":[],"is_endless":false,"potions_floor_spawned":[2,14,18,25,28],"killed_by":"Book of Stabbing","ascension_level":1}