{"gold_per_floor":[110,124,138,138,149,149,180,2,25,25,41,41,41,41,41,145,145,159,109,5,0,16,16,35,49,74,90,90,124,124,139,139,241,241,258,271,571,587,604,604,604,604,604,618,629,629,68,83,83,83],"floor_reached":51,"playtime":3132,"items_purged":["Strike_R","Strike_R"],"score":965,"play_id":"db2d56dc-47d2-436d-a1e3-6b4dd31d476c","local_time":"20190729003816","is_ascension_mode":true,"campfire_choices":[{"data":"Bash","floor":6,"key":"SMITH"},{"floor":10,"key":"REST"},{"data":"Pommel Strike","floor":13,"key":"SMITH"},{"data":"Demon Form","floor":15,"key":"SMITH"},{"floor":23,"key":"REST"},{"floor":30,"key":"REST"},{"floor":32,"key":"REST"},{"floor":40,"key":"REST"},{"data":"Impervious","floor":42,"key":"SMITH"},{"floor":49,"key":"REST"}],"neow_cost":"NONE","seed_source_timestamp":894339180678100,"circlet_count":0,"master_deck":["Defend_R+1","Defend_R+1","Defend_R+1","Defend_R+1","Bash+1","Offering","Shrug It Off","Demon Form+1","Twin Strike+1","Pommel Strike+1","Flame Barrier","Finesse","Clothesline+1","Feed","Inflame","Sword Boomerang","Thunderclap","True Grit+1","Heavy Blade+1","Flame Barrier","Impervious+1","True Grit+1","Feed","Feel No Pain+1","Sever Soul+1","Body Slam+1","Body Slam+1","True Grit","Corruption+1","Armaments+1","Sever Soul","Body Slam","Impervious+1","Demon Form+1","Body Slam+1"],"relics":["Burning Blood","Kunai","Bag of Preparation","Smiling Mask","Runic Pyramid","Regal Pillow","Anchor","Astrolabe","GremlinMask","The Courier","DollysMirror","Whetstone","Pen Nib","Strawberry"],"potions_floor_usage":[7,16,27,38,45,48,50,50,50],"damage_taken":[{"damage":6,"enemies":"Cultist","floor":1,"turns":4},{"damage":4,"enemies":"Small Slimes","floor":2,"turns":4},{"damage":8,"enemies":"Jaw Worm","floor":3,"turns":3},{"damage":9,"enemies":"2 Fungi Beasts","floor":5,"turns":5},{"damage":33,"enemies":"Gremlin Nob","floor":7,"turns":5},{"damage":8,"enemies":"3 Louse","floor":11,"turns":3},{"damage":23,"enemies":"Hexaghost","floor":16,"turns":7},{"damage":29,"enemies":"3 Byrds","floor":18,"turns":5},{"damage":12,"enemies":"Spheric Guardian","floor":22,"turns":3},{"damage":23,"enemies":"Centurion and Healer","floor":24,"turns":4},{"damage":21,"enemies":"Snake Plant","floor":25,"turns":5},{"damage":10,"enemies":"Snecko","floor":27,"turns":5},{"damage":38,"enemies":"Gremlin Leader","floor":29,"turns":7},{"damage":13,"enemies":"Cultist and Chosen","floor":31,"turns":6},{"damage":37,"enemies":"Champ","floor":33,"turns":10},{"damage":0,"enemies":"3 Shapes","floor":35,"turns":7},{"damage":23,"enemies":"3 Darklings","floor":36,"turns":6},{"damage":55,"enemies":"Transient","floor":38,"turns":5},{"damage":6,"enemies":"Spire Growth","floor":39,"turns":3},{"damage":9,"enemies":"3 Darklings","floor":44,"turns":7},{"damage":37,"enemies":"Sphere and 2 Shapes","floor":45,"turns":5},{"damage":26,"enemies":"Spire Growth","floor":48,"turns":5},{"damage":66,"enemies":"Donu and Deca","floor":50,"turns":8}],"seed_played":"-330846116167979370","potions_obtained":[{"floor":3,"key":"SneckoOil"},{"floor":5,"key":"PowerPotion"},{"floor":11,"key":"Fire Potion"},{"floor":22,"key":"SteroidPotion"},{"floor":31,"key":"Explosive Potion"},{"floor":33,"key":"Strength Potion"},{"floor":38,"key":"Weak Potion"},{"floor":48,"key":"Weak Potion"}],"is_trial":false,"path_per_floor":["M","M","M","T","M","R","E","$","T","R","M","?","R","?","R","B",null,"M","$","$","?","M","R","M","M","T","M","?","E","R","M","R","B",null,"M","M","?","M","M","R","?","R","T","M","M","?","$","M","R","B",null],"character_chosen":"IRONCLAD","items_purchased":["Flame Barrier","Finesse","Sword Boomerang","DollysMirror","Whetstone","Pen Nib","Strawberry","SkillPotion"],"campfire_rested":6,"item_purchase_floors":[8,8,20,47,47,47,47,47],"current_hp_per_floor":[72,74,72,72,69,69,42,42,42,66,64,64,64,64,64,47,72,52,52,52,52,49,74,60,48,48,44,44,12,54,50,93,65,90,99,82,82,33,33,78,78,78,78,75,47,47,54,34,82,26],"gold":83,"neow_bonus":"TRANSFORM_CARD","is_prod":false,"is_daily":false,"chose_seed":false,"campfire_upgraded":4,"win_rate":0,"timestamp":1564357096,"path_taken":["M","M","M","?","M","R","E","$","T","R","M","?","R","?","R","BOSS","M","?","$","?","M","R","M","M","T","M","?","E","R","M","R","BOSS","M","M","?","M","?","R","?","R","T","?","M","?","$","?","R","BOSS"],"build_version":"2019-07-17","purchased_purges":2,"victory":true,"max_hp_per_floor":[80,80,80,80,80,80,80,80,80,80,80,80,80,80,80,80,80,83,83,83,83,86,86,89,92,92,92,92,92,92,95,95,98,98,101,101,101,101,101,101,101,101,101,101,104,104,111,111,111,115],"card_choices":[{"not_picked":["Heavy Blade","True Grit"],"picked":"Wild Strike","floor":1},{"not_picked":["Heavy Blade","Clash"],"picked":"Shrug It Off","floor":2},{"not_picked":["Heavy Blade","Spot Weakness"],"picked":"Demon Form","floor":3},{"not_picked":["Wild Strike","Havoc"],"picked":"Twin Strike","floor":5},{"not_picked":["Heavy Blade","Evolve"],"picked":"Pommel Strike","floor":7},{"not_picked":["Flex","Impervious"],"picked":"Clothesline","floor":11},{"not_picked":["Impervious","Offering"],"picked":"Feed","floor":16},{"not_picked":["Perfected Strike","Havoc"],"picked":"Inflame","floor":18},{"not_picked":["Rage","Entrench"],"picked":"Thunderclap","floor":22},{"not_picked":["Sever Soul+1","Hemokinesis+1"],"picked":"True Grit+1","floor":24},{"not_picked":["Dropkick","Twin Strike"],"picked":"Heavy Blade+1","floor":25},{"not_picked":["Anger","Inflame"],"picked":"Flame Barrier","floor":27},{"not_picked":["Seeing Red+1","Power Through+1"],"picked":"Impervious","floor":29},{"not_picked":["Dropkick","Clash"],"picked":"True Grit+1","floor":31},{"not_picked":["Berserk","Dark Embrace"],"picked":"Feed","floor":33},{"not_picked":["Warcry+1","Rampage+1"],"picked":"Body Slam+1","floor":35},{"not_picked":["Pommel Strike","Carnage"],"picked":"True Grit","floor":36},{"not_picked":["Armaments+1","Flex+1"],"picked":"Corruption+1","floor":38},{"not_picked":["Perfected Strike","Sword Boomerang"],"picked":"Armaments+1","floor":39},{"not_picked":["Carnage+1","Disarm"],"picked":"Sever Soul","floor":44},{"not_picked":["Carnage","Thunderclap+1"],"picked":"Body Slam","floor":45},{"not_picked":["Rampage+1","Dual Wield"],"picked":"Body Slam+1","floor":48}],"player_experience":206280,"relics_obtained":[{"floor":4,"key":"Kunai"},{"floor":7,"key":"Bag of Preparation"},{"floor":9,"key":"Smiling Mask"},{"floor":26,"key":"Regal Pillow"},{"floor":29,"key":"Anchor"},{"floor":43,"key":"The Courier"}],"event_choices":[{"damage_healed":0,"gold_gain":0,"player_choice":"Ignored","damage_taken":0,"max_hp_gain":0,"max_hp_loss":0,"event_name":"Liars Game","floor":12,"gold_loss":0},{"damage_healed":0,"gold_gain":0,"player_choice":"Forge","damage_taken":0,"max_hp_gain":0,"max_hp_loss":0,"event_name":"Accursed Blacksmith","floor":14,"gold_loss":0,"cards_upgraded":["Wild Strike"]},{"damage_healed":0,"gold_gain":0,"player_choice":"Paid Fearfully","damage_taken":0,"max_hp_gain":0,"max_hp_loss":0,"event_name":"Masked Bandits","floor":21,"gold_loss":5},{"damage_healed":0,"gold_gain":0,"player_choice":"Simplicity","damage_taken":0,"max_hp_gain":0,"max_hp_loss":0,"event_name":"Back to Basics","floor":28,"gold_loss":0,"cards_upgraded":["Strike_R","Strike_R","Defend_R","Defend_R","Defend_R","Defend_R"]},{"damage_healed":0,"gold_gain":300,"player_choice":"Gold","damage_taken":0,"max_hp_gain":0,"max_hp_loss":0,"event_name":"Wheel of Change","floor":37,"gold_loss":0},{"damage_healed":0,"gold_gain":0,"player_choice":"Trade","damage_taken":0,"relics_obtained":["GremlinMask"],"max_hp_gain":0,"max_hp_loss":0,"event_name":"FaceTrader","floor":41,"gold_loss":0},{"damage_healed":0,"gold_gain":0,"player_choice":"Copied","damage_taken":0,"max_hp_gain":0,"max_hp_loss":0,"event_name":"Duplicator","floor":46,"gold_loss":0,"cards_obtained":["Impervious"]}],"is_beta":false,"boss_relics":[{"not_picked":["Black Blood","Calling Bell"],"picked":"Runic Pyramid"},{"not_picked":["Snecko Eye","White Beast Statue"],"picked":"Astrolabe"}],"items_purged_floors":[19,20],"is_endless":false,"potions_floor_spawned":[3,5,11,22,31,33,36,38,44,48],"ascension_level":6}