{"gold_per_floor":[111,111,111,111,111,111,144,144,144,179,202,202],"floor_reached":12,"playtime":809,"items_purged":[],"score":101,"play_id":"811e9890-7359-42c5-8e3a-e2efe6fd38c1","local_time":"20190220220135","is_ascension_mode":true,"campfire_choices":[{"data":"Zap","floor":6,"key":"SMITH"},{"floor":8,"key":"REST"}],"neow_cost":"NONE","seed_source_timestamp":554647064340742,"circlet_count":0,"master_deck":["Strike_B","Strike_B","Strike_B","Defend_B","Defend_B","Defend_B","Defend_B","Zap+1","Dualcast","Go for the Eyes","Ball Lightning","Gash","Ball Lightning"],"relics":["Cracked Core","Calipers","Golden Idol","Du-Vu Doll","Bird Faced Urn","Pen Nib"],"potions_floor_usage":[12],"damage_taken":[{"damage":0,"enemies":"Small Slimes","floor":1,"turns":3},{"damage":35,"enemies":"3 Sentries","floor":7,"turns":9},{"damage":37,"enemies":"Gremlin Nob","floor":10,"turns":4},{"damage":4,"enemies":"Jaw Worm","floor":11,"turns":3},{"damage":30,"enemies":"3 Sentries","floor":12,"turns":5}],"seed_played":"24179565093883385","potions_obtained":[{"floor":11,"key":"Weak Potion"}],"is_trial":false,"path_per_floor":["M","?","T","?","?","R","E","R","T","E","M","E"],"character_chosen":"DEFECT","items_purchased":[],"campfire_rested":1,"item_purchase_floors":[],"current_hp_per_floor":[82,87,87,81,74,74,39,63,63,26,22,0],"gold":202,"neow_bonus":"TEN_PERCENT_HP_BONUS","is_prod":false,"is_daily":false,"chose_seed":false,"campfire_upgraded":1,"win_rate":0,"timestamp":1550728895,"path_taken":["M","?","?","?","?","R","E","R","T","E","M","E"],"build_version":"2019-01-23","purchased_purges":0,"victory":false,"max_hp_per_floor":[82,87,87,81,81,81,81,81,81,81,81,81],"card_choices":[{"not_picked":["Rebound","Hologram"],"picked":"Go for the Eyes","floor":1},{"not_picked":["Stack","Steam"],"picked":"Ball Lightning","floor":7},{"not_picked":["Doom and Gloom","Genetic Algorithm"],"picked":"Gash","floor":10},{"not_picked":["Meteor Strike","Barrage"],"picked":"Ball Lightning","floor":11}],"player_experience":270350,"relics_obtained":[{"floor":3,"key":"Calipers"},{"floor":7,"key":"Du-Vu Doll"},{"floor":9,"key":"Bird Faced Urn"},{"floor":10,"key":"Pen Nib"}],"event_choices":[{"damage_healed":0,"gold_gain":0,"player_choice":"Donut","damage_taken":0,"max_hp_gain":5,"max_hp_loss":0,"event_name":"Big Fish","floor":2,"gold_loss":0},{"damage_healed":0,"gold_gain":0,"player_choice":"Lose Max HP","damage_taken":0,"relics_obtained":["Golden Idol"],"max_hp_gain":0,"max_hp_loss":6,"event_name":"Golden Idol","floor":4,"gold_loss":0},{"cards_removed":["Strike_B"],"damage_healed":0,"gold_gain":0,"player_choice":"Card Removal","damage_taken":7,"max_hp_gain":0,"max_hp_loss":0,"event_name":"Golden Wing","floor":5,"gold_loss":0}],"is_beta":false,"boss_relics":[],"items_purged_floors":[],"is_endless":false,"potions_floor_spawned":[11],"killed_by":"3 Sentries","ascension_level":4}