{"gold_per_floor":[111,129,129,129,77,109,109,119,119,119,129,140,150,165,165,261,261,279,279,58,68,91,116,133,133,133,162,180,196,295,315,315,413,413,430,362,462,474,485,485,499,499,499,534,534,534,552,572,572,572],"floor_reached":50,"playtime":6429,"items_purged":[],"score":568,"play_id":"61d8b771-df4c-4858-88ee-85fa0ac910a0","local_time":"20181005173540","is_ascension_mode":false,"campfire_choices":[{"floor":7.0,"key":"REST"},{"data":"Neutralize","floor":10.0,"key":"SMITH"},{"floor":15.0,"key":"REST"},{"floor":25.0,"key":"REST"},{"floor":32.0,"key":"REST"},{"floor":40.0,"key":"REST"},{"floor":42.0,"key":"REST"},{"floor":45.0,"key":"REST"},{"floor":49,"key":"REST"}],"neow_cost":"NONE","seed_source_timestamp":0,"circlet_count":0,"master_deck":["Defend_G","Defend_G","Defend_G","Defend_G","Defend_G","Strike_G+1","Strike_G","Strike_G","Strike_G","Strike_G","Survivor","Neutralize+1","Finisher+1","Terror","Flying Knee","Caltrops","PiercingWail+1","Dash","Deadly Poison+1","Distraction+1","Phantasmal Killer+1","Bouncing Flask+1","Blur+1","Dodge and Roll+1","Backflip+1","Endless Agony","Quick Slash+1","Deadly Poison+1","Well Laid Plans","Deadly Poison+1","Envenom","Flying Knee+1","Escape Plan+1","Calculated Gamble+1","Catalyst+1","Dash+1","Acrobatics+1","Blur+1"],"special_seed":0,"relics":["Ring of the Snake","Ginger","Toxic Egg 2","Fusion Hammer","Pen Nib","Boot","Thread and Needle","Gremlin Horn","StoneCalendar","Philosopher\u0027s Stone","Mango","Shuriken","Kunai","Mercury Hourglass"],"potions_floor_usage":[],"damage_taken":[{"damage":2.0,"enemies":"2 Louse","floor":1.0,"turns":5.0},{"damage":0.0,"enemies":"Small Slimes","floor":2.0,"turns":4.0},{"damage":16.0,"enemies":"Lagavulin","floor":6.0,"turns":6.0},{"damage":0.0,"enemies":"Cultist","floor":8.0,"turns":3.0},{"damage":9.0,"enemies":"Exordium Wildlife","floor":11.0,"turns":5.0},{"damage":0.0,"enemies":"Red Slaver","floor":12.0,"turns":3.0},{"damage":7.0,"enemies":"Exordium Thugs","floor":13.0,"turns":5.0},{"damage":6.0,"enemies":"Exordium Wildlife","floor":14.0,"turns":3.0},{"damage":13.0,"enemies":"Hexaghost","floor":16.0,"turns":10.0},{"damage":0.0,"enemies":"Chosen","floor":18.0,"turns":4.0},{"damage":21.0,"enemies":"Spheric Guardian","floor":21.0,"turns":4.0},{"damage":7.0,"enemies":"Gremlin Leader","floor":23.0,"turns":6.0},{"damage":0.0,"enemies":"Snake Plant","floor":24.0,"turns":3.0},{"damage":9.0,"enemies":"Slavers","floor":27.0,"turns":5.0},{"damage":0.0,"enemies":"Sentry and Sphere","floor":28.0,"turns":4.0},{"damage":0.0,"enemies":"Chosen and Byrds","floor":29.0,"turns":4.0},{"damage":0.0,"enemies":"Snake Plant","floor":31.0,"turns":3.0},{"damage":5.0,"enemies":"Collector","floor":33.0,"turns":6.0},{"damage":14.0,"enemies":"Orb Walker","floor":35.0,"turns":4.0},{"damage":32.0,"enemies":"3 Shapes","floor":38.0,"turns":3.0},{"damage":16.0,"enemies":"Reptomancer","floor":39.0,"turns":4.0},{"damage":35.0,"enemies":"Spire Growth","floor":41.0,"turns":4.0},{"damage":36.0,"enemies":"2 Orb Walkers","floor":44.0,"turns":3.0},{"damage":15.0,"enemies":"3 Darklings","floor":47.0,"turns":3.0},{"damage":0.0,"enemies":"4 Shapes","floor":48.0,"turns":4.0},{"damage":52,"enemies":"Donu and Deca","floor":50,"turns":5}],"seed_played":"-4210069724279143927","potions_obtained":[{"floor":2.0,"key":"GamblersBrew"},{"floor":11.0,"key":"GamblersBrew"},{"floor":12.0,"key":"SteroidPotion"},{"floor":14.0,"key":"GhostInAJar"},{"floor":24.0,"key":"GamblersBrew"},{"floor":27.0,"key":"SteroidPotion"},{"floor":29.0,"key":"GhostInAJar"},{"floor":31.0,"key":"Block Potion"},{"floor":35.0,"key":"GhostInAJar"},{"floor":41.0,"key":"FearPotion"},{"floor":44.0,"key":"FearPotion"},{"floor":48.0,"key":"Poison Potion"}],"is_trial":false,"path_per_floor":["M","M","$","?","$","E","R","M","T","R","M","M","M","M","R","B",null,"M","?","$","M","T","E","M","R","T","E","M","M","?","M","R","B",null,"M","?","?","M","M","R","M","R","T","E","R","T","M","M","R"],"character_chosen":"THE_SILENT","items_purchased":["Flying Knee","Pen Nib","Blur+1"],"campfire_rested":8,"item_purchase_floors":[5,20,20],"current_hp_per_floor":[75,75,75,60,60,44,67,67,67,67,58,58,51,45,68,55,77,77,77,77,56,56,49,49,72,72,63,63,63,63,63,77,72,77,63,77,77,45,29,56,21,48,48,12,39,39,24,24,51,0],"gold":572,"neow_bonus":"TEN_PERCENT_HP_BONUS","is_prod":false,"is_daily":false,"chose_seed":false,"campfire_upgraded":1,"win_rate":0.0,"timestamp":1538786140,"path_taken":["M","M","$","?","?","E","R","?","T","R","M","M","?","M","R","BOSS","M","?","$","?","?","E","M","R","T","E","M","?","?","?","R","BOSS","M","?","?","M","M","R","M","R","T","E","R","?","M","M","R","BOSS"],"build_version":"2018-10-04","purchased_purges":0,"victory":false,"max_hp_per_floor":[77,77,77,77,77,77,77,77,77,77,77,77,77,77,77,77,77,77,77,77,77,77,77,77,77,77,77,77,77,77,77,77,77,77,77,91,91,91,91,91,91,91,91,91,91,91,91,91,91,91],"card_choices":[{"not_picked":["Dodge and Roll","Deflect"],"picked":"Finisher","floor":1.0},{"not_picked":["Deflect","Slice"],"picked":"Terror","floor":2.0},{"not_picked":["A Thousand Cuts","Deadly Poison"],"picked":"Caltrops","floor":6.0},{"not_picked":["Outmaneuver","Choke","Bane"],"picked":"SKIP","floor":8.0},{"not_picked":["Bane","All Out Attack"],"picked":"PiercingWail+1","floor":11.0},{"not_picked":["Masterful Stab","Bouncing Flask+1"],"picked":"Dash","floor":12.0},{"not_picked":["Eviscerate","Blade Dance+1"],"picked":"Deadly Poison+1","floor":13.0},{"not_picked":["Backstab","Crippling Poison+1"],"picked":"Distraction+1","floor":14.0},{"not_picked":["Glass Knife","Corpse Explosion+1"],"picked":"Phantasmal Killer+1","floor":16.0},{"not_picked":["Well Laid Plans+1","Bane"],"picked":"Bouncing Flask+1","floor":18.0},{"not_picked":["Sucker Punch","Terror+1"],"picked":"Dodge and Roll+1","floor":21.0},{"not_picked":["Footwork","Infinite Blades+1"],"picked":"Backflip+1","floor":23.0},{"not_picked":["Terror+1","Flechettes"],"picked":"Endless Agony","floor":24.0},{"not_picked":["Glass Knife","Acrobatics+1"],"picked":"Quick Slash+1","floor":27.0},{"not_picked":["Deflect+1","Slice"],"picked":"Deadly Poison+1","floor":28.0},{"not_picked":["Riddle With Holes","Masterful Stab"],"picked":"Well Laid Plans","floor":29.0},{"not_picked":["Underhanded Strike","Slice"],"picked":"Deadly Poison+1","floor":31.0},{"not_picked":["Bullet Time+1","After Image"],"picked":"Envenom","floor":33.0},{"not_picked":["Underhanded Strike","Dagger Throw+1"],"picked":"Flying Knee+1","floor":35.0},{"not_picked":["Blur+1","Flying Knee+1"],"picked":"Escape Plan+1","floor":38.0},{"not_picked":["Dash+1","Well Laid Plans"],"picked":"Calculated Gamble+1","floor":39.0},{"not_picked":["Slice+1","Caltrops"],"picked":"Catalyst+1","floor":41.0},{"not_picked":["Bane","Envenom"],"picked":"Dash+1","floor":44.0},{"not_picked":["Slice","Calculated Gamble+1"],"picked":"Acrobatics+1","floor":47.0},{"not_picked":["Blade Dance+1","Backstab+1"],"picked":"Blur+1","floor":48.0}],"player_experience":111886,"relics_obtained":[{"floor":6.0,"key":"Ginger"},{"floor":9.0,"key":"Toxic Egg 2"},{"floor":22.0,"key":"Boot"},{"floor":23.0,"key":"Thread and Needle"},{"floor":26.0,"key":"Gremlin Horn"},{"floor":27.0,"key":"StoneCalendar"},{"floor":43.0,"key":"Shuriken"},{"floor":44.0,"key":"Kunai"},{"floor":46.0,"key":"Mercury Hourglass"}],"event_choices":[{"event_name":"Shining Light","player_choice":"Entered Light","floor":4.0,"damage_taken":0.0},{"event_name":"Vampires","player_choice":"Ignored","floor":19.0,"damage_taken":0.0},{"event_name":"Nest","player_choice":"Stole From Cult","floor":30.0,"damage_taken":0.0},{"event_name":"WeMeetAgain","player_choice":"Gold","floor":36.0,"damage_taken":0.0},{"event_name":"Golden Shrine","player_choice":"Pray","floor":37.0,"damage_taken":0.0}],"is_beta":false,"boss_relics":[{"not_picked":["White Beast Statue","WristBlade"],"picked":"Fusion Hammer"},{"not_picked":["HoveringKite","Calling Bell"],"picked":"Philosopher\u0027s Stone"}],"items_purged_floors":[],"is_endless":false,"potions_floor_spawned":[2,11,12,14,24,27,29,31,35,41,44,48],"killed_by":"Donu and Deca","ascension_level":0}