{"gold_per_floor":[109,124,124,199,199,199,219,237,237,237,19,48,48,64,64,167,217,227,244,255,116,129,129,142,142],"floor_reached":25,"playtime":2303,"items_purged":["Regret"],"score":205,"play_id":"09c5041b-15c4-4d57-8fe5-c10aacfcd435","local_time":"20190531200428","is_ascension_mode":false,"campfire_choices":[{"data":"Streamline","floor":6,"key":"SMITH"},{"floor":10,"key":"REST"},{"data":"Ball Lightning","floor":13,"key":"SMITH"},{"floor":15,"key":"REST"},{"floor":23,"key":"REST"}],"neow_cost":"NONE","seed_source_timestamp":246580095120400,"circlet_count":0,"master_deck":["Strike_B+1","Strike_B","Strike_B","Strike_B","Defend_B","Defend_B+1","Defend_B","Defend_B","Zap","Dualcast","Streamline+1","Streamline+1","Coolheaded","Coolheaded","Rip and Tear","Self Repair","Ball Lightning+1","Buffer","Consume","Hologram","Hologram+1","Capacitor","White Noise","Lockon","Hologram"],"relics":["Cracked Core","NeowsBlessing","Letter Opener","Shovel","Bird Faced Urn","Tiny House"],"potions_floor_usage":[12,16,16,16,16,16,18,20,21],"damage_taken":[{"damage":0,"enemies":"Small Slimes","floor":1,"turns":1},{"damage":0,"enemies":"2 Louse","floor":2,"turns":1},{"damage":0,"enemies":"Jaw Worm","floor":7,"turns":1},{"damage":24,"enemies":"Gremlin Gang","floor":8,"turns":4},{"damage":15,"enemies":"Gremlin Nob","floor":12,"turns":4},{"damage":13,"enemies":"Lots of Slimes","floor":14,"turns":4},{"damage":40,"enemies":"The Guardian","floor":16,"turns":8},{"damage":18,"enemies":"2 Thieves","floor":18,"turns":4},{"damage":31,"enemies":"Shell Parasite","floor":19,"turns":5},{"damage":12,"enemies":"Snecko","floor":20,"turns":5},{"damage":38,"enemies":"Chosen and Byrds","floor":22,"turns":7},{"damage":39,"enemies":"Cultist and Chosen","floor":24,"turns":8},{"damage":24,"enemies":"Snake Plant","floor":25,"turns":3}],"seed_played":"4512397246962139810","potions_obtained":[{"floor":1,"key":"FearPotion"},{"floor":12,"key":"AttackPotion"},{"floor":14,"key":"EntropicBrew"},{"floor":17,"key":"Block Potion"},{"floor":19,"key":"Poison Potion"}],"is_trial":false,"path_per_floor":["M","M","?","?","?","R","M","M","T","R","$","E","R","M","R","B",null,"M","M","M","$","M","R","M","M"],"character_chosen":"DEFECT","items_purchased":["Rip and Tear","Self Repair","Fruit Juice","White Noise"],"campfire_rested":3,"item_purchase_floors":[11,11,21,21],"current_hp_per_floor":[75,75,75,64,49,49,49,25,25,47,47,32,32,28,50,10,80,73,53,41,46,21,46,18,0],"gold":142,"neow_bonus":"THREE_ENEMY_KILL","is_prod":false,"is_daily":false,"chose_seed":false,"campfire_upgraded":2,"win_rate":0.0,"timestamp":1559329468,"path_taken":["M","M","?","?","?","R","M","?","T","R","$","E","R","?","R","BOSS","M","M","M","$","M","R","M","M"],"build_version":"2019-01-23","purchased_purges":1,"victory":false,"max_hp_per_floor":[75,75,75,75,75,75,75,75,75,75,75,75,75,75,75,75,80,80,80,80,85,85,85,85,85],"card_choices":[{"not_picked":["Consume","Redo"],"picked":"Streamline","floor":1},{"not_picked":["Steam","Beam Cell"],"picked":"Streamline","floor":2},{"not_picked":["Storm","Redo"],"picked":"Coolheaded","floor":7},{"not_picked":["Reprogram","Self Repair"],"picked":"Coolheaded","floor":8},{"not_picked":["Melter","Gash"],"picked":"Ball Lightning","floor":12},{"not_picked":["Doom and Gloom","Beam Cell","Tempest"],"picked":"SKIP","floor":14},{"not_picked":["Multi-Cast","Machine Learning"],"picked":"Buffer","floor":16},{"not_picked":["Blizzard","FTL"],"picked":"Consume","floor":17},{"not_picked":["Beam Cell","Gash+1"],"picked":"Hologram","floor":18},{"not_picked":["Coolheaded","Hello World+1"],"picked":"Hologram+1","floor":19},{"not_picked":["Steam","Reboot"],"picked":"Capacitor","floor":20},{"not_picked":["Reprogram+1","Beam Cell"],"picked":"Lockon","floor":22},{"not_picked":["Redo","Sweeping Beam"],"picked":"Hologram","floor":24}],"player_experience":22659,"relics_obtained":[{"floor":9,"key":"Shovel"},{"floor":12,"key":"Bird Faced Urn"}],"event_choices":[{"damage_healed":0,"gold_gain":0,"player_choice":"Box","damage_taken":0,"relics_obtained":["Letter Opener"],"max_hp_gain":0,"max_hp_loss":0,"event_name":"Big Fish","floor":3,"gold_loss":0,"cards_obtained":["Regret"]},{"damage_healed":0,"gold_gain":75,"player_choice":"Gather Gold","damage_taken":11,"max_hp_gain":0,"max_hp_loss":0,"event_name":"World of Goop","floor":4,"gold_loss":0},{"damage_healed":0,"gold_gain":0,"player_choice":"Entered Light","damage_taken":15,"max_hp_gain":0,"max_hp_loss":0,"event_name":"Shining Light","floor":5,"gold_loss":0,"cards_upgraded":["Streamline","Defend_B"]}],"is_beta":false,"boss_relics":[{"not_picked":["Snecko Eye","Empty Cage"],"picked":"Tiny House"}],"items_purged_floors":[11],"is_endless":false,"potions_floor_spawned":[1,12,14,19],"killed_by":"Snake Plant","ascension_level":0}