{"gold_per_floor":[115,134,134,134,152,190,215,215,215,28,28,46,121,141,141,265,265,288,302,302,302,49,76,88,111,149,161,173,219,231,278,290,399,411,433,445,0,22,49,61,73,114,126,155,185,215,137,169,181,193],"floor_reached":51,"playtime":3686,"items_purged":[],"score":808,"play_id":"1c61d76f-2e89-4b12-adf5-bb44802123f9","local_time":"20190601194442","is_ascension_mode":true,"campfire_choices":[{"data":"Backstab","floor":8,"key":"SMITH"},{"data":"Well Laid Plans","floor":11,"key":"SMITH"},{"data":"Noxious Fumes","floor":15,"key":"SMITH"},{"data":"Poisoned Stab","floor":24,"key":"PURGE"},{"data":"PiercingWail","floor":27,"key":"SMITH"},{"data":"After Image","floor":32,"key":"SMITH"},{"data":"Die Die Die","floor":40,"key":"SMITH"},{"floor":49,"key":"REST"}],"neow_cost":"NONE","seed_source_timestamp":28866282009300,"circlet_count":0,"master_deck":["Survivor","Neutralize+1","Terror","Backstab+1","Dash","Noxious Fumes+1","Well Laid Plans+1","Dagger Spray+1","Deflect","After Image+1","Dagger Throw","Prepared+1","Dagger Spray+1","PiercingWail+1","Masterful Stab","Quick Slash+1","Doppelganger","Unload","Dagger Throw","Masterful Stab","Quick Slash","Tools of the Trade","Blur","Endless Agony+1","Acrobatics","Die Die Die+1","Masterful Stab","Footwork","Apotheosis","Secret Technique","Crippling Poison","Reflex+1","Escape Plan","Terror+1"],"relics":["Ring of the Snake","Bloody Idol","Peace Pipe","Bird Faced Urn","Tingsha","Vajra","Velvet Choker","Strawberry","MawBank","Whetstone","Nilry\u0027s Codex","Boot","Omamori","Pandora\u0027s Box","Red Mask","Shuriken","Art of War"],"potions_floor_usage":[14,23,33,33,45,46,50],"damage_taken":[{"damage":1,"enemies":"Jaw Worm","floor":1,"turns":4},{"damage":8,"enemies":"2 Louse","floor":2,"turns":3},{"damage":0,"enemies":"Small Slimes","floor":5,"turns":2},{"damage":0,"enemies":"Lagavulin","floor":6,"turns":7},{"damage":10,"enemies":"2 Fungi Beasts","floor":7,"turns":4},{"damage":4,"enemies":"Large Slime","floor":12,"turns":4},{"damage":0,"enemies":"Exordium Wildlife","floor":14,"turns":4},{"damage":14,"enemies":"Hexaghost","floor":16,"turns":9},{"damage":3,"enemies":"Chosen","floor":18,"turns":4},{"damage":0,"enemies":"3 Byrds","floor":19,"turns":4},{"damage":3,"enemies":"Gremlin Leader","floor":23,"turns":6},{"damage":0,"enemies":"Snecko","floor":25,"turns":3},{"damage":19,"enemies":"Slavers","floor":29,"turns":4},{"damage":16,"enemies":"Book of Stabbing","floor":31,"turns":5},{"damage":21,"enemies":"Collector","floor":33,"turns":9},{"damage":32,"enemies":"3 Darklings","floor":35,"turns":5},{"damage":0,"enemies":"3 Shapes","floor":38,"turns":3},{"damage":9,"enemies":"Sphere and 2 Shapes","floor":39,"turns":4},{"damage":70,"enemies":"Reptomancer","floor":42,"turns":6},{"damage":13,"enemies":"4 Shapes","floor":44,"turns":1},{"damage":13,"enemies":"Transient","floor":45,"turns":5},{"damage":5,"enemies":"Spire Growth","floor":46,"turns":4},{"damage":4,"enemies":"3 Darklings","floor":48,"turns":4},{"damage":45,"enemies":"Awakened One","floor":50,"turns":14}],"seed_played":"1688018596268426956","potions_obtained":[{"floor":5,"key":"GamblersBrew"},{"floor":6,"key":"Dexterity Potion"},{"floor":7,"key":"Block Potion"},{"floor":16,"key":"GamblersBrew"},{"floor":18,"key":"Ancient Potion"},{"floor":23,"key":"Fire Potion"},{"floor":38,"key":"GamblersBrew"},{"floor":42,"key":"Energy Potion"},{"floor":44,"key":"LiquidBronze"},{"floor":48,"key":"GhostInAJar"}],"is_trial":false,"path_per_floor":["M","M","?","?","M","E","M","R","T","$","R","M","?","M","R","B",null,"M","M","?","?","$","E","R","M","T","R","?","E","?","E","R","B",null,"M","?","?","M","M","R","?","E","T","M","M","M","?","M","R","B",null],"character_chosen":"THE_SILENT","items_purchased":["Vajra","Well Laid Plans","PiercingWail","Masterful Stab","Strawberry"],"campfire_rested":1,"item_purchase_floors":[10,10,22,22,22],"current_hp_per_floor":[69,61,61,58,58,58,48,48,48,48,48,48,37,41,41,31,65,65,65,65,65,72,72,72,72,72,72,56,53,58,58,63,56,72,47,47,52,66,68,72,72,10,15,16,19,32,37,49,72,35],"gold":205,"neow_bonus":"UPGRADE_CARD","is_prod":false,"is_daily":false,"chose_seed":false,"campfire_upgraded":6,"win_rate":0,"timestamp":1559414682,"path_taken":["M","M","?","?","M","E","M","R","T","$","R","M","?","M","R","BOSS","M","M","?","?","$","E","R","M","T","R","?","E","?","E","R","BOSS","M","?","?","M","M","R","?","E","T","M","M","?","?","M","R","BOSS"],"build_version":"2019-01-23","purchased_purges":0,"victory":true,"max_hp_per_floor":[70,70,65,65,65,65,65,65,65,65,65,65,65,65,65,65,65,65,65,65,65,72,72,72,72,72,72,72,72,72,72,72,72,72,72,72,72,72,72,72,72,72,72,72,72,72,72,72,72,72],"card_choices":[{"not_picked":["Outmaneuver","Choke"],"picked":"Terror","floor":1},{"not_picked":["Prepared","Blur"],"picked":"Backstab","floor":2},{"not_picked":["Sucker Punch","Leg Sweep"],"picked":"Dash","floor":5},{"not_picked":["Bouncing Flask","Riddle With Holes"],"picked":"Heel Hook","floor":6},{"not_picked":["Skewer","Blur"],"picked":"Noxious Fumes","floor":7},{"not_picked":["Blade Dance","Skewer"],"picked":"Dagger Spray","floor":12},{"not_picked":["Bane","Eviscerate"],"picked":"Deflect","floor":14},{"not_picked":["Burst","Venomology"],"picked":"After Image","floor":16},{"not_picked":["Dodge and Roll","Flying Knee"],"picked":"Dagger Throw","floor":18},{"not_picked":["Well Laid Plans","Slice+1"],"picked":"Prepared+1","floor":19},{"not_picked":["Outmaneuver","Dagger Spray","Blade Dance"],"picked":"SKIP","floor":23},{"not_picked":["Catalyst","Calculated Gamble"],"picked":"Quick Slash+1","floor":25},{"not_picked":["Deflect+1","Finisher+1"],"picked":"Grand Finale","floor":29},{"not_picked":["Quick Slash","Prepared"],"picked":"Doppelganger","floor":31},{"not_picked":["Storm of Steel","Night Terror"],"picked":"Unload","floor":33},{"not_picked":["Underhanded Strike","Dagger Spray+1"],"picked":"Footwork","floor":35},{"not_picked":["Bandage Up","The Bomb"],"picked":"Apotheosis","floor":36},{"not_picked":["Transmutation","Blind"],"picked":"Secret Technique","floor":36},{"not_picked":["Bane+1","Caltrops"],"picked":"Tactician","floor":38},{"not_picked":["Concentrate","Underhanded Strike"],"picked":"Crippling Poison","floor":39},{"not_picked":["Sucker Punch","Slice"],"picked":"Reflex+1","floor":42},{"not_picked":["Eviscerate","Blade Dance+1","Night Terror"],"picked":"SKIP","floor":44},{"not_picked":["Calculated Gamble+1","Choke"],"picked":"Escape Plan","floor":45},{"not_picked":["Deadly Poison","Acrobatics+1"],"picked":"Terror+1","floor":46},{"not_picked":["Deflect+1","Poisoned Stab","Infinite Blades"],"picked":"SKIP","floor":48}],"player_experience":54333,"relics_obtained":[{"floor":6,"key":"Bird Faced Urn"},{"floor":9,"key":"Tingsha"},{"floor":23,"key":"MawBank"},{"floor":26,"key":"Whetstone"},{"floor":28,"key":"Nilry\u0027s Codex"},{"floor":29,"key":"Boot"},{"floor":31,"key":"Omamori"},{"floor":42,"key":"Shuriken"},{"floor":43,"key":"Art of War"}],"event_choices":[{"damage_healed":0,"gold_gain":0,"player_choice":"Lose Max HP","damage_taken":0,"relics_obtained":["Golden Idol"],"max_hp_gain":0,"max_hp_loss":5,"event_name":"Golden Idol","floor":3,"gold_loss":0},{"damage_healed":0,"gold_gain":0,"player_choice":"Success","damage_taken":3,"relics_obtained":["Peace Pipe"],"max_hp_gain":0,"max_hp_loss":0,"event_name":"Scrap Ooze","floor":4,"gold_loss":0},{"damage_healed":0,"gold_gain":75,"player_choice":"Gather Gold","damage_taken":11,"max_hp_gain":0,"max_hp_loss":0,"event_name":"World of Goop","floor":13,"gold_loss":0},{"damage_healed":0,"gold_gain":0,"player_choice":"Gave Idol","damage_taken":0,"relics_obtained":["Bloody Idol"],"max_hp_gain":0,"max_hp_loss":0,"event_name":"Forgotten Altar","floor":20,"relics_lost":["Golden Idol"],"gold_loss":0},{"damage_healed":0,"gold_gain":0,"cards_transformed":["Heel Hook","Strike_G"],"player_choice":"Became Test Subject","damage_taken":0,"max_hp_gain":0,"max_hp_loss":0,"event_name":"Drug Dealer","floor":21,"gold_loss":0,"cards_obtained":["Poisoned Stab","Dagger Spray"]},{"damage_healed":0,"gold_gain":0,"player_choice":"Obtained Book","damage_taken":16,"max_hp_gain":0,"max_hp_loss":0,"event_name":"Cursed Tome","floor":28,"gold_loss":0},{"damage_healed":0,"gold_gain":0,"player_choice":"Ignored","damage_taken":0,"max_hp_gain":0,"max_hp_loss":0,"event_name":"Vampires","floor":30,"gold_loss":0},{"damage_healed":0,"gold_gain":0,"player_choice":"Memory 2","damage_taken":5,"max_hp_gain":0,"max_hp_loss":0,"event_name":"SensoryStone","floor":36,"gold_loss":0},{"damage_healed":0,"gold_gain":0,"player_choice":"Paid","damage_taken":0,"relics_obtained":["Red Mask"],"max_hp_gain":0,"max_hp_loss":0,"event_name":"Tomb of Lord Red Mask","floor":37,"gold_loss":457},{"cards_removed":["Tactician"],"damage_healed":0,"gold_gain":0,"player_choice":"Removed Skill","damage_taken":0,"max_hp_gain":0,"max_hp_loss":0,"event_name":"Falling","floor":41,"gold_loss":0},{"cards_removed":["Grand Finale"],"damage_healed":0,"gold_gain":0,"player_choice":"Upgrade and Remove","damage_taken":0,"max_hp_gain":0,"max_hp_loss":0,"event_name":"Designer","floor":47,"gold_loss":90,"cards_upgraded":["Endless Agony"]}],"is_beta":false,"boss_relics":[{"not_picked":["Snecko Eye","Runic Pyramid"],"picked":"Velvet Choker"},{"not_picked":["Empty Cage","Fusion Hammer"],"picked":"Pandora\u0027s Box"}],"items_purged_floors":[],"is_endless":false,"potions_floor_spawned":[5,6,7,16,18,23,38,42,44,48],"ascension_level":2}