{"gold_per_floor":[113,126,126,51,63,89,89,89,89,122,122,157,171,171,171,294,294,318,318,318,343,64,64,64],"floor_reached":24,"playtime":2318,"items_purged":["Defend_B","Strike_B"],"score":276,"play_id":"05b61099-b550-428b-a83a-e4d6c4416ad1","local_time":"20190313233159","is_ascension_mode":true,"campfire_choices":[{"floor":11,"key":"REST"},{"floor":15,"key":"REST"},{"floor":23,"key":"REST"}],"neow_cost":"NONE","seed_source_timestamp":2286447232543124,"circlet_count":0,"master_deck":["Strike_B","Strike_B","Strike_B","Defend_B","Defend_B","Defend_B","Zap","Dualcast","Conserve Battery","Capacitor","Cold Snap","Glacier","Redo","Ball Lightning","Parasite","Machine Learning+1","Self Repair+1","Gash+1"],"relics":["Cracked Core","Frozen Egg 2","Pear","Golden Idol","Bottled Tornado","Orichalcum","Vajra","Nuclear Battery"],"potions_floor_usage":[10,16,24,24],"damage_taken":[{"damage":0,"enemies":"Small Slimes","floor":1,"turns":4},{"damage":5,"enemies":"Cultist","floor":2,"turns":4},{"damage":0,"enemies":"2 Louse","floor":5,"turns":3},{"damage":43,"enemies":"3 Sentries","floor":6,"turns":9},{"damage":31,"enemies":"Gremlin Nob","floor":10,"turns":4},{"damage":23,"enemies":"3 Sentries","floor":12,"turns":11},{"damage":5,"enemies":"Large Slime","floor":13,"turns":6},{"damage":26,"enemies":"The Guardian","floor":16,"turns":13},{"damage":0,"enemies":"Chosen","floor":18,"turns":4},{"damage":26,"enemies":"3 Byrds","floor":21,"turns":7},{"damage":136,"enemies":"Slavers","floor":24,"turns":9}],"seed_played":"-1282352117486281393","potions_obtained":[{"floor":1,"key":"Explosive Potion"},{"floor":6,"key":"AttackPotion"},{"floor":10,"key":"FocusPotion"},{"floor":21,"key":"SpeedPotion"}],"is_trial":false,"path_per_floor":["M","M","?","$","M","E","?","?","T","E","R","E","M","?","R","B",null,"M","?","?","M","$","R","E"],"character_chosen":"DEFECT","items_purchased":["Regen Potion","FairyPotion"],"campfire_rested":3,"item_purchase_floors":[22,22],"current_hp_per_floor":[68,63,63,63,63,30,58,58,58,27,50,27,22,41,64,38,69,69,69,55,39,39,62,0],"gold":64,"neow_bonus":"THREE_CARDS","is_prod":false,"is_daily":false,"chose_seed":false,"campfire_upgraded":0,"win_rate":0,"timestamp":1552545119,"path_taken":["M","M","?","?","?","E","?","?","T","E","R","E","M","?","R","BOSS","M","?","?","?","$","R","E"],"build_version":"2019-01-23","purchased_purges":2,"victory":false,"max_hp_per_floor":[75,75,75,75,75,85,85,79,79,79,79,79,79,79,79,79,79,79,79,79,79,79,79,79],"card_choices":[{"not_picked":["Redo","Steam"],"picked":"Conserve Battery","floor":0},{"not_picked":["Steam","Streamline"],"picked":"Capacitor","floor":1},{"not_picked":["Steam","Steam Power","Stack"],"picked":"SKIP","floor":2},{"not_picked":["Stack","Go for the Eyes","Steam"],"picked":"SKIP","floor":5},{"not_picked":["Steam Power","Rainbow"],"picked":"Cold Snap","floor":6},{"not_picked":["Compile Driver","Self Repair+1"],"picked":"Glacier","floor":10},{"not_picked":["Hologram","Compile Driver"],"picked":"Redo","floor":12},{"not_picked":["Reprogram","Loop+1"],"picked":"Ball Lightning","floor":13},{"not_picked":["Hyperbeam","Rainbow"],"picked":"Machine Learning+1","floor":16},{"not_picked":["Beam Cell","Redo+1"],"picked":"Self Repair+1","floor":18},{"not_picked":["Hello World+1","Consume"],"picked":"Gash+1","floor":21}],"player_experience":303736,"relics_obtained":[{"floor":6,"key":"Pear"},{"floor":9,"key":"Bottled Tornado"},{"floor":10,"key":"Orichalcum"},{"floor":12,"key":"Vajra"}],"event_choices":[{"damage_healed":0,"gold_gain":0,"player_choice":"Gave Potion","damage_taken":0,"relics_obtained":["Frozen Egg 2"],"max_hp_gain":0,"max_hp_loss":0,"event_name":"WeMeetAgain","floor":3,"gold_loss":0},{"damage_healed":28,"gold_gain":0,"player_choice":"Banana","damage_taken":0,"max_hp_gain":0,"max_hp_loss":0,"event_name":"Big Fish","floor":7,"gold_loss":0},{"damage_healed":0,"gold_gain":0,"player_choice":"Lose Max HP","damage_taken":0,"relics_obtained":["Golden Idol"],"max_hp_gain":0,"max_hp_loss":6,"event_name":"Golden Idol","floor":8,"gold_loss":0},{"damage_healed":19,"gold_gain":0,"player_choice":"Healed and dodged fight","damage_taken":0,"max_hp_gain":0,"max_hp_loss":0,"event_name":"Mushrooms","floor":14,"gold_loss":0,"cards_obtained":["Parasite"]},{"damage_healed":0,"gold_gain":0,"player_choice":"Ignored","damage_taken":0,"max_hp_gain":0,"max_hp_loss":0,"event_name":"Vampires","floor":19,"gold_loss":0},{"damage_healed":0,"gold_gain":0,"player_choice":"POTION ","damage_taken":14,"max_hp_gain":0,"max_hp_loss":0,"event_name":"Knowing Skull","floor":20,"potions_obtained":["Regen Potion"],"gold_loss":0,"cards_obtained":[]}],"is_beta":false,"boss_relics":[{"not_picked":["Ectoplasm","Pandora\u0027s Box"],"picked":"Nuclear Battery"}],"items_purged_floors":[4,22],"is_endless":false,"potions_floor_spawned":[1,6,10,21],"killed_by":"Slavers","ascension_level":6}