{"gold_per_floor":[118,137,137,152,152,152,163,16,16,33,64,64,64,84,84,188,188,205,205,305,190,200,233,233,248,248,248,248,31,31,31],"floor_reached":31,"playtime":3878,"items_purged":["Strike_G"],"score":253,"play_id":"34521c74-c4a2-4e8e-9c5f-da63adabdc35","local_time":"20180927221016","is_ascension_mode":false,"campfire_choices":[{"data":"Neutralize","floor":6.0,"key":"SMITH"},{"floor":13.0,"key":"REST"},{"data":"Deadly Poison","floor":15.0,"key":"SMITH"},{"floor":24.0,"key":"REST"},{"floor":27.0,"key":"REST"}],"neow_cost":"NONE","seed_source_timestamp":175576053392038,"circlet_count":0,"master_deck":["Defend_G","Defend_G","Defend_G","Defend_G","Defend_G","Strike_G","Strike_G","Strike_G","Strike_G","Survivor","Neutralize+1","Crippling Poison","Prepared","Poisoned Stab+1","Deadly Poison+1","Poisoned Stab+1","Blade Dance","Heel Hook","PiercingWail","Envenom","Deadly Poison","Slice","Caltrops","Backflip","Finisher","Blur","Footwork","Bouncing Flask+1","Blur","Leg Sweep","Mayhem"],"special_seed":0,"relics":["Ring of the Snake","Snake Skull","Bottled Flame","Question Card","Orrery","Kunai","Bronze Scales"],"potions_floor_usage":[],"damage_taken":[{"damage":0.0,"enemies":"Small Slimes","floor":1.0,"turns":4.0},{"damage":5.0,"enemies":"Cultist","floor":2.0,"turns":6.0},{"damage":2.0,"enemies":"Jaw Worm","floor":4.0,"turns":5.0},{"damage":4.0,"enemies":"Blue Slaver","floor":7.0,"turns":4.0},{"damage":6.0,"enemies":"Red Slaver","floor":10.0,"turns":4.0},{"damage":8.0,"enemies":"3 Sentries","floor":11.0,"turns":9.0},{"damage":6.0,"enemies":"Exordium Wildlife","floor":14.0,"turns":5.0},{"damage":15.0,"enemies":"Slime Boss","floor":16.0,"turns":9.0},{"damage":26.0,"enemies":"2 Thieves","floor":18.0,"turns":4.0},{"damage":0.0,"enemies":"3 Byrds","floor":22.0,"turns":3.0},{"damage":29.0,"enemies":"Gremlin Leader","floor":23.0,"turns":7.0},{"damage":40.0,"enemies":"Cultist and Chosen","floor":25.0,"turns":7.0},{"damage":21.0,"enemies":"Colosseum Slavers","floor":28.0,"turns":4.0},{"damage":20,"enemies":"Shelled Parasite and Fungi","floor":31,"turns":2}],"seed_played":"5077600076719834166","potions_obtained":[{"floor":4.0,"key":"SpeedPotion"},{"floor":5.0,"key":"Block Potion"},{"floor":5.0,"key":"Ancient Potion"},{"floor":7.0,"key":"Energy Potion"},{"floor":11.0,"key":"Poison Potion"},{"floor":23.0,"key":"Fire Potion"},{"floor":25.0,"key":"SteroidPotion"}],"is_trial":false,"path_per_floor":["M","M","?","M","?","R","M","$","T","M","E","?","R","M","R","B",null,"M","?","?","$","M","E","R","M","T","R","?","$","?"],"character_chosen":"THE_SILENT","items_purchased":["Snake Skull","Footwork","Leg Sweep","Mayhem"],"campfire_rested":3,"item_purchase_floors":[8,21,29,29],"current_hp_per_floor":[70,65,65,63,63,63,59,59,59,53,45,45,66,60,60,45,70,44,67,67,67,67,38,59,19,19,40,19,19,19,0],"gold":31,"neow_bonus":"THREE_CARDS","is_prod":false,"is_daily":false,"chose_seed":false,"campfire_upgraded":2,"win_rate":0.0,"timestamp":1538111416,"path_taken":["M","M","?","M","?","R","M","$","T","M","E","?","R","?","R","BOSS","M","?","?","$","M","E","R","?","T","R","?","$","?","M"],"build_version":"2018-09-27","purchased_purges":1,"victory":false,"max_hp_per_floor":[70,70,70,70,70,70,70,70,70,70,70,70,70,70,70,70,70,70,70,70,70,70,70,70,70,70,70,70,70,70,70],"card_choices":[{"not_picked":["Choke","Masterful Stab"],"picked":"Crippling Poison","floor":0.0},{"not_picked":["Slice","Masterful Stab"],"picked":"Prepared","floor":1.0},{"not_picked":["Dagger Throw","Venomology"],"picked":"Poisoned Stab","floor":2.0},{"not_picked":["Dagger Throw","Distraction"],"picked":"Deadly Poison","floor":4.0},{"not_picked":["Backflip","Outmaneuver"],"picked":"Poisoned Stab","floor":7.0},{"not_picked":["Prepared","Flechettes"],"picked":"Blade Dance","floor":10.0},{"not_picked":["Finisher","Skewer"],"picked":"Heel Hook","floor":11.0},{"not_picked":["Deadly Poison","Blade Dance","Predator"],"picked":"PiercingWail","floor":14.0},{"not_picked":["Phantasmal Killer","Night Terror","Venomology"],"picked":"Envenom","floor":16.0},{"not_picked":["PiercingWail","Eviscerate","Outmaneuver"],"picked":"Deadly Poison","floor":17.0},{"not_picked":["PiercingWail","Expertise","Prepared"],"picked":"Slice","floor":17.0},{"not_picked":["Skewer","Dagger Spray","Outmaneuver"],"picked":"Caltrops","floor":17.0},{"not_picked":["Flying Knee","Tactician","Dodge and Roll"],"picked":"Backflip","floor":17.0},{"not_picked":["Die Die Die","Flechettes","Quick Slash"],"picked":"Finisher","floor":17.0},{"not_picked":["Choke","Eviscerate","Sucker Punch"],"picked":"Blur","floor":18.0},{"not_picked":["Acrobatics","Blade Dance","Dagger Spray","PiercingWail"],"picked":"SKIP","floor":22.0},{"not_picked":["Skewer","Infinite Blades+1","Underhanded Strike+1"],"picked":"Bouncing Flask+1","floor":23.0},{"not_picked":["Caltrops","All Out Attack+1","Bane"],"picked":"Blur","floor":25.0}],"player_experience":87498,"relics_obtained":[{"floor":9.0,"key":"Bottled Flame"},{"floor":11.0,"key":"Question Card"},{"floor":23.0,"key":"Kunai"},{"floor":26.0,"key":"Bronze Scales"}],"event_choices":[{"event_name":"Upgrade Shrine","player_choice":"Upgraded","floor":3.0,"damage_taken":0.0},{"event_name":"The Lab","player_choice":"Got Potions","floor":5.0,"damage_taken":0.0},{"event_name":"Accursed Blacksmith","player_choice":"Forge","floor":12.0,"damage_taken":0.0},{"event_name":"The Library","player_choice":"Heal","floor":19.0,"damage_taken":0.0},{"event_name":"Golden Shrine","player_choice":"Pray","floor":20.0,"damage_taken":0.0},{"event_name":"Colosseum","player_choice":"Fight","floor":28.0,"damage_taken":0.0},{"event_name":"Colosseum","player_choice":"Fled From Nobs","floor":28.0,"damage_taken":0.0}],"is_beta":false,"boss_relics":[{"not_picked":["Ring of the Serpent","Runic Dome"],"picked":"Orrery"}],"items_purged_floors":[21],"is_endless":false,"potions_floor_spawned":[4,7,11,14,23,25],"killed_by":"Shelled Parasite and Fungi","ascension_level":0}