{"gold_per_floor":[114,114,127,52,62,74,106,106,106,117,117,149,1,35,35,136,136,151,151,165,176,192,192,219,219,292,292,70,70,83,182,182,287,287,303,403,420,420,7,7,21,21,21,21,21,34,44,75,75,75],"floor_reached":50,"playtime":6027,"items_purged":["Defend_B","Defend_B","Strike_B"],"score":536,"play_id":"0ab68b44-0979-4219-a632-68fda4d171fb","local_time":"20181105181958","is_ascension_mode":true,"campfire_choices":[{"data":"Ball Lightning","floor":8,"key":"SMITH"},{"floor":11,"key":"REST"},{"floor":15,"key":"REST"},{"data":"Barrage","floor":23,"key":"SMITH"},{"floor":27,"key":"REST"},{"floor":32,"key":"REST"},{"data":"Barrage","floor":40,"key":"SMITH"},{"floor":42,"key":"REST"},{"floor":44,"key":"REST"},{"data":"Static Discharge","floor":49,"key":"SMITH"}],"neow_cost":"NONE","seed_source_timestamp":960256226315156,"circlet_count":0,"master_deck":["Defend_B","Defend_B","Zap","Dualcast","Leap","Leap","Ball Lightning+1","Aggregate","Reboot","Coolheaded","Conserve Battery","Barrage+1","Static Discharge+1","Multi-Cast","Core Surge+1","Self Repair+1","Go for the Eyes+1","Barrage+1","Rebound+1","Storm","Echo Form","White Noise","Darkness","Defragment+1","Double Energy+1","Conserve Battery+1","Madness","Madness","Double Energy","Loop+1","Static Discharge+1"],"relics":["Cracked Core","NeowsBlessing","NlothsMask","Shuriken","Darkstone Periapt","Orichalcum","Astrolabe","Blood Vial","Ornamental Fan","Happy Flower","Sozu","Ginger","Ice Cream","Gambling Chip","Regal Pillow"],"potions_floor_usage":[14,14,14,20,22,33,50,50],"damage_taken":[{"damage":0,"enemies":"Small Slimes","floor":1,"turns":1},{"damage":0,"enemies":"Cultist","floor":3,"turns":1},{"damage":0,"enemies":"Jaw Worm","floor":5,"turns":1},{"damage":6,"enemies":"3 Louse","floor":6,"turns":5},{"damage":19,"enemies":"Gremlin Nob","floor":7,"turns":4},{"damage":12,"enemies":"Large Slime","floor":10,"turns":6},{"damage":20,"enemies":"3 Sentries","floor":12,"turns":7},{"damage":13,"enemies":"Gremlin Nob","floor":14,"turns":4},{"damage":26,"enemies":"The Guardian","floor":16,"turns":14},{"damage":15,"enemies":"2 Thieves","floor":18,"turns":4},{"damage":0,"enemies":"Spheric Guardian","floor":20,"turns":3},{"damage":13,"enemies":"Chosen and Byrds","floor":21,"turns":7},{"damage":26,"enemies":"Sentry and Sphere","floor":22,"turns":5},{"damage":39,"enemies":"Book of Stabbing","floor":24,"turns":6},{"damage":22,"enemies":"Cultist and Chosen","floor":30,"turns":6},{"damage":32,"enemies":"Champ","floor":33,"turns":8},{"damage":6,"enemies":"3 Darklings","floor":35,"turns":5},{"damage":11,"enemies":"Mind Bloom Boss Battle","floor":36,"turns":6},{"damage":23,"enemies":"Orb Walker","floor":37,"turns":5},{"damage":42,"enemies":"4 Shapes","floor":41,"turns":5},{"damage":13,"enemies":"Sphere and 2 Shapes","floor":46,"turns":5},{"damage":23,"enemies":"Maw","floor":47,"turns":7},{"damage":12,"enemies":"Nemesis","floor":48,"turns":7},{"damage":88,"enemies":"Time Eater","floor":50,"turns":8}],"seed_played":"-4862346440856641041","potions_obtained":[{"floor":6,"key":"Swift Potion"},{"floor":7,"key":"GamblersBrew"},{"floor":12,"key":"GamblersBrew"},{"floor":16,"key":"FocusPotion"},{"floor":18,"key":"LiquidBronze"},{"floor":19,"key":"Regen Potion"},{"floor":19,"key":"PowerPotion"},{"floor":30,"key":"SteroidPotion"},{"floor":33,"key":"PowerPotion"}],"is_trial":false,"path_per_floor":["M","?","M","$","M","M","E","R","T","M","R","E","$","E","R","B",null,"M","?","M","M","M","R","E","?","T","R","$","?","M","?","R","B",null,"M","?","M","?","$","R","M","R","T","R","?","M","M","E","R","B"],"character_chosen":"DEFECT","items_purchased":["Barrage","Happy Flower","White Noise","Ice Cream"],"campfire_rested":6,"item_purchase_floors":[13,28,28,39],"current_hp_per_floor":[75,75,75,75,75,69,50,50,50,38,60,40,40,27,49,23,75,70,70,75,72,61,61,32,32,32,54,54,54,44,44,66,46,75,75,74,72,72,72,72,32,54,54,75,66,75,72,72,72,0],"gold":75,"neow_bonus":"THREE_ENEMY_KILL","is_prod":false,"is_daily":false,"chose_seed":false,"campfire_upgraded":4,"win_rate":0,"timestamp":1541470798,"path_taken":["M","?","M","$","M","M","E","R","T","?","R","E","$","E","R","BOSS","M","?","?","M","M","R","E","?","T","R","$","?","M","?","R","BOSS","M","?","M","?","$","R","M","R","T","R","?","M","M","E","R","BOSS"],"build_version":"2018-11-01","purchased_purges":3,"victory":false,"max_hp_per_floor":[75,75,75,75,75,75,75,75,75,75,75,75,75,75,75,75,75,75,75,75,75,75,75,75,75,75,75,75,75,75,75,75,75,75,75,75,75,75,75,75,75,75,75,75,75,75,75,75,75,75],"card_choices":[{"not_picked":["Beam Cell","Doom and Gloom"],"picked":"Leap","floor":1},{"not_picked":["Tempest","Rebound"],"picked":"Leap","floor":3},{"not_picked":["Leap","Turbo"],"picked":"Ball Lightning","floor":5},{"not_picked":["Loop","Beam Cell"],"picked":"Aggregate","floor":6},{"not_picked":["Hyperbeam","Blizzard"],"picked":"Reboot","floor":7},{"not_picked":["Redo","Streamline"],"picked":"Coolheaded","floor":10},{"not_picked":["Seek","Aggregate"],"picked":"Conserve Battery","floor":12},{"not_picked":["Conserve Battery","Amplify"],"picked":"Static Discharge","floor":14},{"not_picked":["Fission","Amplify"],"picked":"Multi-Cast","floor":16},{"not_picked":["Scrape","Consume"],"picked":"Barrage","floor":18},{"not_picked":["Go for the Eyes","Rip and Tear"],"picked":"Rebound+1","floor":20},{"not_picked":["Tempest","Chill"],"picked":"Storm","floor":21},{"not_picked":["Steam+1","Fusion","Sweeping Beam+1"],"picked":"SKIP","floor":22},{"not_picked":["Recycle","Compile Driver"],"picked":"Echo Form","floor":24},{"not_picked":["Reinforced Body","Steam"],"picked":"Darkness","floor":30},{"not_picked":["Ball Lightning","Turbo+1"],"picked":"Defragment+1","floor":35},{"not_picked":["Rebound","Heatsinks+1"],"picked":"Double Energy+1","floor":37},{"not_picked":["Beam Cell+1","Turbo"],"picked":"Conserve Battery+1","floor":41},{"not_picked":["Reprogram","Turbo+1"],"picked":"Double Energy","floor":46},{"not_picked":["Rebound","Hologram+1"],"picked":"Loop+1","floor":47},{"not_picked":["Self Repair+1","Redo"],"picked":"Static Discharge+1","floor":48}],"player_experience":180394,"relics_obtained":[{"floor":7,"key":"Shuriken"},{"floor":12,"key":"Darkstone Periapt"},{"floor":14,"key":"Orichalcum"},{"floor":24,"key":"Blood Vial"},{"floor":26,"key":"Ornamental Fan"},{"floor":36,"key":"Ginger"},{"floor":43,"key":"Gambling Chip"},{"floor":48,"key":"Regal Pillow"}],"event_choices":[{"damage_healed":0,"gold_gain":0,"player_choice":"Trade","damage_taken":0,"relics_obtained":["NlothsMask"],"max_hp_gain":0,"max_hp_loss":0,"event_name":"FaceTrader","floor":2,"gold_loss":0},{"damage_healed":0,"gold_gain":0,"player_choice":"Got Potions","damage_taken":0,"max_hp_gain":0,"max_hp_loss":0,"event_name":"Lab","floor":19,"gold_loss":0},{"damage_healed":0,"gold_gain":0,"player_choice":"Ignored","damage_taken":0,"max_hp_gain":0,"max_hp_loss":0,"event_name":"Ghosts","floor":25,"gold_loss":0},{"damage_healed":0,"gold_gain":99,"player_choice":"Stole From Cult","damage_taken":0,"max_hp_gain":0,"max_hp_loss":0,"event_name":"Nest","floor":31,"gold_loss":0},{"damage_healed":0,"gold_gain":0,"player_choice":"Fight","damage_taken":0,"max_hp_gain":0,"max_hp_loss":0,"event_name":"MindBloom","floor":36,"gold_loss":0},{"damage_healed":0,"gold_gain":0,"player_choice":"Ignored","damage_taken":0,"max_hp_gain":0,"max_hp_loss":0,"event_name":"Tomb of Lord Red Mask","floor":38,"gold_loss":0},{"damage_healed":0,"gold_gain":0,"player_choice":"Embrace Madness","damage_taken":9,"max_hp_gain":0,"max_hp_loss":0,"event_name":"Winding Halls","floor":45,"gold_loss":0,"cards_obtained":["Madness","Madness"]}],"is_beta":false,"boss_relics":[{"not_picked":["Cursed Key","Snecko Eye"],"picked":"Astrolabe"},{"not_picked":["Pandora\u0027s Box","Lizard Tail"],"picked":"Sozu"}],"items_purged_floors":[4,13,39],"is_endless":false,"potions_floor_spawned":[6,7,12,16,18,30,33,35,36,37,46,47],"killed_by":"Time Eater","ascension_level":1}