{"gold_per_floor":[115,133,143,143,18,45,10,22,22,49,49,49,66,98,98,177,177,190,208,22,40,40,40,40,40,91,120,120],"floor_reached":28,"playtime":1641,"items_purged":["Strike_G","Pain"],"score":512,"play_id":"05970068-b617-4be3-b599-747c58d147fb","local_time":"20190802222652","is_ascension_mode":true,"campfire_choices":[{"floor":11.0,"key":"REST"},{"floor":15.0,"key":"REST"},{"floor":23.0,"key":"REST"}],"neow_cost":"NONE","seed_source_timestamp":255295283901287,"circlet_count":0,"master_deck":["AscendersBane","Strike_G","Strike_G","Strike_G","Defend_G","Defend_G","Defend_G+1","Defend_G","Defend_G+1","Survivor","Neutralize","Blade Dance","Deadly Poison","Bane","Flying Knee+1","PiercingWail","Quick Slash+1","Dagger Spray","Die Die Die","Blade Dance+1","Terror+1","Leg Sweep","Deadly Poison+1","Decay","Corpse Explosion","Well Laid Plans"],"special_seed":0,"relics":["Ring of the Serpent","NeowsBlessing","Darkstone Periapt","Ornamental Fan","Bag of Marbles","WarpedTongs","Letter Opener","Whetstone","Regal Pillow"],"potions_floor_usage":[27],"damage_taken":[{"damage":0.0,"enemies":"Cultist","floor":1.0,"turns":1.0},{"damage":0.0,"enemies":"Jaw Worm","floor":2.0,"turns":1.0},{"damage":0.0,"enemies":"Small Slimes","floor":3.0,"turns":1.0},{"damage":16.0,"enemies":"Gremlin Nob","floor":6.0,"turns":4.0},{"damage":10.0,"enemies":"Gremlin Gang","floor":8.0,"turns":5.0},{"damage":21.0,"enemies":"3 Sentries","floor":10.0,"turns":9.0},{"damage":3.0,"enemies":"3 Louse","floor":13.0,"turns":2.0},{"damage":20.0,"enemies":"Lagavulin","floor":14.0,"turns":8.0},{"damage":28.0,"enemies":"Hexaghost","floor":16.0,"turns":11.0},{"damage":26.0,"enemies":"Shell Parasite","floor":18.0,"turns":7.0},{"damage":15.0,"enemies":"2 Thieves","floor":19.0,"turns":4.0},{"damage":11.0,"enemies":"Snecko","floor":21.0,"turns":5.0},{"damage":24,"enemies":"Slavers","floor":27,"turns":2},{"damage":7,"enemies":"Shelled Parasite and Fungi","floor":28,"turns":2}],"seed_played":"-8475028183265240660","potions_obtained":[{"floor":3.0,"key":"GamblersBrew"},{"floor":8.0,"key":"PowerPotion"},{"floor":14.0,"key":"EntropicBrew"},{"floor":16.0,"key":"AttackPotion"},{"floor":21.0,"key":"Poison Potion"}],"is_trial":false,"path_per_floor":["M","M","M","?","$","E","?","M","T","E","R","?","M","E","R","B",null,"M","M","$","M","?","R","?","?","T","E","M"],"character_chosen":"THE_SILENT","items_purchased":["Flying Knee","Leg Sweep"],"campfire_rested":3,"item_purchase_floors":[5,20],"current_hp_per_floor":[59,59,59,39,39,23,39,29,29,8,27,33,30,10,31,3,55,29,14,14,3,3,24,30,30,30,6,0],"gold":120,"neow_bonus":"THREE_ENEMY_KILL","is_prod":false,"is_daily":false,"chose_seed":false,"campfire_upgraded":0,"win_rate":0,"timestamp":1564810012,"path_taken":["M","?","M","?","$","E","?","M","T","E","R","?","M","E","R","BOSS","M","M","$","?","?","R","?","?","T","E","M"],"build_version":"2019-07-17","purchased_purges":2,"victory":false,"max_hp_per_floor":[66,66,66,66,66,66,66,66,66,66,66,72,72,72,72,72,72,72,72,72,72,72,72,78,78,78,78,78],"card_choices":[{"not_picked":["Catalyst","Slice"],"picked":"Blade Dance","floor":1.0},{"not_picked":["Outmaneuver","Bane"],"picked":"Deadly Poison","floor":2.0},{"not_picked":["Dodge and Roll","PiercingWail"],"picked":"Bane","floor":3.0},{"not_picked":["Masterful Stab","Grand Finale"],"picked":"PiercingWail","floor":6.0},{"not_picked":["Dodge and Roll","PiercingWail"],"picked":"Quick Slash","floor":8.0},{"not_picked":["Poisoned Stab","Reflex"],"picked":"Dagger Spray","floor":10.0},{"not_picked":["Expertise","Eviscerate","Heel Hook"],"picked":"SKIP","floor":13.0},{"not_picked":["Expertise","Eviscerate","Heel Hook"],"picked":"SKIP","floor":13.0},{"not_picked":["Escape Plan","Heel Hook","Underhanded Strike"],"picked":"SKIP","floor":14.0},{"not_picked":["A Thousand Cuts","Storm of Steel"],"picked":"Die Die Die","floor":16.0},{"not_picked":["Cloak And Dagger","Quick Slash"],"picked":"Blade Dance+1","floor":18.0},{"not_picked":["Slice","Reflex"],"picked":"Terror+1","floor":19.0},{"not_picked":["Poisoned Stab","PiercingWail"],"picked":"Deadly Poison+1","floor":21.0},{"not_picked":["Expertise","Acrobatics"],"picked":"Well Laid Plans","floor":27}],"player_experience":1038580,"relics_obtained":[{"floor":6.0,"key":"Darkstone Periapt"},{"floor":9.0,"key":"Ornamental Fan"},{"floor":10.0,"key":"Bag of Marbles"},{"floor":14.0,"key":"Letter Opener"},{"floor":26.0,"key":"Whetstone"},{"floor":27,"key":"Regal Pillow"}],"event_choices":[{"damage_healed":0.0,"max_hp_gain":0.0,"max_hp_loss":0.0,"gold_gain":0.0,"event_name":"Shining Light","player_choice":"Entered Light","floor":4.0,"gold_loss":0.0,"damage_taken":20.0,"cards_upgraded":["Defend_G","Defend_G"]},{"damage_healed":16.0,"max_hp_gain":0.0,"max_hp_loss":0.0,"gold_gain":0.0,"event_name":"The Cleric","player_choice":"Healed","floor":7.0,"gold_loss":35.0,"damage_taken":0.0},{"damage_healed":0.0,"max_hp_gain":0.0,"max_hp_loss":0.0,"gold_gain":0.0,"event_name":"Accursed Blacksmith","player_choice":"Rummage","floor":12.0,"gold_loss":0.0,"damage_taken":0.0,"relics_obtained":["WarpedTongs"],"cards_obtained":["Pain"]},{"damage_healed":0.0,"max_hp_gain":0.0,"max_hp_loss":0.0,"gold_gain":0.0,"event_name":"Cursed Tome","player_choice":"Ignored","floor":22.0,"gold_loss":0.0,"damage_taken":0.0},{"damage_healed":0.0,"max_hp_gain":0.0,"max_hp_loss":0.0,"gold_gain":0.0,"event_name":"Forgotten Altar","player_choice":"Smashed Altar","floor":24.0,"gold_loss":0.0,"damage_taken":0.0,"cards_obtained":["Decay"]},{"damage_healed":0.0,"max_hp_gain":0.0,"max_hp_loss":0.0,"gold_gain":0.0,"cards_transformed":["Strike_G"],"event_name":"Transmorgrifier","player_choice":"Transformed","floor":25.0,"gold_loss":0.0,"damage_taken":0.0,"cards_obtained":["Corpse Explosion"]}],"is_beta":false,"boss_relics":[{"not_picked":["Ectoplasm","White Beast Statue"],"picked":"Ring of the Serpent"}],"items_purged_floors":[5,20],"is_endless":false,"potions_floor_spawned":[3,8,14,16,21],"killed_by":"Shelled Parasite and Fungi","ascension_level":20}