{"gold_per_floor":[115,115,127,13,29,29,63,77,77,95,95,41,41,59,59,164,164,179,199,109,128,140,140],"floor_reached":23,"playtime":1084,"items_purged":[],"score":234,"play_id":"2a493dc7-a994-4211-b0b3-92d2f1fccac6","local_time":"20190706214429","is_ascension_mode":true,"campfire_choices":[{"data":"Backstab","floor":6,"key":"SMITH"},{"data":"Footwork","floor":11,"key":"SMITH"},{"floor":13,"key":"REST"},{"data":"Dagger Spray","floor":15,"key":"SMITH"}],"neow_cost":"NONE","seed_source_timestamp":438016458549200,"circlet_count":0,"master_deck":["Strike_G","Strike_G","Strike_G","Strike_G","Strike_G","Defend_G","Defend_G","Defend_G","Defend_G","Defend_G","Survivor","Neutralize+1","Poisoned Stab","Blur","Acrobatics","Backstab+1","Footwork+1","Bane","Dagger Spray+1","Dagger Throw+1","Sucker Punch","Blade Dance","Envenom","Cloak And Dagger+1","Dash","Blade Dance+1","PiercingWail"],"relics":["Ring of the Serpent","Bronze Scales","Dodecahedron"],"potions_floor_usage":[10,16,21],"damage_taken":[{"damage":1,"enemies":"2 Louse","floor":1,"turns":2},{"damage":1,"enemies":"Cultist","floor":3,"turns":4},{"damage":0,"enemies":"Small Slimes","floor":5,"turns":3},{"damage":21,"enemies":"Lagavulin","floor":7,"turns":8},{"damage":3,"enemies":"Exordium Thugs","floor":8,"turns":3},{"damage":7,"enemies":"Large Slime","floor":10,"turns":6},{"damage":1,"enemies":"Blue Slaver","floor":14,"turns":2},{"damage":55,"enemies":"Slime Boss","floor":16,"turns":10},{"damage":6,"enemies":"Spheric Guardian","floor":18,"turns":3},{"damage":10,"enemies":"Shell Parasite","floor":19,"turns":5},{"damage":25,"enemies":"Snecko","floor":21,"turns":6},{"damage":28,"enemies":"Shelled Parasite and Fungi","floor":22,"turns":8},{"damage":13,"enemies":"Slavers","floor":23,"turns":1}],"seed_played":"379472612485995638","potions_obtained":[{"floor":1,"key":"SteroidPotion"},{"floor":7,"key":"Block Potion"},{"floor":10,"key":"LiquidBronze"},{"floor":14,"key":"PowerPotion"},{"floor":21,"key":"Fire Potion"}],"is_trial":false,"path_per_floor":["M","?","M","$","M","R","E","M","T","M","R","$","R","M","R","B",null,"M","M","?","M","M","E"],"character_chosen":"THE_SILENT","items_purchased":["Backstab","Footwork","Sucker Punch"],"campfire_rested":1,"item_purchase_floors":[4,4,12],"current_hp_per_floor":[69,69,68,68,68,68,47,44,44,37,37,37,58,57,57,2,70,64,54,54,29,1,0],"gold":140,"neow_bonus":"THREE_CARDS","is_prod":false,"is_daily":false,"chose_seed":false,"campfire_upgraded":3,"win_rate":0,"timestamp":1562445869,"path_taken":["M","?","M","$","M","R","E","?","T","M","R","$","R","?","R","BOSS","M","?","?","M","?","E"],"build_version":"2019-07-05","purchased_purges":0,"victory":false,"max_hp_per_floor":[70,70,70,70,70,70,70,70,70,70,70,70,70,70,70,70,70,70,70,70,70,70,70],"card_choices":[{"not_picked":["Calculated Gamble","Outmaneuver"],"picked":"Poisoned Stab","floor":0},{"not_picked":["Bouncing Flask","All Out Attack"],"picked":"Blur","floor":1},{"not_picked":["Outmaneuver","Underhanded Strike"],"picked":"Acrobatics","floor":3},{"not_picked":["Expertise","Slice"],"picked":"Masterful Stab","floor":5},{"not_picked":["Dodge and Roll","Calculated Gamble"],"picked":"Bane","floor":7},{"not_picked":["Storm of Steel","Poisoned Stab"],"picked":"Dagger Spray","floor":8},{"not_picked":["Bane","Blade Dance"],"picked":"Dagger Throw","floor":10},{"not_picked":["Deflect","Leg Sweep"],"picked":"Blade Dance","floor":14},{"not_picked":["Venomology","Die Die Die"],"picked":"Envenom","floor":16},{"not_picked":["Prepared","Eviscerate"],"picked":"Cloak And Dagger+1","floor":18},{"not_picked":["Dagger Spray","Cloak And Dagger"],"picked":"Dash","floor":19},{"not_picked":["Night Terror","Dash+1"],"picked":"Blade Dance+1","floor":21},{"not_picked":["Dagger Throw","Poisoned Stab"],"picked":"PiercingWail","floor":22}],"player_experience":127647,"relics_obtained":[{"floor":7,"key":"Bronze Scales"},{"floor":9,"key":"Dodecahedron"}],"event_choices":[{"damage_healed":0,"gold_gain":0,"player_choice":"Forge","damage_taken":0,"max_hp_gain":0,"max_hp_loss":0,"event_name":"Accursed Blacksmith","floor":2,"gold_loss":0,"cards_upgraded":["Neutralize"]},{"cards_removed":["Masterful Stab"],"damage_healed":0,"gold_gain":0,"player_choice":"Upgrade and Remove","damage_taken":0,"max_hp_gain":0,"max_hp_loss":0,"event_name":"Designer","floor":20,"gold_loss":90,"cards_upgraded":["Dagger Throw"]}],"is_beta":false,"boss_relics":[{"not_picked":["Sozu","Philosopher\u0027s Stone"],"picked":"Ring of the Serpent"}],"items_purged_floors":[],"is_endless":false,"potions_floor_spawned":[1,7,10,14,21],"killed_by":"Slavers","ascension_level":4}