{"gold_per_floor":[109,109,119,131,131,160,160,39,39,51,64,64,95,111,111,216,216,236,236,250,250,250,280,292,304],"floor_reached":25,"playtime":2210,"items_purged":["Strike_B"],"score":282,"play_id":"75300870-4099-403b-b366-8e8130351736","local_time":"20181226115731","is_ascension_mode":true,"campfire_choices":[{"floor":12.0,"key":"REST"},{"data":"Echo Form","floor":15.0,"key":"SMITH"},{"data":"1","floor":24,"key":"LIFT"}],"neow_cost":"NONE","seed_source_timestamp":0,"circlet_count":0,"master_deck":["Strike_B","Strike_B","Strike_B","Defend_B","Defend_B","Defend_B","Defend_B","Zap","Tempest","Conserve Battery","Barrage","Coolheaded","Ball Lightning","Beam Cell","Echo Form+1","Cold Snap","Auto Shields","Seek","Lockon","Streamline","Leap","Conserve Battery+1"],"special_seed":0,"relics":["Cracked Core","Vajra","Girya","Prayer Wheel","The Courier","Runic Dome","MawBank"],"potions_floor_usage":[23],"damage_taken":[{"damage":13.0,"enemies":"Small Slimes","floor":1.0,"turns":3.0},{"damage":0.0,"enemies":"Cultist","floor":3.0,"turns":3.0},{"damage":0.0,"enemies":"Jaw Worm","floor":4.0,"turns":3.0},{"damage":28.0,"enemies":"Lagavulin","floor":6.0,"turns":6.0},{"damage":7.0,"enemies":"3 Louse","floor":10.0,"turns":3.0},{"damage":3.0,"enemies":"Looter","floor":11.0,"turns":3.0},{"damage":0.0,"enemies":"Gremlin Nob","floor":13.0,"turns":3.0},{"damage":0.0,"enemies":"Large Slime","floor":14.0,"turns":3.0},{"damage":15.0,"enemies":"The Guardian","floor":16.0,"turns":10.0},{"damage":10,"enemies":"Spheric Guardian","floor":18,"turns":4},{"damage":7,"enemies":"Chosen","floor":20,"turns":4},{"damage":34,"enemies":"Book of Stabbing","floor":23,"turns":7},{"damage":65,"enemies":"Slavers","floor":25,"turns":4}],"seed_played":"-4726244805219155705","potions_obtained":[{"floor":3.0,"key":"FearPotion"},{"floor":11.0,"key":"Regen Potion"}],"is_trial":false,"path_per_floor":["M","?","M","M","?","E","?","$","T","M","M","R","E","M","R","B",null,"M","?","M","?","?","E","R","E"],"character_chosen":"DEFECT","items_purchased":["Ball Lightning"],"campfire_rested":1,"item_purchase_floors":[8],"current_hp_per_floor":[62,62,62,62,67,39,39,39,39,32,29,53,53,53,53,38,80,70,55,48,76,76,57,57,0],"gold":304,"neow_bonus":"RANDOM_COMMON_RELIC","is_prod":false,"is_daily":false,"chose_seed":false,"campfire_upgraded":1,"win_rate":0,"timestamp":1545854251,"path_taken":["M","?","M","?","?","E","?","$","T","M","M","R","E","M","R","BOSS","M","?","M","?","?","E","R","E"],"build_version":"2018-12-20","purchased_purges":1,"victory":false,"max_hp_per_floor":[75,75,75,75,80,80,80,80,80,80,80,80,80,80,80,80,80,80,85,85,85,85,85,85,85],"card_choices":[{"not_picked":["Rebound","Hologram"],"picked":"Tempest","floor":1.0},{"not_picked":["FTL","Heatsinks"],"picked":"Conserve Battery","floor":3.0},{"not_picked":["Hologram","Beam Cell"],"picked":"Barrage","floor":4.0},{"not_picked":["BootSequence","Stack"],"picked":"Coolheaded","floor":6.0},{"not_picked":["Hello World","Leap"],"picked":"Beam Cell","floor":10.0},{"not_picked":["Turbo","Recycle"],"picked":"Echo Form","floor":10.0},{"not_picked":["Recycle","Hologram"],"picked":"Cold Snap","floor":11.0},{"not_picked":["Compile Driver","Leap"],"picked":"Auto Shields","floor":11.0},{"not_picked":["Melter","Hologram"],"picked":"Seek","floor":13.0},{"not_picked":["Chill","Compile Driver"],"picked":"Lockon","floor":14.0},{"not_picked":["Sweeping Beam","Stack","Hologram"],"picked":"SKIP","floor":14.0},{"not_picked":["Cold Snap","Tempest"],"picked":"Streamline","floor":18},{"not_picked":["Steam+1","Sunder+1"],"picked":"Leap","floor":18},{"not_picked":["Glacier","Stack"],"picked":"Conserve Battery+1","floor":20},{"not_picked":["Conserve Battery","Melter","Hologram"],"picked":"SKIP","floor":20},{"not_picked":["Turbo","Multi-Cast","Beam Cell"],"picked":"SKIP","floor":23}],"player_experience":229083,"relics_obtained":[{"floor":6.0,"key":"Girya"},{"floor":9.0,"key":"Prayer Wheel"},{"floor":13.0,"key":"The Courier"},{"floor":23,"key":"MawBank"}],"event_choices":[{"cards_removed":["Dualcast"],"damage_healed":0.0,"max_hp_gain":0.0,"max_hp_loss":0.0,"gold_gain":0.0,"event_name":"Purifier","player_choice":"Purged","floor":2.0,"gold_loss":0.0,"damage_taken":0.0},{"damage_healed":0.0,"max_hp_gain":5.0,"max_hp_loss":0.0,"gold_gain":0.0,"event_name":"Big Fish","player_choice":"Donut","floor":5.0,"gold_loss":0.0,"damage_taken":0.0},{"damage_healed":0.0,"max_hp_gain":0.0,"max_hp_loss":0.0,"gold_gain":0.0,"event_name":"Shining Light","player_choice":"Ignored","floor":7.0,"gold_loss":0.0,"damage_taken":0.0},{"damage_healed":0,"gold_gain":0,"player_choice":"Shed Blood","damage_taken":20,"max_hp_gain":5,"max_hp_loss":0,"event_name":"Forgotten Altar","floor":19,"gold_loss":0},{"damage_healed":28,"gold_gain":0,"player_choice":"Heal","damage_taken":0,"max_hp_gain":0,"max_hp_loss":0,"event_name":"The Library","floor":21,"gold_loss":0},{"damage_healed":0,"gold_gain":0,"player_choice":"Ignored","damage_taken":0,"max_hp_gain":0,"max_hp_loss":0,"event_name":"Ghosts","floor":22,"gold_loss":0}],"is_beta":false,"boss_relics":[{"not_picked":["Empty Cage","Astrolabe"],"picked":"Runic Dome"}],"items_purged_floors":[8],"is_endless":false,"potions_floor_spawned":[3,11],"killed_by":"Slavers","ascension_level":2}