{"gold_per_floor":[119,119,138,138,88,88,113,113,194,223,249,96,96,44,44,147,147,161,177,188,208,218,218,243,243,243,243,243,262,262,172,172,275,325,341,356,29,48,68,95,0,0,50,85,101,101,101,156,156,156],"floor_reached":51,"playtime":5463,"items_purged":["Strike_R","Strike_R+1"],"score":802,"play_id":"6daf7c83-f496-4a28-8545-4c531deb5c00","local_time":"20181114191120","is_ascension_mode":true,"campfire_choices":[{"data":"Bash","floor":6.0,"key":"SMITH"},{"data":"Limit Break","floor":8.0,"key":"SMITH"},{"floor":13.0,"key":"REST"},{"floor":15.0,"key":"REST"},{"data":"Armaments","floor":23.0,"key":"SMITH"},{"floor":25,"key":"REST"},{"data":"Heavy Blade","floor":27,"key":"SMITH"},{"floor":32,"key":"REST"},{"floor":42,"key":"REST"},{"floor":49,"key":"REST"}],"neow_cost":"NONE","seed_source_timestamp":0,"circlet_count":0,"master_deck":["Strike_R+1","Defend_R+1","Defend_R+1","Defend_R+1","Defend_R+1","Bash+1","Battle Trance","Headbutt+1","Limit Break+1","Heavy Blade+1","Clash+1","Flex+1","Bludgeon+1","Iron Wave+1","Metallicize+1","Armaments+1","Shrug It Off","Reaper+1","Spot Weakness","Shockwave","Shockwave","Shrug It Off+1","Madness","Madness"],"special_seed":0,"relics":["Burning Blood","Juzu Bracelet","Bag of Marbles","Gremlin Horn","Mummified Hand","Odd Mushroom","Molten Egg 2","Velvet Choker","Paper Frog","Question Card","Tiny House","Red Skull","Ice Cream","Red Mask","Anchor","Orichalcum","Centennial Puzzle"],"potions_floor_usage":[33,36,40],"damage_taken":[{"damage":4.0,"enemies":"Small Slimes","floor":1.0,"turns":3.0},{"damage":1.0,"enemies":"Cultist","floor":3.0,"turns":4.0},{"damage":17.0,"enemies":"3 Sentries","floor":7.0,"turns":7.0},{"damage":23.0,"enemies":"The Mushroom Lair","floor":10.0,"turns":4.0},{"damage":40.0,"enemies":"Lagavulin","floor":11.0,"turns":6.0},{"damage":62.0,"enemies":"Slime Boss","floor":16.0,"turns":10.0},{"damage":4.0,"enemies":"Shell Parasite","floor":18.0,"turns":2.0},{"damage":17.0,"enemies":"2 Thieves","floor":19.0,"turns":3.0},{"damage":3.0,"enemies":"Snecko","floor":20.0,"turns":3.0},{"damage":0.0,"enemies":"Snake Plant","floor":21.0,"turns":1.0},{"damage":19.0,"enemies":"Chosen and Byrds","floor":22.0,"turns":5.0},{"damage":35,"enemies":"Gremlin Leader","floor":24,"turns":5},{"damage":5,"enemies":"Cultist and Chosen","floor":29,"turns":3},{"damage":35,"enemies":"Champ","floor":33,"turns":9},{"damage":0,"enemies":"Orb Walker","floor":35,"turns":1},{"damage":54,"enemies":"3 Darklings","floor":36,"turns":5},{"damage":16,"enemies":"Jaw Worm Horde","floor":38,"turns":4},{"damage":0,"enemies":"Spire Growth","floor":39,"turns":4},{"damage":44,"enemies":"Giant Head","floor":40,"turns":8},{"damage":45,"enemies":"Reptomancer","floor":44,"turns":6},{"damage":16,"enemies":"3 Darklings","floor":45,"turns":6},{"damage":14,"enemies":"Awakened One","floor":50,"turns":9}],"seed_played":"8884196023342540948","potions_obtained":[{"floor":2.0,"key":"SpeedPotion"},{"floor":2.0,"key":"Energy Potion"},{"floor":2.0,"key":"Ancient Potion"},{"floor":3.0,"key":"Strength Potion"},{"floor":18.0,"key":"Fruit Juice"},{"floor":19.0,"key":"Weak Potion"},{"floor":20.0,"key":"Strength Potion"},{"floor":21.0,"key":"Poison Potion"},{"floor":24,"key":"Poison Potion"},{"floor":34,"key":"Ancient Potion"},{"floor":35,"key":"Strength Potion"},{"floor":44,"key":"Fire Potion"}],"is_trial":false,"path_per_floor":["M","?","M","?","?","R","E","R","T","?","E","$","R","$","R","B",null,"M","M","M","M","M","R","E","R","T","R","?","M","?","?","R","B",null,"M","M","$","M","M","E","?","R","T","E","M","?","?","T","R","B",null],"character_chosen":"IRONCLAD","items_purchased":["BloodPotion","Flex","Spot Weakness","Red Skull"],"campfire_rested":6,"item_purchase_floors":[12,14,37,37],"current_hp_per_floor":[80,80,80,73,73,73,62,62,62,45,11,11,35,35,59,11,80,85,74,77,83,70,70,41,66,66,66,50,51,51,51,78,49,95,95,74,74,64,70,38,38,66,66,56,70,70,58,58,86,78],"gold":156,"neow_bonus":"RANDOM_COMMON_RELIC","is_prod":false,"is_daily":false,"chose_seed":false,"campfire_upgraded":4,"win_rate":0,"timestamp":1542251480,"path_taken":["M","?","M","?","?","R","E","R","T","?","E","$","R","$","R","BOSS","M","M","M","M","M","R","E","R","T","R","?","M","?","?","R","BOSS","M","M","$","M","M","E","?","R","T","E","M","?","?","?","R","BOSS"],"build_version":"2018-11-08","purchased_purges":2,"victory":true,"max_hp_per_floor":[80,80,80,80,80,80,80,80,80,80,80,80,80,80,80,80,80,85,85,85,85,85,85,85,85,85,85,90,90,90,90,90,90,95,95,95,95,95,95,95,95,95,95,95,95,95,95,95,95,95],"card_choices":[{"not_picked":["Cleave","Thunderclap"],"picked":"Battle Trance","floor":1.0},{"not_picked":["Flex","Carnage"],"picked":"Headbutt","floor":3.0},{"not_picked":["Blood for Blood","Warcry"],"picked":"Limit Break","floor":7.0},{"not_picked":["Clash","Wild Strike"],"picked":"Heavy Blade","floor":10.0},{"not_picked":["Sever Soul","Wild Strike"],"picked":"Clash","floor":11.0},{"not_picked":["Dark Embrace","Exhume"],"picked":"Bludgeon+1","floor":16.0},{"not_picked":["Fire Breathing","Perfected Strike+1"],"picked":"Rampage+1","floor":18.0},{"not_picked":["Headbutt+1","Fire Breathing","True Grit"],"picked":"SKIP","floor":19.0},{"not_picked":["Sword Boomerang+1","Twin Strike+1"],"picked":"Iron Wave+1","floor":20.0},{"not_picked":["Pommel Strike+1","Wild Strike+1"],"picked":"Metallicize+1","floor":21.0},{"not_picked":["Fiend Fire+1","Dropkick+1"],"picked":"Armaments","floor":22.0},{"not_picked":["Anger+1","Dark Embrace","Dropkick+1"],"picked":"SKIP","floor":24},{"not_picked":["Twin Strike+1","Headbutt+1","Cleave+1"],"picked":"Shrug It Off","floor":29},{"not_picked":["Dark Embrace","Fiend Fire+1","Limit Break"],"picked":"Reaper+1","floor":33},{"not_picked":["Havoc","Clash+1","Clothesline+1","Armaments"],"picked":"SKIP","floor":35},{"not_picked":["Battle Trance+1","Armaments","Twin Strike+1","Shrug It Off"],"picked":"SKIP","floor":36},{"not_picked":["Dark Embrace","Iron Wave+1","True Grit"],"picked":"Shockwave","floor":38},{"not_picked":["Bloodletting","Seeing Red","Clash+1","Havoc+1"],"picked":"SKIP","floor":39},{"not_picked":["Body Slam+1","Clothesline+1","Reaper+1"],"picked":"Shockwave","floor":40},{"not_picked":["Rage","Searing Blow+1","Disarm+1"],"picked":"Shrug It Off+1","floor":44},{"not_picked":["True Grit","Clothesline+1","Rage","Pummel+1"],"picked":"SKIP","floor":45}],"player_experience":203164,"relics_obtained":[{"floor":7.0,"key":"Gremlin Horn"},{"floor":9.0,"key":"Mummified Hand"},{"floor":10.0,"key":"Odd Mushroom"},{"floor":11.0,"key":"Molten Egg 2"},{"floor":24,"key":"Paper Frog"},{"floor":26,"key":"Question Card"},{"floor":40,"key":"Ice Cream"},{"floor":43,"key":"Anchor"},{"floor":44,"key":"Orichalcum"},{"floor":48,"key":"Centennial Puzzle"}],"event_choices":[{"damage_healed":0.0,"max_hp_gain":0.0,"max_hp_loss":0.0,"gold_gain":0.0,"event_name":"Lab","player_choice":"Got Potions","floor":2.0,"gold_loss":0.0,"damage_taken":0.0},{"damage_healed":0.0,"max_hp_gain":0.0,"max_hp_loss":0.0,"gold_gain":0.0,"event_name":"Scrap Ooze","player_choice":"Success","floor":4.0,"gold_loss":0.0,"damage_taken":7.0,"relics_obtained":["Bag of Marbles"]},{"cards_removed":["Strike_R"],"damage_healed":0.0,"max_hp_gain":0.0,"max_hp_loss":0.0,"gold_gain":0.0,"event_name":"The Cleric","player_choice":"Card Removal","floor":5.0,"gold_loss":50.0,"damage_taken":0.0},{"damage_healed":0.0,"max_hp_gain":0.0,"max_hp_loss":0.0,"gold_gain":0.0,"event_name":"Mushrooms","player_choice":"Fought Mushrooms","floor":10.0,"gold_loss":0.0,"damage_taken":0.0},{"damage_healed":0,"gold_gain":0,"player_choice":"Shed Blood","damage_taken":21,"max_hp_gain":5,"max_hp_loss":0,"event_name":"Forgotten Altar","floor":28,"gold_loss":0},{"damage_healed":0,"gold_gain":0,"player_choice":"Simplicity","damage_taken":0,"max_hp_gain":0,"max_hp_loss":0,"event_name":"Back to Basics","floor":30,"gold_loss":0,"cards_upgraded":["Strike_R","Strike_R","Strike_R","Defend_R","Defend_R","Defend_R","Defend_R"]},{"cards_removed":["Strike_R"],"damage_healed":0,"gold_gain":0,"player_choice":"Upgrade and Remove","damage_taken":0,"max_hp_gain":0,"max_hp_loss":0,"event_name":"Designer","floor":31,"gold_loss":90,"cards_upgraded":["Headbutt"]},{"damage_healed":0,"gold_gain":0,"player_choice":"Paid","damage_taken":0,"relics_obtained":["Red Mask"],"max_hp_gain":0,"max_hp_loss":0,"event_name":"Tomb of Lord Red Mask","floor":41,"gold_loss":95},{"cards_removed":["Rampage"],"damage_healed":0,"gold_gain":0,"player_choice":"Removed Attack","damage_taken":0,"max_hp_gain":0,"max_hp_loss":0,"event_name":"Falling","floor":46,"gold_loss":0},{"damage_healed":0,"gold_gain":0,"player_choice":"Embrace Madness","damage_taken":12,"max_hp_gain":0,"max_hp_loss":0,"event_name":"Winding Halls","floor":47,"gold_loss":0,"cards_obtained":["Madness","Madness"]}],"is_beta":false,"boss_relics":[{"not_picked":["Mark of Pain","White Beast Statue"],"picked":"Velvet Choker"},{"not_picked":["Fusion Hammer","Coffee Dripper"],"picked":"Tiny House"}],"items_purged_floors":[12,37],"is_endless":false,"potions_floor_spawned":[3,18,19,20,21,24,35,44],"ascension_level":2}