{"gold_per_floor":[112,187,199,126,136,136,111,111,111,111,111,123,135,135,135,238,238,258,183,63,63,79,79,79],"floor_reached":24,"playtime":7827,"items_purged":["Normality"],"score":184,"play_id":"6bec02ce-f544-47dc-875e-2e7c1e849cc3","local_time":"20190528214334","is_ascension_mode":false,"campfire_choices":[{"data":"Heatsinks","floor":6,"key":"SMITH"},{"data":"Sweeping Beam","floor":8,"key":"SMITH"},{"data":"Lockon","floor":11,"key":"SMITH"},{"floor":15,"key":"REST"},{"floor":23,"key":"REST"}],"neow_cost":"NONE","seed_source_timestamp":987470506532500,"circlet_count":0,"master_deck":["Strike_B","Strike_B","Strike_B","Strike_B","Defend_B","Defend_B","Defend_B","Defend_B","Zap","Dualcast","Conserve Battery","Coolheaded","Lockon+1","Heatsinks+1","Sweeping Beam+1","Chaos","Rip and Tear","Multi-Cast","Parasite","Compile Driver","Redo","RitualDagger","Melter+1","Consume"],"relics":["Cracked Core","Bird Faced Urn","Calling Bell","Dream Catcher","Gremlin Horn","Calipers"],"potions_floor_usage":[24,24],"damage_taken":[{"damage":6,"enemies":"Jaw Worm","floor":1,"turns":4},{"damage":3,"enemies":"Cultist","floor":3,"turns":4},{"damage":8,"enemies":"Small Slimes","floor":5,"turns":3},{"damage":16,"enemies":"Red Slaver","floor":12,"turns":3},{"damage":12,"enemies":"Blue Slaver","floor":13,"turns":2},{"damage":51,"enemies":"Hexaghost","floor":16,"turns":10},{"damage":45,"enemies":"2 Thieves","floor":18,"turns":5},{"damage":32,"enemies":"Spheric Guardian","floor":22,"turns":6},{"damage":38,"enemies":"Book of Stabbing","floor":24,"turns":4}],"seed_played":"2302045525565714264","potions_obtained":[{"floor":5,"key":"LiquidBronze"},{"floor":10,"key":"EntropicBrew"},{"floor":10,"key":"Weak Potion"},{"floor":12,"key":"FairyPotion"},{"floor":16,"key":"SpeedPotion"}],"is_trial":false,"path_per_floor":["M","?","M","$","M","R","$","R","T","?","R","M","M","$","R","B",null,"M","?","$","?","M","R","E"],"character_chosen":"DEFECT","items_purchased":["Lockon","Sweeping Beam","Redo"],"campfire_rested":2,"item_purchase_floors":[4,7,20],"current_hp_per_floor":[76,68,65,65,57,57,57,57,57,57,57,43,31,31,55,6,82,39,39,39,33,1,25,0],"gold":79,"neow_bonus":"TEN_PERCENT_HP_BONUS","is_prod":false,"is_daily":false,"chose_seed":false,"campfire_upgraded":3,"win_rate":0.0,"timestamp":1559076214,"path_taken":["M","?","M","$","M","R","?","R","T","?","R","?","M","$","R","BOSS","M","?","$","?","M","R","E"],"build_version":"2019-01-23","purchased_purges":1,"victory":false,"max_hp_per_floor":[82,82,82,82,82,82,82,82,82,82,82,82,82,82,82,82,82,82,82,82,82,82,82,82],"card_choices":[{"not_picked":["Aggregate","Compile Driver"],"picked":"Conserve Battery","floor":1},{"not_picked":["Redo","Conserve Battery"],"picked":"Coolheaded","floor":3},{"not_picked":["Compile Driver","Capacitor"],"picked":"Heatsinks","floor":5},{"not_picked":["Steam","Beam Cell"],"picked":"Chaos","floor":12},{"not_picked":["Coolheaded","Hologram"],"picked":"Rip and Tear","floor":13},{"not_picked":["Machine Learning","Electrodynamics"],"picked":"Multi-Cast","floor":16},{"not_picked":["Gash","Barrage"],"picked":"Compile Driver","floor":18},{"not_picked":["Reinforced Body+1","Darkness+1"],"picked":"Melter+1","floor":22},{"not_picked":["Sweeping Beam+1","Redo"],"picked":"Consume","floor":23}],"player_experience":8484,"relics_obtained":[{"floor":9,"key":"Bird Faced Urn"},{"floor":17,"key":"Dream Catcher"},{"floor":17,"key":"Gremlin Horn"},{"floor":17,"key":"Calipers"}],"event_choices":[{"damage_healed":0,"gold_gain":75,"player_choice":"Touch","damage_taken":8,"max_hp_gain":0,"max_hp_loss":0,"event_name":"FaceTrader","floor":2,"gold_loss":0},{"damage_healed":0,"gold_gain":0,"player_choice":"Got Potions","damage_taken":0,"max_hp_gain":0,"max_hp_loss":0,"event_name":"Lab","floor":10,"gold_loss":0},{"cards_removed":["Decay"],"damage_healed":0,"gold_gain":0,"player_choice":"Gave Gold","damage_taken":0,"max_hp_gain":0,"max_hp_loss":0,"event_name":"Beggar","floor":19,"gold_loss":75},{"damage_healed":0,"gold_gain":0,"player_choice":"Joined the Cult","damage_taken":6,"max_hp_gain":0,"max_hp_loss":0,"event_name":"Nest","floor":21,"gold_loss":0,"cards_obtained":["RitualDagger"]}],"is_beta":false,"boss_relics":[{"not_picked":["Black Star","Busted Crown"],"picked":"Calling Bell"}],"items_purged_floors":[20],"is_endless":false,"potions_floor_spawned":[5,12,16],"killed_by":"Book of Stabbing","ascension_level":0}