{"gold_per_floor":[116,116,216,236,250,250,250,275,275,290,302,98,98,63,63,164,164,154,169,17,17,17,17,37,51,75,88,101,101,117,117,117,218,218,231,246,171,171,171,171,200,200,200,3,13,13,44,62,62,62],"floor_reached":50,"playtime":5045,"items_purged":["Decay","Blizzard"],"score":492,"play_id":"9bc386c0-31c5-40f6-9b4e-b2b8d96889e3","local_time":"20190601222638","is_ascension_mode":false,"campfire_choices":[{"data":"Coolheaded","floor":6.0,"key":"SMITH"},{"data":"Redo","floor":13.0,"key":"SMITH"},{"data":"Darkness","floor":15.0,"key":"SMITH"},{"data":"Loop","floor":23.0,"key":"SMITH"},{"floor":29.0,"key":"REST"},{"floor":32.0,"key":"REST"},{"data":"Defragment","floor":40,"key":"SMITH"},{"data":"Seek","floor":42,"key":"SMITH"},{"data":"Electrodynamics","floor":46,"key":"SMITH"},{"floor":49,"key":"REST"}],"neow_cost":"NONE","seed_source_timestamp":0,"circlet_count":0,"master_deck":["Strike_B","Strike_B","Strike_B","Strike_B","Defend_B","Defend_B","Defend_B","Defend_B","Zap+1","Dualcast","Darkness+1","Coolheaded+1","Self Repair","Barrage","Redo+1","Coolheaded","Electrodynamics+1","Cold Snap+1","Loop+1","Force Field","BootSequence+1","Defragment+1","Ball Lightning+1","Loop+1","Electrodynamics","Seek+1","Leap+1","Turbo+1","Mayhem","Decay","Tempest","Storm+1","Hologram+1"],"special_seed":0,"relics":["Lizard Tail","Potion Belt","Mango","Happy Flower","Velvet Choker","Bag of Marbles","Inserter","Dodecahedron","Bottled Lightning","Molten Egg 2"],"potions_floor_usage":[41,45,47,48,50],"damage_taken":[{"damage":1.0,"enemies":"Jaw Worm","floor":1.0,"turns":5.0},{"damage":4.0,"enemies":"Cultist","floor":4.0,"turns":4.0},{"damage":0.0,"enemies":"2 Louse","floor":5.0,"turns":3.0},{"damage":4.0,"enemies":"Exordium Wildlife","floor":10.0,"turns":5.0},{"damage":17.0,"enemies":"Blue Slaver","floor":11.0,"turns":5.0},{"damage":15.0,"enemies":"Slime Boss","floor":16.0,"turns":8.0},{"damage":33.0,"enemies":"2 Thieves","floor":18.0,"turns":4.0},{"damage":11.0,"enemies":"Shell Parasite","floor":19.0,"turns":4.0},{"damage":13.0,"enemies":"Snake Plant","floor":24.0,"turns":4.0},{"damage":9.0,"enemies":"Centurion and Healer","floor":25.0,"turns":3.0},{"damage":0.0,"enemies":"Snecko","floor":27.0,"turns":6.0},{"damage":21.0,"enemies":"Shelled Parasite and Fungi","floor":28.0,"turns":4.0},{"damage":13.0,"enemies":"Snake Plant","floor":30.0,"turns":5.0},{"damage":56.0,"enemies":"Automaton","floor":33.0,"turns":10.0},{"damage":11.0,"enemies":"3 Shapes","floor":35.0,"turns":3.0},{"damage":11,"enemies":"3 Darklings","floor":36,"turns":3},{"damage":3,"enemies":"Nemesis","floor":41,"turns":8},{"damage":6,"enemies":"Sphere and 2 Shapes","floor":45,"turns":5},{"damage":96,"enemies":"Reptomancer","floor":47,"turns":6},{"damage":9,"enemies":"Transient","floor":48,"turns":5},{"damage":64,"enemies":"Awakened One","floor":50,"turns":8}],"seed_played":"-1532864475117021931","potions_obtained":[{"floor":1.0,"key":"Swift Potion"},{"floor":4.0,"key":"Explosive Potion"},{"floor":10.0,"key":"Block Potion"},{"floor":18.0,"key":"Explosive Potion"},{"floor":28.0,"key":"AttackPotion"},{"floor":30.0,"key":"Block Potion"},{"floor":33.0,"key":"SkillPotion"},{"floor":36,"key":"FearPotion"},{"floor":47,"key":"Energy Potion"}],"is_trial":false,"path_per_floor":["M","?","?","M","M","R","?","T","T","M","M","$","R","?","R","B",null,"M","M","$","?","?","R","M","M","T","M","M","R","M","?","R","B",null,"M","M","$","?","?","R","E","R","T","$","M","R","E","M","R","B"],"character_chosen":"DEFECT","items_purchased":["Coolheaded","Happy Flower","Loop","Block Potion","Turbo","Fire Potion","Block Potion"],"campfire_rested":3,"item_purchase_floors":[12,12,20,20,20,44,44],"current_hp_per_floor":[74,74,74,70,70,70,70,70,84,87,77,77,77,89,89,81,89,63,59,59,59,59,59,53,44,44,44,30,56,50,50,76,27,89,78,67,67,62,62,62,66,66,66,66,67,67,39,37,63,0],"gold":62,"neow_bonus":"BOSS_RELIC","is_prod":false,"is_daily":false,"chose_seed":false,"campfire_upgraded":7,"win_rate":0.0,"timestamp":1559424398,"path_taken":["M","?","?","M","?","R","?","?","T","M","M","?","R","?","R","BOSS","M","M","$","?","?","R","M","M","T","M","M","R","M","?","R","BOSS","M","M","$","?","?","R","E","R","T","$","?","R","E","M","R","BOSS"],"build_version":"2019-01-23","purchased_purges":2,"victory":false,"max_hp_per_floor":[75,75,75,75,75,75,75,75,89,89,89,89,89,89,89,89,89,89,89,89,89,89,89,89,89,89,89,89,89,89,89,89,89,89,89,89,89,89,89,89,89,89,89,89,89,89,89,89,89,89],"card_choices":[{"not_picked":["Melter","Steam"],"picked":"Darkness","floor":1.0},{"not_picked":["Consume","Go for the Eyes"],"picked":"Coolheaded","floor":4.0},{"not_picked":["Barrage","Go for the Eyes"],"picked":"Self Repair","floor":5.0},{"not_picked":["Leap","All For One"],"picked":"Barrage","floor":10.0},{"not_picked":["Go for the Eyes","Beam Cell"],"picked":"Redo","floor":11.0},{"not_picked":["Meteor Strike","Machine Learning"],"picked":"Electrodynamics","floor":16.0},{"not_picked":["Melter","Compile Driver+1"],"picked":"Cold Snap+1","floor":18.0},{"not_picked":["Undo","Leap"],"picked":"Double Energy","floor":19.0},{"not_picked":["Genetic Algorithm+1","Hologram"],"picked":"BootSequence+1","floor":24.0},{"not_picked":["Melter","Compile Driver"],"picked":"Defragment","floor":25.0},{"not_picked":["Redo","Beam Cell+1"],"picked":"Ball Lightning+1","floor":27.0},{"not_picked":["Ball Lightning","Rebound"],"picked":"Loop+1","floor":28.0},{"not_picked":["Heatsinks","Barrage"],"picked":"Electrodynamics","floor":30.0},{"not_picked":["Fission","Machine Learning"],"picked":"Seek","floor":33.0},{"not_picked":["Stack","Steam"],"picked":"Leap+1","floor":35},{"not_picked":["Ball Lightning","Storm"],"picked":"Turbo+1","floor":36},{"not_picked":["Sadistic Nature","Blind"],"picked":"Mayhem","floor":38},{"not_picked":["Gash","Force Field","Barrage"],"picked":"SKIP","floor":41},{"not_picked":["Loop","Auto Shields+1"],"picked":"Tempest","floor":45},{"not_picked":["Leap","Sweeping Beam"],"picked":"Storm+1","floor":47},{"not_picked":["Conserve Battery","Skim"],"picked":"Hologram+1","floor":48}],"player_experience":24962,"relics_obtained":[{"floor":8.0,"key":"Potion Belt"},{"floor":9.0,"key":"Mango"},{"floor":26.0,"key":"Bag of Marbles"},{"floor":41,"key":"Dodecahedron"},{"floor":43,"key":"Bottled Lightning"},{"floor":47,"key":"Molten Egg 2"}],"event_choices":[{"damage_healed":0.0,"max_hp_gain":0.0,"max_hp_loss":0.0,"gold_gain":0.0,"event_name":"Living Wall","player_choice":"Grow","floor":2.0,"gold_loss":0.0,"damage_taken":0.0,"cards_upgraded":["Zap"]},{"damage_healed":0.0,"max_hp_gain":0.0,"max_hp_loss":0.0,"gold_gain":100.0,"event_name":"Golden Shrine","player_choice":"Pray","floor":3.0,"gold_loss":0.0,"damage_taken":0.0},{"damage_healed":0.0,"max_hp_gain":0.0,"max_hp_loss":0.0,"gold_gain":0.0,"event_name":"Golden Wing","player_choice":"Ignored","floor":7.0,"gold_loss":0.0,"damage_taken":0.0},{"damage_healed":22.0,"max_hp_gain":0.0,"max_hp_loss":0.0,"gold_gain":0.0,"event_name":"The Cleric","player_choice":"Healed","floor":14.0,"gold_loss":35.0,"damage_taken":0.0},{"damage_healed":0.0,"max_hp_gain":0.0,"max_hp_loss":0.0,"gold_gain":0.0,"cards_transformed":["Turbo","Double Energy"],"event_name":"Drug Dealer","player_choice":"Became Test Subject","floor":21.0,"gold_loss":0.0,"damage_taken":0.0,"cards_obtained":["Blizzard","Force Field"]},{"damage_healed":0.0,"max_hp_gain":0.0,"max_hp_loss":0.0,"gold_gain":0.0,"event_name":"Vampires","player_choice":"Ignored","floor":22.0,"gold_loss":0.0,"damage_taken":0.0},{"damage_healed":0.0,"max_hp_gain":0.0,"max_hp_loss":0.0,"gold_gain":0.0,"event_name":"Forgotten Altar","player_choice":"Smashed Altar","floor":31.0,"gold_loss":0.0,"damage_taken":0.0,"cards_obtained":["Decay"]},{"damage_healed":0,"gold_gain":0,"player_choice":"Memory 2","damage_taken":5,"max_hp_gain":0,"max_hp_loss":0,"event_name":"SensoryStone","floor":38,"gold_loss":0},{"damage_healed":0,"gold_gain":0,"player_choice":"Cursed","damage_taken":0,"max_hp_gain":0,"max_hp_loss":0,"event_name":"Wheel of Change","floor":39,"gold_loss":0,"cards_obtained":["Decay"]}],"is_beta":false,"boss_relics":[{"not_picked":["Calling Bell","Ectoplasm"],"picked":"Velvet Choker"},{"not_picked":["Astrolabe","Nuclear Battery"],"picked":"Inserter"}],"items_purged_floors":[37,44],"is_endless":false,"potions_floor_spawned":[1,4,10,18,28,30,33,36,47],"killed_by":"Awakened One","ascension_level":0}