{"gold_per_floor":[109,127,142,217,230,230,67,67,67,87,121,139,139],"floor_reached":13,"playtime":1001,"items_purged":["Strike_B"],"score":104,"play_id":"29b39f34-ea8f-445a-9ec2-9fe3ef3bb6a6","local_time":"20190127122936","is_ascension_mode":true,"campfire_choices":[{"floor":6,"key":"REST"},{"data":"Barrage","floor":8,"key":"SMITH"}],"neow_cost":"NONE","seed_source_timestamp":990231298995905,"circlet_count":0,"master_deck":["Strike_B","Strike_B","Strike_B","Defend_B","Defend_B","Defend_B","Defend_B","Zap","Dualcast","Echo Form","Barrage+1","Rip and Tear","Gash","Redo","Reprogram","Coolheaded","Beam Cell","Darkness","Cold Snap","Barrage"],"relics":["Cracked Core","Prayer Wheel"],"potions_floor_usage":[13],"damage_taken":[{"damage":0,"enemies":"Small Slimes","floor":1,"turns":3},{"damage":1,"enemies":"Cultist","floor":2,"turns":3},{"damage":3,"enemies":"2 Louse","floor":3,"turns":2},{"damage":26,"enemies":"Exordium Thugs","floor":5,"turns":5},{"damage":13,"enemies":"2 Fungi Beasts","floor":10,"turns":3},{"damage":27,"enemies":"Gremlin Nob","floor":11,"turns":4},{"damage":5,"enemies":"Looter","floor":12,"turns":3},{"damage":19,"enemies":"Exordium Wildlife","floor":13,"turns":2}],"seed_played":"1548719451768787675","potions_obtained":[{"floor":2,"key":"Swift Potion"},{"floor":11,"key":"EssenceOfSteel"}],"is_trial":false,"path_per_floor":["M","M","M","?","M","R","$","R","T","M","E","M","M"],"character_chosen":"DEFECT","items_purchased":["Reprogram","Coolheaded"],"campfire_rested":1,"item_purchase_floors":[7,7],"current_hp_per_floor":[75,74,71,64,38,60,60,60,60,47,20,15,0],"gold":139,"neow_bonus":"ONE_RANDOM_RARE_CARD","is_prod":false,"is_daily":false,"chose_seed":false,"campfire_upgraded":1,"win_rate":0,"timestamp":1548620976,"path_taken":["M","M","M","?","M","R","$","R","T","M","E","M","?"],"build_version":"2019-01-23","purchased_purges":1,"victory":false,"max_hp_per_floor":[75,75,75,75,75,75,75,75,75,75,75,75,75],"card_choices":[{"not_picked":["Go for the Eyes","Double Energy"],"picked":"Barrage","floor":1},{"not_picked":["Steam Power","Hologram"],"picked":"Rip and Tear","floor":2},{"not_picked":["Stack","Turbo"],"picked":"Gash","floor":3},{"not_picked":["Sweeping Beam","Go for the Eyes"],"picked":"Redo","floor":5},{"not_picked":["Tempest","Aggregate"],"picked":"Beam Cell","floor":10},{"not_picked":["Go for the Eyes","Streamline"],"picked":"Darkness","floor":11},{"not_picked":["BootSequence","Stack"],"picked":"Cold Snap","floor":12},{"not_picked":["Consume","Cold Snap"],"picked":"Barrage","floor":12}],"player_experience":262881,"relics_obtained":[{"floor":11,"key":"Prayer Wheel"}],"event_choices":[{"damage_healed":0,"gold_gain":75,"player_choice":"Touch","damage_taken":7,"max_hp_gain":0,"max_hp_loss":0,"event_name":"FaceTrader","floor":4,"gold_loss":0}],"is_beta":false,"boss_relics":[],"items_purged_floors":[7],"is_endless":false,"potions_floor_spawned":[2,11],"killed_by":"Exordium Wildlife","ascension_level":4}