{"gold_per_floor":[114,114,127,145,145,177,191,191,218,293,293,313,313,376,376,472,472,486,486,486,23,37,70,70,70,70,87,100,100,100,100,100,198,198,211,226,276,289,53,70,70,70,70,84,118,118,130,140,140,140],"floor_reached":50,"playtime":3042,"items_purged":[],"score":747,"play_id":"17ff1b64-0e7e-475c-8eee-5a5aad6e29eb","local_time":"20190716022859","is_ascension_mode":true,"campfire_choices":[{"floor":8.0,"key":"REST"},{"floor":11.0,"key":"REST"},{"data":"Backstab","floor":15.0,"key":"SMITH"},{"data":"Finisher","floor":25,"key":"SMITH"},{"data":"Bullet Time","floor":30,"key":"SMITH"},{"data":"Riddle With Holes","floor":32,"key":"SMITH"},{"data":"1","floor":42,"key":"LIFT"},{"data":"2","floor":46,"key":"LIFT"},{"data":"3","floor":49,"key":"LIFT"}],"neow_cost":"NONE","seed_source_timestamp":1230608314897000,"circlet_count":0,"master_deck":["Strike_G+1","Strike_G+1","Strike_G+1","Strike_G+1","Defend_G+1","Defend_G+1","Defend_G+1","Defend_G+1","Defend_G+1","Survivor","Neutralize","Poisoned Stab+1","Quick Slash+1","Blade Dance","Footwork","Backstab+1","Backstab","Finisher+1","Bullet Time+1","Backflip","Bandage Up","Noxious Fumes","Backstab","Leg Sweep+1","All Out Attack","Riddle With Holes+1","Wraith Form v2+1","Backstab","Prepared","Escape Plan","Well Laid Plans+1","PiercingWail+1","Normality","Footwork+1"],"special_seed":0,"relics":["Ring of the Snake","Potion Belt","Whetstone","Centennial Puzzle","Eternal Feather","Nloth\u0027s Gift","Bottled Flame","Du-Vu Doll","Frozen Egg 2","MutagenicStrength","Cursed Key","Girya","Cauldron","Pear","Art of War"],"potions_floor_usage":[23,23,29,33,37,38,44,44,47,50,50,50,50],"damage_taken":[{"damage":2.0,"enemies":"Jaw Worm","floor":1.0,"turns":6.0},{"damage":0.0,"enemies":"Cultist","floor":3.0,"turns":4.0},{"damage":0.0,"enemies":"2 Louse","floor":4.0,"turns":3.0},{"damage":36.0,"enemies":"Lagavulin","floor":6.0,"turns":7.0},{"damage":1.0,"enemies":"Looter","floor":7.0,"turns":3.0},{"damage":1.0,"enemies":"3 Louse","floor":12.0,"turns":3.0},{"damage":0.0,"enemies":"3 Sentries","floor":14.0,"turns":10.0},{"damage":40.0,"enemies":"Hexaghost","floor":16.0,"turns":9.0},{"damage":5.0,"enemies":"Shell Parasite","floor":18.0,"turns":3.0},{"damage":0.0,"enemies":"Spheric Guardian","floor":22.0,"turns":1.0},{"damage":12,"enemies":"Gremlin Leader","floor":23,"turns":5},{"damage":8,"enemies":"Snake Plant","floor":27,"turns":3},{"damage":2,"enemies":"Snecko","floor":28,"turns":3},{"damage":1,"enemies":"Colosseum Slavers","floor":29,"turns":3},{"damage":73,"enemies":"Automaton","floor":33,"turns":11},{"damage":0,"enemies":"Orb Walker","floor":35,"turns":1},{"damage":10,"enemies":"3 Darklings","floor":36,"turns":7},{"damage":10,"enemies":"2 Orb Walkers","floor":37,"turns":5},{"damage":6,"enemies":"Maw","floor":38,"turns":7},{"damage":4,"enemies":"Sphere and 2 Shapes","floor":40,"turns":4},{"damage":5,"enemies":"3 Darklings","floor":44,"turns":5},{"damage":0,"enemies":"Nemesis","floor":45,"turns":5},{"damage":8,"enemies":"Maw","floor":47,"turns":6},{"damage":13,"enemies":"Spire Growth","floor":48,"turns":3},{"damage":98,"enemies":"Time Eater","floor":50,"turns":13}],"seed_played":"-7586989172390433559","potions_obtained":[{"floor":4.0,"key":"SkillPotion"},{"floor":6.0,"key":"SteroidPotion"},{"floor":7.0,"key":"EssenceOfSteel"},{"floor":18.0,"key":"SteroidPotion"},{"floor":23,"key":"Swift Potion"},{"floor":28,"key":"Energy Potion"},{"floor":37,"key":"FearPotion"},{"floor":39,"key":"Block Potion"},{"floor":39,"key":"Block Potion"},{"floor":39,"key":"Dexterity Potion"},{"floor":39,"key":"Poison Potion"},{"floor":41,"key":"Fire Potion"},{"floor":45,"key":"Fruit Juice"},{"floor":48,"key":"GamblersBrew"}],"is_trial":false,"path_per_floor":["M","?","M","M","?","E","M","R","T","?","R","M","?","?","R","B",null,"M","?","?","$","M","E","?","R","T","M","M","?","R","?","R","B",null,"M","M","?","M","$","M","?","R","T","M","E","R","M","M","R","B"],"character_chosen":"THE_SILENT","items_purchased":["Bandage Up","Bottled Flame","Noxious Fumes","Explosive Potion","Well Laid Plans+1","Cauldron"],"campfire_rested":2,"item_purchase_floors":[21,21,21,21,39,39],"current_hp_per_floor":[61,61,61,61,47,11,10,31,38,27,50,49,49,49,49,9,60,55,55,55,55,55,47,33,45,45,41,43,46,61,61,76,7,60,60,54,48,46,46,46,46,64,74,73,77,87,82,69,87,0],"gold":140,"neow_bonus":"RANDOM_COMMON_RELIC","is_prod":false,"is_daily":false,"chose_seed":false,"campfire_upgraded":4,"win_rate":0,"timestamp":1563240539,"path_taken":["M","?","M","?","?","E","M","R","T","?","R","M","?","?","R","BOSS","M","?","?","$","?","E","?","R","T","?","?","?","R","?","R","BOSS","M","M","?","M","$","M","?","R","T","?","E","R","M","M","R","BOSS"],"build_version":"2019-07-05","purchased_purges":0,"victory":false,"max_hp_per_floor":[70,70,70,70,70,70,70,70,77,77,77,77,77,77,77,77,77,77,77,77,77,77,77,77,77,77,77,77,77,77,77,77,77,77,77,77,77,77,77,77,77,77,87,87,87,87,87,87,87,92],"card_choices":[{"not_picked":["Deflect","Blur"],"picked":"Poisoned Stab","floor":1.0},{"not_picked":["Acrobatics","Dodge and Roll"],"picked":"Quick Slash","floor":3.0},{"not_picked":["Cloak And Dagger","Underhanded Strike"],"picked":"Blade Dance","floor":4.0},{"not_picked":["Distraction","Flying Knee"],"picked":"Footwork","floor":6.0},{"not_picked":["Catalyst","Expertise"],"picked":"Backstab","floor":7.0},{"not_picked":["Backflip","Well Laid Plans"],"picked":"Backstab","floor":12.0},{"not_picked":["Poisoned Stab","Burst"],"picked":"Finisher","floor":14.0},{"not_picked":["Tools of the Trade","After Image"],"picked":"Bullet Time","floor":16.0},{"not_picked":["Dagger Throw","Backstab+1"],"picked":"Backflip","floor":18.0},{"not_picked":["Dagger Spray+1","Bane"],"picked":"Backstab","floor":22.0},{"not_picked":["Dodge and Roll+1","Setup"],"picked":"Leg Sweep+1","floor":23},{"not_picked":["Finisher","Deflect"],"picked":"All Out Attack","floor":27},{"not_picked":["Sucker Punch","Underhanded Strike+1"],"picked":"Riddle With Holes","floor":28},{"not_picked":["Doppelganger","Storm of Steel"],"picked":"Wraith Form v2+1","floor":33},{"not_picked":["Concentrate","Bane"],"picked":"Backstab","floor":35},{"not_picked":["Outmaneuver","Poisoned Stab","Sucker Punch"],"picked":"SKIP","floor":36},{"not_picked":["Dagger Throw+1","Poisoned Stab+1"],"picked":"Prepared","floor":37},{"not_picked":["Bane","Quick Slash"],"picked":"Escape Plan","floor":38},{"not_picked":["Sucker Punch+1","Die Die Die"],"picked":"PiercingWail+1","floor":40},{"not_picked":["Acrobatics","Flechettes","Dodge and Roll"],"picked":"SKIP","floor":44},{"not_picked":["Riddle With Holes","Dagger Spray","Outmaneuver"],"picked":"SKIP","floor":45},{"not_picked":["Cloak And Dagger","Grand Finale"],"picked":"Footwork+1","floor":47},{"not_picked":["Escape Plan","Slice","Skewer+1"],"picked":"SKIP","floor":48}],"player_experience":173277,"relics_obtained":[{"floor":6.0,"key":"Whetstone"},{"floor":9.0,"key":"Strawberry"},{"floor":14.0,"key":"Centennial Puzzle"},{"floor":23,"key":"Du-Vu Doll"},{"floor":26,"key":"Frozen Egg 2"},{"floor":37,"key":"Girya"},{"floor":43,"key":"Pear"},{"floor":45,"key":"Art of War"}],"event_choices":[{"cards_removed":["Strike_G"],"damage_healed":0.0,"max_hp_gain":0.0,"max_hp_loss":0.0,"gold_gain":0.0,"event_name":"Bonfire Elementals","player_choice":"Offered Basic","floor":2.0,"gold_loss":0.0,"damage_taken":0.0},{"damage_healed":0.0,"max_hp_gain":0.0,"max_hp_loss":0.0,"gold_gain":0.0,"event_name":"Shining Light","player_choice":"Entered Light","floor":5.0,"gold_loss":0.0,"damage_taken":14.0,"cards_upgraded":["Defend_G","Defend_G"]},{"damage_healed":0.0,"max_hp_gain":0.0,"max_hp_loss":0.0,"gold_gain":75.0,"event_name":"World of Goop","player_choice":"Gather Gold","floor":10.0,"gold_loss":0.0,"damage_taken":11.0},{"damage_healed":0.0,"max_hp_gain":0.0,"max_hp_loss":0.0,"gold_gain":0.0,"event_name":"Liars Game","player_choice":"Ignored","floor":13.0,"gold_loss":0.0,"damage_taken":0.0},{"damage_healed":0.0,"max_hp_gain":0.0,"max_hp_loss":0.0,"gold_gain":0.0,"event_name":"Dead Adventurer","player_choice":"Searched \u00272\u0027 times","floor":14.0,"gold_loss":0.0,"damage_taken":0.0},{"damage_healed":0.0,"max_hp_gain":0.0,"max_hp_loss":0.0,"gold_gain":0.0,"event_name":"Back to Basics","player_choice":"Simplicity","floor":19.0,"gold_loss":0.0,"damage_taken":0.0,"cards_upgraded":["Strike_G","Strike_G","Strike_G","Strike_G","Defend_G","Defend_G","Defend_G"]},{"damage_healed":0.0,"max_hp_gain":0.0,"max_hp_loss":0.0,"gold_gain":0.0,"event_name":"N\u0027loth","player_choice":"Traded Relic","floor":20.0,"relics_lost":["Strawberry"],"gold_loss":0.0,"damage_taken":0.0,"relics_obtained":["Nloth\u0027s Gift"]},{"damage_healed":0,"gold_gain":0,"player_choice":"POTION ","damage_taken":14,"max_hp_gain":0,"max_hp_loss":0,"event_name":"Knowing Skull","floor":24,"potions_obtained":["Swift Potion"],"gold_loss":0,"cards_obtained":[]},{"damage_healed":0,"gold_gain":0,"player_choice":"Fight","damage_taken":0,"max_hp_gain":0,"max_hp_loss":0,"event_name":"Colosseum","floor":29,"gold_loss":0},{"damage_healed":0,"gold_gain":0,"player_choice":"Fled From Nobs","damage_taken":0,"max_hp_gain":0,"max_hp_loss":0,"event_name":"Colosseum","floor":29,"gold_loss":0},{"damage_healed":0,"gold_gain":0,"player_choice":"Inject Mutagens","damage_taken":0,"relics_obtained":["MutagenicStrength"],"max_hp_gain":0,"max_hp_loss":0,"event_name":"Drug Dealer","floor":31,"gold_loss":0},{"damage_healed":0,"gold_gain":0,"player_choice":"Fight","damage_taken":0,"max_hp_gain":0,"max_hp_loss":0,"event_name":"Mysterious Sphere","floor":37,"gold_loss":0},{"damage_healed":0,"gold_gain":0,"player_choice":"Got Potions","damage_taken":0,"max_hp_gain":0,"max_hp_loss":0,"event_name":"Lab","floor":41,"gold_loss":0}],"is_beta":false,"boss_relics":[{"not_picked":["Pandora\u0027s Box","Black Star"],"picked":"Eternal Feather"},{"not_picked":["Fusion Hammer","Astrolabe"],"picked":"Cursed Key"}],"items_purged_floors":[],"is_endless":false,"potions_floor_spawned":[4,6,7,18,23,28,37,40,45,48],"killed_by":"Time Eater","ascension_level":6}