{"gold_per_floor":[110,110,110,35,52,52,82,95,120,136,136,155,167,342,342,437,437,452,463,463,43,43,43,43,78,78,17,32,32,32,60,60,60],"floor_reached":33,"playtime":2706,"items_purged":["Strike_R","Doubt"],"score":322,"play_id":"8600045b-c660-4c01-90d7-01a6048c3ed3","local_time":"20190602141820","is_ascension_mode":true,"campfire_choices":[{"data":"Battle Trance","floor":6,"key":"SMITH"},{"data":"Feed","floor":11,"key":"SMITH"},{"data":"Anger","floor":15,"key":"SMITH"},{"data":"RitualDagger","floor":23,"key":"SMITH"},{"floor":30,"key":"REST"},{"floor":32,"key":"REST"}],"neow_cost":"NONE","seed_source_timestamp":96674648558200,"circlet_count":0,"master_deck":["Strike_R","Strike_R","Strike_R","Strike_R","Defend_R+1","Defend_R+1","Defend_R","Defend_R","Bash+1","Pommel Strike+1","Battle Trance+1","Feed+1","Dropkick","Anger+1","Clothesline","Shrug It Off","Feed","Shockwave","Disarm","Pommel Strike","Shrug It Off","Inflame","Infernal Blade","Warcry","Corruption","Cleave","RitualDagger+1","Pain","Armaments+1","Inflame","Heavy Blade+1","Iron Wave+1","Exhume"],"relics":["Burning Blood","Strawberry","Centennial Puzzle","Orrery","Shuriken","WarpedTongs","The Courier","Dream Catcher","Pantograph"],"potions_floor_usage":[16,19,25,33],"damage_taken":[{"damage":10,"enemies":"Jaw Worm","floor":1,"turns":5},{"damage":0,"enemies":"2 Louse","floor":5,"turns":2},{"damage":27,"enemies":"Lagavulin","floor":7,"turns":9},{"damage":0,"enemies":"Cultist","floor":8,"turns":3},{"damage":0,"enemies":"3 Louse","floor":10,"turns":3},{"damage":0,"enemies":"Exordium Wildlife","floor":12,"turns":3},{"damage":1,"enemies":"Blue Slaver","floor":13,"turns":3},{"damage":40,"enemies":"The Guardian","floor":16,"turns":13},{"damage":8,"enemies":"Shell Parasite","floor":18,"turns":6},{"damage":39,"enemies":"3 Byrds","floor":19,"turns":6},{"damage":11,"enemies":"Book of Stabbing","floor":25,"turns":6},{"damage":27,"enemies":"Centurion and Healer","floor":28,"turns":5},{"damage":50,"enemies":"Slavers","floor":31,"turns":5},{"damage":130,"enemies":"Automaton","floor":33,"turns":12}],"seed_played":"-8757965382127528810","potions_obtained":[{"floor":8,"key":"LiquidBronze"},{"floor":10,"key":"EssenceOfSteel"},{"floor":16,"key":"FearPotion"},{"floor":31,"key":"LiquidBronze"}],"is_trial":false,"path_per_floor":["M","?","?","$","M","R","E","M","T","M","R","M","M","?","R","B",null,"M","M","?","$","?","R","?","E","T","$","M","$","R","E","R","B"],"character_chosen":"IRONCLAD","items_purchased":["Shuriken","Corruption","Cleave","Inflame"],"campfire_rested":2,"item_purchase_floors":[21,21,21,27],"current_hp_per_floor":[76,60,60,60,66,66,52,58,58,67,67,77,82,82,82,48,94,96,63,95,95,89,89,89,84,84,84,63,63,92,52,82,0],"gold":60,"neow_bonus":"UPGRADE_CARD","is_prod":false,"is_daily":false,"chose_seed":false,"campfire_upgraded":4,"win_rate":0,"timestamp":1559481500,"path_taken":["M","?","?","$","?","R","E","M","T","M","R","M","M","?","R","BOSS","M","M","?","$","?","R","?","E","T","$","?","?","R","E","R","BOSS"],"build_version":"2019-01-23","purchased_purges":2,"victory":false,"max_hp_per_floor":[80,80,80,80,80,80,87,87,87,90,90,94,94,94,94,94,94,98,98,98,98,98,98,98,98,98,98,98,98,98,102,102,102],"card_choices":[{"not_picked":["Wild Strike","Heavy Blade"],"picked":"Pommel Strike","floor":1},{"not_picked":["Perfected Strike","Flex"],"picked":"Battle Trance","floor":5},{"not_picked":["Twin Strike","True Grit"],"picked":"Feed","floor":7},{"not_picked":["Power Through","Reckless Charge"],"picked":"Dropkick","floor":8},{"not_picked":["Blood for Blood","Havoc"],"picked":"Anger","floor":10},{"not_picked":["Power Through","Pummel"],"picked":"Clothesline","floor":12},{"not_picked":["Havoc","Wild Strike"],"picked":"Shrug It Off","floor":13},{"not_picked":["Limit Break","Dark Embrace"],"picked":"Feed","floor":16},{"not_picked":["Clothesline","Shrug It Off"],"picked":"Shockwave","floor":17},{"not_picked":["True Grit","Pommel Strike"],"picked":"Disarm","floor":17},{"not_picked":["Twin Strike","True Grit"],"picked":"Pommel Strike","floor":17},{"not_picked":["Cleave","Body Slam"],"picked":"Shrug It Off","floor":17},{"not_picked":["Reckless Charge","Feed"],"picked":"Inflame","floor":17},{"not_picked":["Rampage","Heavy Blade"],"picked":"Infernal Blade","floor":18},{"not_picked":["Ghostly Armor","Pummel"],"picked":"Warcry","floor":19},{"not_picked":["Warcry","Rupture+1"],"picked":"Armaments+1","floor":25},{"not_picked":["Bloodletting+1","Sever Soul"],"picked":"Heavy Blade+1","floor":28},{"not_picked":["Rampage","Intimidate"],"picked":"Iron Wave+1","floor":30},{"not_picked":["Warcry","Twin Strike"],"picked":"Exhume","floor":31}],"player_experience":63203,"relics_obtained":[{"floor":7,"key":"Strawberry"},{"floor":9,"key":"Centennial Puzzle"},{"floor":25,"key":"The Courier"},{"floor":26,"key":"Dream Catcher"},{"floor":31,"key":"Pantograph"}],"event_choices":[{"damage_healed":0,"gold_gain":0,"player_choice":"Entered Light","damage_taken":16,"max_hp_gain":0,"max_hp_loss":0,"event_name":"Shining Light","floor":2,"gold_loss":0,"cards_upgraded":["Defend_R","Defend_R"]},{"damage_healed":0,"gold_gain":0,"player_choice":"Upgraded","damage_taken":0,"max_hp_gain":0,"max_hp_loss":0,"event_name":"Upgrade Shrine","floor":3,"gold_loss":0,"cards_upgraded":["Pommel Strike"]},{"damage_healed":0,"gold_gain":175,"player_choice":"AGREE","damage_taken":0,"max_hp_gain":0,"max_hp_loss":0,"event_name":"Liars Game","floor":14,"gold_loss":0,"cards_obtained":["Doubt"]},{"damage_healed":32,"gold_gain":0,"player_choice":"Heal","damage_taken":0,"max_hp_gain":0,"max_hp_loss":0,"event_name":"The Library","floor":20,"gold_loss":0},{"damage_healed":0,"gold_gain":0,"player_choice":"Joined the Cult","damage_taken":6,"max_hp_gain":0,"max_hp_loss":0,"event_name":"Nest","floor":22,"gold_loss":0,"cards_obtained":["RitualDagger"]},{"damage_healed":0,"gold_gain":0,"player_choice":"Rummage","damage_taken":0,"relics_obtained":["WarpedTongs"],"max_hp_gain":0,"max_hp_loss":0,"event_name":"Accursed Blacksmith","floor":24,"gold_loss":0,"cards_obtained":["Pain"]}],"is_beta":false,"boss_relics":[{"not_picked":["Coffee Dripper","Busted Crown"],"picked":"Orrery"}],"items_purged_floors":[4,21],"is_endless":false,"potions_floor_spawned":[8,10,16,31],"killed_by":"Automaton","ascension_level":1}