{"gold_per_floor":[110,110,185,285,37,68,68,78,102,102,135,146,180,200,200,302,302,312,312,312,324,326,338],"floor_reached":23,"playtime":759,"items_purged":["Strike_B"],"score":288,"play_id":"6df556fb-9eb1-4a6e-a4e8-8b209d9b995c","local_time":"20190729163203","is_ascension_mode":true,"campfire_choices":[{"data":"Dualcast","floor":7.0,"key":"SMITH"},{"data":"Streamline","floor":10.0,"key":"SMITH"},{"floor":15.0,"key":"REST"}],"neow_cost":"NONE","seed_source_timestamp":953839709715700,"circlet_count":0,"master_deck":["Strike_B","Strike_B","Strike_B","Defend_B","Defend_B","Defend_B","Defend_B","Zap+1","Dualcast+1","Streamline+1","Gash","Ball Lightning","Rebound","Loop","Hologram","Leap","Compile Driver","Hyperbeam","Decay","Parasite","Normality","Leap+1","Consume","Jack Of All Trades","Capacitor"],"special_seed":0,"relics":["Cracked Core","NeowsBlessing","Anchor","Bag of Preparation","Oddly Smooth Stone","The Courier","Vajra","Odd Mushroom","Calling Bell","Omamori","Gremlin Horn","Calipers","MawBank"],"potions_floor_usage":[23],"damage_taken":[{"damage":0.0,"enemies":"2 Louse","floor":1.0,"turns":1.0},{"damage":0.0,"enemies":"Lagavulin","floor":6.0,"turns":1.0},{"damage":0.0,"enemies":"Cultist","floor":8.0,"turns":1.0},{"damage":12.0,"enemies":"3 Sentries","floor":11.0,"turns":5.0},{"damage":0.0,"enemies":"Jaw Worm","floor":12.0,"turns":1.0},{"damage":22.0,"enemies":"Lagavulin","floor":13.0,"turns":5.0},{"damage":0.0,"enemies":"The Mushroom Lair","floor":14.0,"turns":2.0},{"damage":32.0,"enemies":"Slime Boss","floor":16.0,"turns":7.0},{"damage":0.0,"enemies":"Spheric Guardian","floor":18.0,"turns":2.0},{"damage":11,"enemies":"2 Thieves","floor":22,"turns":4},{"damage":53,"enemies":"Book of Stabbing","floor":23,"turns":4}],"seed_played":"8026101392843795495","potions_obtained":[{"floor":8.0,"key":"Fire Potion"},{"floor":12.0,"key":"Poison Potion"},{"floor":14.0,"key":"GamblersBrew"},{"floor":16.0,"key":"Fire Potion"},{"floor":18.0,"key":"Regen Potion"},{"floor":22,"key":"Swift Potion"}],"is_trial":false,"path_per_floor":["M","?","?","?","$","E","R","M","T","R","E","M","E","?","R","B",null,"M","?","?","?","M","E"],"character_chosen":"DEFECT","items_purchased":["Anchor","Gash"],"campfire_rested":1,"item_purchase_floors":[5,5],"current_hp_per_floor":[75,75,64,64,64,64,64,64,64,64,52,52,30,30,52,20,61,61,61,61,47,36,0],"gold":338,"neow_bonus":"THREE_ENEMY_KILL","is_prod":false,"is_daily":false,"chose_seed":false,"campfire_upgraded":2,"win_rate":0,"timestamp":1564414323,"path_taken":["M","?","?","?","$","E","R","M","T","R","E","?","E","?","R","BOSS","M","?","?","?","?","E"],"build_version":"2019-07-17","purchased_purges":1,"victory":false,"max_hp_per_floor":[75,75,75,75,75,75,75,75,75,75,75,75,75,75,75,75,75,75,75,75,75,75,75],"card_choices":[{"not_picked":["Aggregate","Auto Shields"],"picked":"Streamline","floor":1.0},{"not_picked":["Storm","Hologram"],"picked":"Ball Lightning","floor":6.0},{"not_picked":["Blizzard","Streamline"],"picked":"Rebound","floor":8.0},{"not_picked":["Steam Power","Compile Driver"],"picked":"Loop","floor":11.0},{"not_picked":["Steam","Beam Cell"],"picked":"Hologram","floor":12.0},{"not_picked":["Recycle","Ball Lightning"],"picked":"Leap","floor":13.0},{"not_picked":["Melter","Thunder Strike"],"picked":"Compile Driver","floor":14.0},{"not_picked":["Creative AI","Amplify"],"picked":"Hyperbeam","floor":16.0},{"not_picked":["Barrage","Echo Form"],"picked":"Leap+1","floor":18.0},{"not_picked":["Go for the Eyes","Rip and Tear+1"],"picked":"Capacitor","floor":22}],"player_experience":209412,"relics_obtained":[{"floor":6.0,"key":"Bag of Preparation"},{"floor":9.0,"key":"Oddly Smooth Stone"},{"floor":11.0,"key":"The Courier"},{"floor":13.0,"key":"Vajra"},{"floor":14.0,"key":"Odd Mushroom"},{"floor":17.0,"key":"Omamori"},{"floor":17.0,"key":"Gremlin Horn"},{"floor":17.0,"key":"Calipers"}],"event_choices":[{"damage_healed":0.0,"max_hp_gain":0.0,"max_hp_loss":0.0,"gold_gain":0.0,"event_name":"Living Wall","player_choice":"Grow","floor":2.0,"gold_loss":0.0,"damage_taken":0.0,"cards_upgraded":["Zap"]},{"damage_healed":0.0,"max_hp_gain":0.0,"max_hp_loss":0.0,"gold_gain":75.0,"event_name":"World of Goop","player_choice":"Gather Gold","floor":3.0,"gold_loss":0.0,"damage_taken":11.0},{"damage_healed":0.0,"max_hp_gain":0.0,"max_hp_loss":0.0,"gold_gain":100.0,"event_name":"Golden Shrine","player_choice":"Pray","floor":4.0,"gold_loss":0.0,"damage_taken":0.0},{"damage_healed":0.0,"max_hp_gain":0.0,"max_hp_loss":0.0,"gold_gain":0.0,"event_name":"Mushrooms","player_choice":"Fought Mushrooms","floor":14.0,"gold_loss":0.0,"damage_taken":0.0},{"damage_healed":0.0,"max_hp_gain":0.0,"max_hp_loss":0.0,"gold_gain":0.0,"event_name":"The Library","player_choice":"Read","floor":19.0,"gold_loss":0.0,"damage_taken":0.0,"cards_obtained":["Consume"]},{"damage_healed":0.0,"max_hp_gain":0.0,"max_hp_loss":0.0,"gold_gain":0.0,"event_name":"The Mausoleum","player_choice":"Opened","floor":20.0,"gold_loss":0.0,"damage_taken":0.0,"relics_obtained":["MawBank"]},{"damage_healed":0.0,"max_hp_gain":0.0,"max_hp_loss":0.0,"gold_gain":0.0,"event_name":"Knowing Skull","player_choice":"CARD ","floor":21.0,"potions_obtained":[],"gold_loss":0.0,"damage_taken":14.0,"cards_obtained":["Jack Of All Trades"]}],"is_beta":false,"boss_relics":[{"not_picked":["Busted Crown","Velvet Choker"],"picked":"Calling Bell"}],"items_purged_floors":[5],"is_endless":false,"potions_floor_spawned":[8,12,14,16,18,22],"killed_by":"Book of Stabbing","ascension_level":5}