{"gold_per_floor":[109,122,135,135,135,163,177,177,200,212,212,212,246,262,262,363,363,378,378,394,394,156,482,482,407,407,407,468,480,106,117,117,216,216,233,233,333,333,3,3],"floor_reached":40,"playtime":2126,"items_purged":["Survivor"],"score":618,"play_id":"9705979c-6031-4919-9e08-7a46dfb37141","local_time":"20190608143615","is_ascension_mode":true,"campfire_choices":[{"floor":8.0,"key":"REST"},{"data":"Blade Dance","floor":12.0,"key":"SMITH"},{"data":"Footwork","floor":15.0,"key":"SMITH"},{"data":"A Thousand Cuts","floor":24,"key":"SMITH"},{"data":"Neutralize","floor":27,"key":"SMITH"},{"data":"Blade Dance","floor":32,"key":"SMITH"}],"neow_cost":"NONE","seed_source_timestamp":0,"circlet_count":0,"master_deck":["Defend_G+1","Defend_G+1","Defend_G+1","Defend_G+1","Strike_G+1","Strike_G+1","Strike_G+1","Strike_G+1","Neutralize+1","Flechettes+1","Blade Dance+1","Accuracy","Well Laid Plans","Blade Dance+1","Footwork+1","Dodge and Roll","Dagger Spray","PiercingWail","Adrenaline","Backflip","Dash","A Thousand Cuts+1","Noxious Fumes","Acrobatics","Slice+1","Panacea","Blade Dance+1","Choke","Dagger Spray","Wraith Form v2","Blade Dance+1","Leg Sweep","PiercingWail","Finesse","Blade Dance","Calculated Gamble"],"special_seed":0,"relics":["Ring of the Snake","Whetstone","Juzu Bracelet","Vajra","Eternal Feather","MutagenicStrength","Old Coin","Centennial Puzzle","Tiny Chest","Lee\u0027s Waffle","Orrery","Mango","Potion Belt"],"potions_floor_usage":[23,29],"damage_taken":[{"damage":1.0,"enemies":"2 Louse","floor":1.0,"turns":3.0},{"damage":4.0,"enemies":"Jaw Worm","floor":2.0,"turns":3.0},{"damage":0.0,"enemies":"Cultist","floor":3.0,"turns":3.0},{"damage":29.0,"enemies":"3 Sentries","floor":6.0,"turns":9.0},{"damage":23.0,"enemies":"Exordium Thugs","floor":7.0,"turns":5.0},{"damage":11.0,"enemies":"2 Fungi Beasts","floor":10.0,"turns":3.0},{"damage":17.0,"enemies":"Gremlin Nob","floor":13.0,"turns":4.0},{"damage":4.0,"enemies":"Blue Slaver","floor":14.0,"turns":3.0},{"damage":38.0,"enemies":"Slime Boss","floor":16.0,"turns":11.0},{"damage":12,"enemies":"Spheric Guardian","floor":18,"turns":4},{"damage":7,"enemies":"Chosen","floor":20,"turns":6},{"damage":11,"enemies":"Book of Stabbing","floor":23,"turns":7},{"damage":9,"enemies":"Gremlin Leader","floor":28,"turns":6},{"damage":1,"enemies":"Centurion and Healer","floor":29,"turns":6},{"damage":0,"enemies":"3 Cultists","floor":31,"turns":2},{"damage":62,"enemies":"Automaton","floor":33,"turns":9},{"damage":20,"enemies":"3 Shapes","floor":35,"turns":4},{"damage":15,"enemies":"Mind Bloom Boss Battle","floor":37,"turns":7},{"damage":122,"enemies":"Giant Head","floor":40,"turns":7}],"seed_played":"7072327372945817579","potions_obtained":[{"floor":2.0,"key":"EssenceOfSteel"},{"floor":6.0,"key":"SkillPotion"},{"floor":7.0,"key":"Swift Potion"},{"floor":20,"key":"Explosive Potion"},{"floor":29,"key":"Strength Potion"},{"floor":33,"key":"Ancient Potion"}],"is_trial":false,"path_per_floor":["M","M","M","?","?","E","M","R","T","M","?","R","E","M","R","B",null,"M","?","M","?","$","E","R","?","T","R","E","M","$","M","R","B",null,"M","?","?","?","$","E"],"character_chosen":"THE_SILENT","items_purchased":["A Thousand Cuts","Lee\u0027s Waffle","Panacea","Blade Dance","Choke","Finesse","Blade Dance","Calculated Gamble","Potion Belt"],"campfire_rested":1,"item_purchase_floors":[22,30,30,30,30,39,39,39,39],"current_hp_per_floor":[69,65,65,65,65,36,13,34,34,23,70,70,53,49,49,11,70,58,58,51,51,51,40,52,52,52,64,55,54,77,77,77,15,77,57,57,56,101,101,0],"gold":3,"neow_bonus":"TRANSFORM_CARD","is_prod":false,"is_daily":false,"chose_seed":false,"campfire_upgraded":5,"win_rate":0,"timestamp":1560000975,"path_taken":["M","M","M","?","?","E","M","R","T","M","?","R","E","M","R","BOSS","M","?","M","?","$","E","R","?","T","R","E","M","?","M","R","BOSS","M","?","?","?","$","E"],"build_version":"2019-01-23","purchased_purges":1,"victory":false,"max_hp_per_floor":[70,70,70,70,70,70,70,70,70,70,70,70,70,70,70,70,70,70,70,70,70,70,70,70,70,70,70,70,70,77,77,77,77,77,77,77,91,101,101,101],"card_choices":[{"not_picked":["Dodge and Roll","Bane"],"picked":"Blade Dance","floor":1.0},{"not_picked":["Acrobatics","Dagger Spray"],"picked":"Accuracy","floor":2.0},{"not_picked":["Dagger Spray","Crippling Poison"],"picked":"Well Laid Plans","floor":3.0},{"not_picked":["Prepared","Poisoned Stab"],"picked":"Blade Dance","floor":6.0},{"not_picked":["Dash","Outmaneuver"],"picked":"Footwork","floor":7.0},{"not_picked":["Outmaneuver","Tactician"],"picked":"Dodge and Roll","floor":10.0},{"not_picked":["Deadly Poison","Catalyst"],"picked":"Dagger Spray","floor":13.0},{"not_picked":["Deflect","Acrobatics"],"picked":"PiercingWail","floor":14.0},{"not_picked":["Phantasmal Killer","Unload"],"picked":"Adrenaline","floor":16.0},{"not_picked":["Expertise","Acrobatics"],"picked":"Backflip","floor":18},{"not_picked":["Sucker Punch","Choke"],"picked":"Dash","floor":20},{"not_picked":["Flechettes+1","Expertise"],"picked":"Noxious Fumes","floor":23},{"not_picked":["Bouncing Flask","Flechettes"],"picked":"Acrobatics","floor":28},{"not_picked":["Outmaneuver","Poisoned Stab+1"],"picked":"Slice+1","floor":29},{"not_picked":["Riddle With Holes","Poisoned Stab"],"picked":"Dagger Spray","floor":31},{"not_picked":["Venomology","A Thousand Cuts"],"picked":"Wraith Form v2","floor":33},{"not_picked":["Deadly Poison","Underhanded Strike"],"picked":"Blade Dance+1","floor":34},{"not_picked":["Dash+1","Catalyst"],"picked":"Leg Sweep","floor":34},{"not_picked":["Riddle With Holes","Deflect"],"picked":"Phantasmal Killer","floor":34},{"not_picked":["Acrobatics","Catalyst"],"picked":"PiercingWail","floor":34},{"not_picked":["Leg Sweep","PiercingWail+1"],"picked":"Deflect","floor":34},{"not_picked":["Outmaneuver","Tactician+1","Noxious Fumes"],"picked":"SKIP","floor":35}],"player_experience":89432,"relics_obtained":[{"floor":6.0,"key":"Whetstone"},{"floor":9.0,"key":"Juzu Bracelet"},{"floor":13.0,"key":"Vajra"},{"floor":23,"key":"Old Coin"},{"floor":26,"key":"Centennial Puzzle"},{"floor":28,"key":"Tiny Chest"},{"floor":37,"key":"Mango"}],"event_choices":[{"damage_healed":0.0,"max_hp_gain":0.0,"max_hp_loss":0.0,"gold_gain":0.0,"event_name":"Golden Wing","player_choice":"Ignored","floor":4.0,"gold_loss":0.0,"damage_taken":0.0},{"damage_healed":0.0,"max_hp_gain":0.0,"max_hp_loss":0.0,"gold_gain":0.0,"event_name":"Upgrade Shrine","player_choice":"Upgraded","floor":5.0,"gold_loss":0.0,"damage_taken":0.0,"cards_upgraded":["Blade Dance"]},{"damage_healed":47.0,"max_hp_gain":0.0,"max_hp_loss":0.0,"gold_gain":0.0,"event_name":"Wheel of Change","player_choice":"Full Heal","floor":11.0,"gold_loss":0.0,"damage_taken":0.0},{"damage_healed":0,"gold_gain":0,"player_choice":"Simplicity","damage_taken":0,"max_hp_gain":0,"max_hp_loss":0,"event_name":"Back to Basics","floor":19,"gold_loss":0,"cards_upgraded":["Defend_G","Defend_G","Defend_G","Defend_G","Defend_G","Strike_G","Strike_G","Strike_G"]},{"damage_healed":0,"gold_gain":0,"player_choice":"Inject Mutagens","damage_taken":0,"relics_obtained":["MutagenicStrength"],"max_hp_gain":0,"max_hp_loss":0,"event_name":"Drug Dealer","floor":21,"gold_loss":0},{"cards_removed":["Defend_G"],"damage_healed":0,"gold_gain":0,"player_choice":"Gave Gold","damage_taken":0,"max_hp_gain":0,"max_hp_loss":0,"event_name":"Beggar","floor":25,"gold_loss":75},{"cards_removed":["Deflect"],"damage_healed":0,"gold_gain":0,"player_choice":"Purged","damage_taken":0,"max_hp_gain":0,"max_hp_loss":0,"event_name":"Purifier","floor":36,"gold_loss":0},{"damage_healed":0,"gold_gain":0,"player_choice":"Fight","damage_taken":0,"max_hp_gain":0,"max_hp_loss":0,"event_name":"MindBloom","floor":37,"gold_loss":0},{"cards_removed":["Phantasmal Killer"],"damage_healed":35,"gold_gain":0,"player_choice":"Offered Rare","damage_taken":0,"max_hp_gain":10,"max_hp_loss":0,"event_name":"Bonfire Elementals","floor":38,"gold_loss":0}],"is_beta":false,"boss_relics":[{"not_picked":["Lizard Tail","Velvet Choker"],"picked":"Eternal Feather"},{"not_picked":["Pandora\u0027s Box","Coffee Dripper"],"picked":"Orrery"}],"items_purged_floors":[22],"is_endless":false,"potions_floor_spawned":[2,6,7,13,16,20,29,33,37],"killed_by":"Giant Head","ascension_level":4}