{"gold_per_floor":[113,128,128,128,142,167,167,185,209,209,222,234,266,69,69,69],"floor_reached":16,"playtime":1197,"items_purged":["Strike_B"],"score":129,"play_id":"cf43dfd9-3e74-4d20-84c3-f7ecbe929597","local_time":"20190117173020","is_ascension_mode":true,"campfire_choices":[{"floor":7,"key":"REST"},{"floor":15,"key":"REST"}],"neow_cost":"NONE","seed_source_timestamp":584866023562319,"circlet_count":0,"master_deck":["Strike_B","Strike_B+1","Strike_B+1","Defend_B","Defend_B+1","Defend_B","Defend_B+1","Zap","Dualcast","Ball Lightning","Doom and Gloom","Coolheaded","Melter","Self Repair","Loop","Conserve Battery","Capacitor","Ball Lightning"],"relics":["Cracked Core","War Paint","Strawberry","Omamori"],"potions_floor_usage":[1,5,8,11,12,16],"damage_taken":[{"damage":0,"enemies":"Small Slimes","floor":1,"turns":2},{"damage":6,"enemies":"Cultist","floor":2,"turns":3},{"damage":0,"enemies":"2 Louse","floor":5,"turns":1},{"damage":31,"enemies":"3 Sentries","floor":6,"turns":4},{"damage":8,"enemies":"Lots of Slimes","floor":8,"turns":3},{"damage":13,"enemies":"3 Louse","floor":11,"turns":3},{"damage":16,"enemies":"Exordium Wildlife","floor":12,"turns":4},{"damage":10,"enemies":"Lagavulin","floor":13,"turns":6},{"damage":44,"enemies":"Slime Boss","floor":16,"turns":6}],"seed_played":"-3614410040570409788","potions_obtained":[{"floor":0,"key":"FearPotion"},{"floor":0,"key":"Explosive Potion"},{"floor":0,"key":"Explosive Potion"},{"floor":1,"key":"FearPotion"},{"floor":2,"key":"GamblersBrew"},{"floor":6,"key":"SkillPotion"},{"floor":13,"key":"AttackPotion"}],"is_trial":false,"path_per_floor":["M","M","?","?","M","E","R","M","T","?","M","M","E","$","R","B"],"character_chosen":"DEFECT","items_purchased":["Capacitor","Ball Lightning"],"campfire_rested":2,"item_purchase_floors":[14,14],"current_hp_per_floor":[75,69,54,54,54,23,45,37,44,36,30,21,18,18,42,0],"gold":69,"neow_bonus":"THREE_SMALL_POTIONS","is_prod":false,"is_daily":false,"chose_seed":false,"campfire_upgraded":0,"win_rate":0,"timestamp":1547775020,"path_taken":["M","M","?","?","M","E","R","?","T","?","M","?","E","$","R","BOSS"],"build_version":"2019-01-10","purchased_purges":1,"victory":false,"max_hp_per_floor":[75,75,75,75,75,75,75,75,82,82,82,82,82,82,82,82],"card_choices":[{"not_picked":["Leap","Streamline"],"picked":"Ball Lightning","floor":1},{"not_picked":["Hologram","Sweeping Beam","Recycle"],"picked":"SKIP","floor":2},{"not_picked":["Leap","Beam Cell"],"picked":"Coolheaded","floor":5},{"not_picked":["Steam Power","Turbo"],"picked":"Melter","floor":6},{"not_picked":["Leap","Creative AI"],"picked":"Self Repair","floor":8},{"not_picked":["Reinforced Body","Barrage"],"picked":"Loop","floor":11},{"not_picked":["Compile Driver","Blizzard","Sunder"],"picked":"SKIP","floor":12},{"not_picked":["Barrage","White Noise"],"picked":"Conserve Battery","floor":13}],"player_experience":250279,"relics_obtained":[{"floor":6,"key":"War Paint"},{"floor":9,"key":"Strawberry"},{"floor":13,"key":"Omamori"}],"event_choices":[{"damage_healed":0,"gold_gain":0,"player_choice":"Entered Light","damage_taken":15,"max_hp_gain":0,"max_hp_loss":0,"event_name":"Shining Light","floor":3,"gold_loss":0,"cards_upgraded":["Strike_B","Strike_B"]},{"damage_healed":0,"gold_gain":0,"player_choice":"1 cards matched","damage_taken":0,"max_hp_gain":0,"max_hp_loss":0,"event_name":"Match and Keep!","floor":4,"gold_loss":0,"cards_obtained":["Doom and Gloom"]},{"damage_healed":0,"gold_gain":0,"player_choice":"Damaged","damage_taken":8,"max_hp_gain":0,"max_hp_loss":0,"event_name":"Wheel of Change","floor":10,"gold_loss":0}],"is_beta":false,"boss_relics":[],"items_purged_floors":[14],"is_endless":false,"potions_floor_spawned":[1,2,6,13],"killed_by":"Slime Boss","ascension_level":3}