{"gold_per_floor":[116,127,127,127,140,181,181,194,194,209,209,209,209,229,229,357,357,372,390,27,48,48,48,48,348,393,435,447,459,471,501,513,525],"floor_reached":33,"playtime":1485,"items_purged":[],"score":309,"play_id":"1f3ddee3-af86-4c86-9f74-cce2360039a8","local_time":"20190714214321","is_ascension_mode":true,"campfire_choices":[{"floor":7,"key":"DIG"},{"floor":12,"key":"REST"},{"floor":15,"key":"DIG"},{"floor":23,"key":"DIG"},{"floor":25,"key":"DIG"},{"floor":27,"key":"DIG"},{"floor":29,"key":"DIG"},{"floor":32,"key":"REST"}],"neow_cost":"NONE","seed_source_timestamp":1128754763467900,"circlet_count":0,"master_deck":["Defend_B","Defend_B","Defend_B","Defend_B","Zap","Dualcast","Seek","Genetic Algorithm+1","Cold Snap","Gash","Chaos","Compile Driver","Leap","Parasite","Conserve Battery","Multi-Cast","Hologram","Cold Snap+1","Gash","Scrape+1","Compile Driver","Multi-Cast","Bite","Bite","Bite","Bite","Bite","Conserve Battery+1"],"relics":["Cracked Core","Golden Idol","Shovel","Gambling Chip","StoneCalendar","Ice Cream","Centennial Puzzle","Eternal Feather","Turnip","Du-Vu Doll","Old Coin","MawBank","Tiny Chest","Bag of Preparation"],"potions_floor_usage":[18,30,33],"damage_taken":[{"damage":5,"enemies":"2 Louse","floor":1,"turns":3},{"damage":7,"enemies":"Small Slimes","floor":2,"turns":3},{"damage":3,"enemies":"Jaw Worm","floor":5,"turns":4},{"damage":30,"enemies":"Gremlin Nob","floor":6,"turns":4},{"damage":4,"enemies":"Large Slime","floor":8,"turns":6},{"damage":11,"enemies":"3 Louse","floor":10,"turns":4},{"damage":7,"enemies":"2 Fungi Beasts","floor":14,"turns":3},{"damage":26,"enemies":"Slime Boss","floor":16,"turns":8},{"damage":9,"enemies":"3 Byrds","floor":18,"turns":3},{"damage":18,"enemies":"Shell Parasite","floor":19,"turns":7},{"damage":8,"enemies":"Chosen and Byrds","floor":21,"turns":7},{"damage":9,"enemies":"Centurion and Healer","floor":30,"turns":5},{"damage":37,"enemies":"Shelled Parasite and Fungi","floor":31,"turns":7},{"damage":56,"enemies":"Champ","floor":33,"turns":9}],"seed_played":"-8407214938201308792","potions_obtained":[{"floor":1,"key":"SpeedPotion"},{"floor":10,"key":"LiquidBronze"},{"floor":16,"key":"SteroidPotion"},{"floor":18,"key":"SmokeBomb"}],"is_trial":false,"path_per_floor":["M","M","?","?","M","E","R","M","T","M","?","R","T","M","R","B",null,"M","M","$","M","$","R","?","R","T","R","?","R","M","M","R","B"],"character_chosen":"DEFECT","items_purchased":["Turnip","Gash"],"campfire_rested":2,"item_purchase_floors":[20,20],"current_hp_per_floor":[70,63,63,63,60,30,30,26,26,15,32,52,52,45,45,19,69,60,42,42,34,34,46,46,58,58,69,48,48,41,20,48,0],"gold":525,"neow_bonus":"ONE_RANDOM_RARE_CARD","is_prod":false,"is_daily":false,"chose_seed":false,"campfire_upgraded":0,"win_rate":0,"timestamp":1563137001,"path_taken":["M","M","?","?","M","E","R","M","T","M","?","R","?","M","R","BOSS","M","M","$","M","$","R","?","R","T","R","?","R","M","M","R","BOSS"],"build_version":"2019-07-05","purchased_purges":0,"victory":false,"max_hp_per_floor":[75,75,75,69,69,69,69,69,69,69,69,69,69,69,69,69,69,69,69,69,69,69,69,69,69,69,69,48,48,48,48,48,48],"card_choices":[{"not_picked":["Cold Snap","Sweeping Beam"],"picked":"Genetic Algorithm","floor":1},{"not_picked":["Rip and Tear","Coolheaded"],"picked":"Cold Snap","floor":2},{"not_picked":["Leap","Self Repair"],"picked":"Gash","floor":5},{"not_picked":["Skim","Capacitor"],"picked":"Chaos","floor":6},{"not_picked":["Hello World","Beam Cell"],"picked":"Compile Driver","floor":8},{"not_picked":["Go for the Eyes","Steam"],"picked":"Leap","floor":10},{"not_picked":["Leap","Biased Cognition"],"picked":"Conserve Battery","floor":14},{"not_picked":["Machine Learning","Fission"],"picked":"Multi-Cast","floor":16},{"not_picked":["Capacitor","Go for the Eyes"],"picked":"Hologram","floor":18},{"not_picked":["Heatsinks","Hologram"],"picked":"Cold Snap+1","floor":19},{"not_picked":["Chill","Hologram"],"picked":"Scrape+1","floor":21},{"not_picked":["Doom and Gloom+1","Undo"],"picked":"Conserve Battery+1","floor":31}],"player_experience":165775,"relics_obtained":[{"floor":6,"key":"Shovel"},{"floor":7,"key":"Gambling Chip"},{"floor":9,"key":"StoneCalendar"},{"floor":13,"key":"Ice Cream"},{"floor":15,"key":"Centennial Puzzle"},{"floor":23,"key":"Du-Vu Doll"},{"floor":25,"key":"Old Coin"},{"floor":26,"key":"MawBank"},{"floor":27,"key":"Tiny Chest"},{"floor":29,"key":"Bag of Preparation"}],"event_choices":[{"damage_healed":0,"gold_gain":0,"player_choice":"Grow","damage_taken":0,"max_hp_gain":0,"max_hp_loss":0,"event_name":"Living Wall","floor":3,"gold_loss":0,"cards_upgraded":["Genetic Algorithm"]},{"damage_healed":0,"gold_gain":0,"player_choice":"Lose Max HP","damage_taken":0,"relics_obtained":["Golden Idol"],"max_hp_gain":0,"max_hp_loss":6,"event_name":"Golden Idol","floor":4,"gold_loss":0},{"damage_healed":17,"gold_gain":0,"player_choice":"Healed and dodged fight","damage_taken":0,"max_hp_gain":0,"max_hp_loss":0,"event_name":"Mushrooms","floor":11,"gold_loss":0,"cards_obtained":["Parasite"]},{"damage_healed":0,"gold_gain":0,"cards_transformed":["Strike_B","Strike_B"],"player_choice":"Became Test Subject","damage_taken":0,"max_hp_gain":0,"max_hp_loss":0,"event_name":"Drug Dealer","floor":24,"gold_loss":0,"cards_obtained":["Compile Driver","Multi-Cast"]},{"damage_healed":0,"gold_gain":0,"player_choice":"Became a vampire","damage_taken":0,"max_hp_gain":0,"max_hp_loss":21,"event_name":"Vampires","floor":28,"gold_loss":0,"cards_obtained":["Bite","Bite","Bite","Bite","Bite"]}],"is_beta":false,"boss_relics":[{"not_picked":["Philosopher\u0027s Stone","Inserter"],"picked":"Eternal Feather"}],"items_purged_floors":[],"is_endless":false,"potions_floor_spawned":[1,10,16,18,19,21],"killed_by":"Champ","ascension_level":3}