{"gold_per_floor":[114,131,151,33,49,83,83,112,139,139,150,150,167,200,200,301,301,318,243,243,243,342,342],"floor_reached":23,"playtime":936,"items_purged":[],"score":251,"play_id":"2b582392-5939-4001-b5cd-2c1d24521871","local_time":"20190721150850","is_ascension_mode":true,"campfire_choices":[{"floor":10,"key":"REST"},{"floor":15,"key":"REST"}],"neow_cost":"NONE","seed_source_timestamp":257569640725600,"circlet_count":0,"master_deck":["Strike_B+1","Strike_B","Strike_B","Defend_B","Defend_B","Defend_B","Defend_B","Zap","Dualcast","Melter","Beam Cell","Sweeping Beam+1","Chaos","Defragment","Chaos+1","Compile Driver","Leap","Thunder Strike","Coolheaded","Ball Lightning","Go for the Eyes","Creative AI","Force Field"],"relics":["Cracked Core","Orichalcum","Strawberry","Ancient Tea Set","Blood Vial","Nuclear Battery","Nilry\u0027s Codex"],"potions_floor_usage":[5,6,6,8,13,16,16,16],"damage_taken":[{"damage":0,"enemies":"Small Slimes","floor":1,"turns":2},{"damage":0,"enemies":"2 Louse","floor":2,"turns":2},{"damage":2,"enemies":"Jaw Worm","floor":3,"turns":2},{"damage":16,"enemies":"2 Fungi Beasts","floor":5,"turns":3},{"damage":8,"enemies":"Gremlin Nob","floor":6,"turns":4},{"damage":20,"enemies":"Lagavulin","floor":8,"turns":5},{"damage":0,"enemies":"Large Slime","floor":11,"turns":4},{"damage":6,"enemies":"Red Slaver","floor":13,"turns":3},{"damage":28,"enemies":"Gremlin Nob","floor":14,"turns":4},{"damage":18,"enemies":"Hexaghost","floor":16,"turns":7},{"damage":4,"enemies":"Chosen","floor":18,"turns":5},{"damage":50,"enemies":"Slavers","floor":23,"turns":3}],"seed_played":"8815430354783916391","potions_obtained":[{"floor":2,"key":"EntropicBrew"},{"floor":3,"key":"PowerPotion"},{"floor":6,"key":"FocusPotion"},{"floor":8,"key":"Weak Potion"},{"floor":14,"key":"FocusPotion"}],"is_trial":false,"path_per_floor":["M","M","M","$","M","E","?","E","T","R","M","?","M","E","R","B",null,"M","?","?","?","?","E"],"character_chosen":"DEFECT","items_purchased":["Defragment","Chaos"],"campfire_rested":2,"item_purchase_floors":[4,4],"current_hp_per_floor":[75,75,73,73,57,49,34,21,21,45,45,45,39,11,35,19,82,78,78,62,46,46,0],"gold":342,"neow_bonus":"THREE_CARDS","is_prod":false,"is_daily":false,"chose_seed":false,"campfire_upgraded":0,"win_rate":0,"timestamp":1563718130,"path_taken":["M","M","M","$","M","E","?","E","T","R","M","?","M","E","R","BOSS","M","?","?","?","?","E"],"build_version":"2019-07-17","purchased_purges":0,"victory":false,"max_hp_per_floor":[75,75,75,75,75,75,75,82,82,82,82,82,82,82,82,82,82,82,82,87,87,87,87],"card_choices":[{"not_picked":["Turbo","Loop"],"picked":"Melter","floor":0},{"not_picked":["Steam","Hologram"],"picked":"Beam Cell","floor":1},{"not_picked":["Turbo","Beam Cell"],"picked":"Sweeping Beam","floor":2},{"not_picked":["Rip and Tear","Lockon"],"picked":"Chaos","floor":3},{"not_picked":["Double Energy","Steam"],"picked":"Compile Driver","floor":5},{"not_picked":["Rebound","Turbo"],"picked":"Leap","floor":6},{"not_picked":["Steam","Hologram"],"picked":"Thunder Strike","floor":8},{"not_picked":["Rebound","Skim"],"picked":"Coolheaded","floor":11},{"not_picked":["Chaos","Steam"],"picked":"Ball Lightning","floor":13},{"not_picked":["Reinforced Body","Hologram"],"picked":"Go for the Eyes","floor":14},{"not_picked":["Machine Learning","Thunder Strike"],"picked":"Creative AI","floor":16},{"not_picked":["Gash","Stack"],"picked":"Force Field","floor":18}],"player_experience":188408,"relics_obtained":[{"floor":6,"key":"Orichalcum"},{"floor":8,"key":"Strawberry"},{"floor":9,"key":"Ancient Tea Set"},{"floor":14,"key":"Blood Vial"},{"floor":21,"key":"Nilry\u0027s Codex"}],"event_choices":[{"damage_healed":0,"gold_gain":0,"player_choice":"Entered Light","damage_taken":15,"max_hp_gain":0,"max_hp_loss":0,"event_name":"Shining Light","floor":7,"gold_loss":0,"cards_upgraded":["Strike_B","Sweeping Beam"]},{"damage_healed":0,"gold_gain":0,"player_choice":"Grow","damage_taken":0,"max_hp_gain":0,"max_hp_loss":0,"event_name":"Living Wall","floor":12,"gold_loss":0,"cards_upgraded":["Chaos"]},{"cards_removed":["Strike_B"],"damage_healed":0,"gold_gain":0,"player_choice":"Gave Gold","damage_taken":0,"max_hp_gain":0,"max_hp_loss":0,"event_name":"Beggar","floor":19,"gold_loss":75},{"damage_healed":0,"gold_gain":0,"player_choice":"Shed Blood","damage_taken":21,"max_hp_gain":5,"max_hp_loss":0,"event_name":"Forgotten Altar","floor":20,"gold_loss":0},{"damage_healed":0,"gold_gain":0,"player_choice":"Obtained Book","damage_taken":16,"max_hp_gain":0,"max_hp_loss":0,"event_name":"Cursed Tome","floor":21,"gold_loss":0},{"damage_healed":0,"gold_gain":99,"player_choice":"Stole From Cult","damage_taken":0,"max_hp_gain":0,"max_hp_loss":0,"event_name":"Nest","floor":22,"gold_loss":0}],"is_beta":false,"boss_relics":[{"not_picked":["Pandora\u0027s Box","Orrery"],"picked":"Nuclear Battery"}],"items_purged_floors":[],"is_endless":false,"potions_floor_spawned":[2,3,6,8,14],"killed_by":"Slavers","ascension_level":4}