{"gold_per_floor":[109,109,109,124,1,45,45,68,91,41,57,232,232,232,232,232],"floor_reached":16,"playtime":885,"items_purged":["Regret"],"score":118,"play_id":"79522cc5-11db-4fe3-bd85-64305a09b4f0","local_time":"20190712231505","is_ascension_mode":true,"campfire_choices":[{"data":"Flame Barrier","floor":7,"key":"SMITH"},{"data":"Pommel Strike","floor":13,"key":"SMITH"},{"data":"Bash","floor":15,"key":"SMITH"}],"neow_cost":"NONE","seed_source_timestamp":962058191484400,"circlet_count":0,"master_deck":["Strike_R","Strike_R","Strike_R","Defend_R","Defend_R","Defend_R","Defend_R","Bash+1","Flame Barrier+1","Shrug It Off","Pommel Strike+1","Iron Wave","Spot Weakness","Headbutt","Doubt"],"relics":["Burning Blood","Orichalcum","Golden Idol","Strawberry","Blood Vial","Question Card"],"potions_floor_usage":[6],"damage_taken":[{"damage":9,"enemies":"Jaw Worm","floor":1,"turns":6},{"damage":10,"enemies":"2 Louse","floor":4,"turns":3},{"damage":19,"enemies":"3 Sentries","floor":6,"turns":11},{"damage":0,"enemies":"Small Slimes","floor":8,"turns":3},{"damage":32,"enemies":"Gremlin Gang","floor":11,"turns":6},{"damage":43,"enemies":"Hexaghost","floor":16,"turns":11}],"seed_played":"-5762862789823951255","potions_obtained":[{"floor":1,"key":"SteroidPotion"}],"is_trial":false,"path_per_floor":["M","?","?","M","$","E","R","M","T","?","M","?","R","T","R","B"],"character_chosen":"IRONCLAD","items_purchased":["Pommel Strike"],"campfire_rested":0,"item_purchase_floors":[5],"current_hp_per_floor":[77,77,74,70,70,64,64,70,70,70,46,46,46,46,46,5],"gold":232,"neow_bonus":"REMOVE_CARD","is_prod":false,"is_daily":false,"chose_seed":false,"campfire_upgraded":3,"win_rate":0,"timestamp":1562969705,"path_taken":["M","?","?","M","$","E","R","M","T","?","M","?","R","?","R","BOSS"],"build_version":"2019-07-05","purchased_purges":1,"victory":false,"max_hp_per_floor":[80,80,74,74,74,81,81,81,81,81,81,81,81,81,81,81],"card_choices":[{"not_picked":["Power Through","Disarm"],"picked":"Flame Barrier","floor":1},{"not_picked":["Body Slam","Havoc"],"picked":"Shrug It Off","floor":4},{"not_picked":["Anger","Cleave"],"picked":"Iron Wave","floor":6},{"not_picked":["Sentinel","Pommel Strike"],"picked":"Spot Weakness","floor":8},{"not_picked":["Feel No Pain","Havoc"],"picked":"Headbutt","floor":11}],"player_experience":153000,"relics_obtained":[{"floor":6,"key":"Strawberry"},{"floor":9,"key":"Blood Vial"},{"floor":14,"key":"Question Card"}],"event_choices":[{"damage_healed":0,"gold_gain":0,"player_choice":"Box","damage_taken":0,"relics_obtained":["Orichalcum"],"max_hp_gain":0,"max_hp_loss":0,"event_name":"Big Fish","floor":2,"gold_loss":0,"cards_obtained":["Regret"]},{"damage_healed":0,"gold_gain":0,"player_choice":"Lose Max HP","damage_taken":0,"relics_obtained":["Golden Idol"],"max_hp_gain":0,"max_hp_loss":6,"event_name":"Golden Idol","floor":3,"gold_loss":0},{"cards_removed":["Strike_R"],"damage_healed":0,"gold_gain":0,"player_choice":"Card Removal","damage_taken":0,"max_hp_gain":0,"max_hp_loss":0,"event_name":"The Cleric","floor":10,"gold_loss":50},{"damage_healed":0,"gold_gain":175,"player_choice":"AGREE","damage_taken":0,"max_hp_gain":0,"max_hp_loss":0,"event_name":"Liars Game","floor":12,"gold_loss":0,"cards_obtained":["Doubt"]}],"is_beta":false,"boss_relics":[],"items_purged_floors":[5],"is_endless":false,"potions_floor_spawned":[1],"killed_by":"Hexaghost","ascension_level":4}