{"gold_per_floor":[115,115,127,97,109,109,436,456,456,489,489,489],"floor_reached":12,"playtime":514,"items_purged":[],"score":92,"play_id":"187f8225-4ede-4ea2-89c2-d7cc78e9329f","local_time":"20190624223445","is_ascension_mode":true,"campfire_choices":[{"floor":6,"key":"RECALL"}],"neow_cost":"NONE","seed_source_timestamp":473672737056400,"circlet_count":0,"master_deck":["Strike_R","Strike_R","Strike_R","Strike_R","Strike_R","Defend_R+1","Defend_R+1","Defend_R","Defend_R","Bash+1","Pummel","Headbutt","Anger","Flame Barrier","Armaments","Power Through"],"relics":["Burning Blood","Old Coin","Peace Pipe","Golden Idol"],"potions_floor_usage":[4,10],"damage_taken":[{"damage":1,"enemies":"Jaw Worm","floor":1,"turns":3},{"damage":5,"enemies":"Small Slimes","floor":3,"turns":3},{"damage":0,"enemies":"Cultist","floor":5,"turns":3},{"damage":14,"enemies":"Gremlin Nob","floor":7,"turns":3},{"damage":5,"enemies":"Looter","floor":8,"turns":3},{"damage":42,"enemies":"3 Sentries","floor":10,"turns":12},{"damage":7,"enemies":"Blue Slaver","floor":12,"turns":2}],"seed_played":"-5349809251070069592","potions_obtained":[{"floor":1,"key":"Explosive Potion"},{"floor":4,"key":"Dexterity Potion"},{"floor":4,"key":"Fruit Juice"},{"floor":8,"key":"SteroidPotion"}],"is_trial":false,"path_per_floor":["M","?","M","?","M","R","E","M","T","E","?","M"],"character_chosen":"IRONCLAD","items_purchased":[],"campfire_rested":0,"item_purchase_floors":[],"current_hp_per_floor":[80,64,65,70,76,76,68,69,69,33,33,26],"gold":489,"neow_bonus":"UPGRADE_CARD","is_prod":false,"is_daily":false,"chose_seed":false,"campfire_upgraded":0,"win_rate":0,"timestamp":1561412085,"path_taken":["M","?","M","?","?","R","E","M","T","E","?","M"],"build_version":"2019-01-23","purchased_purges":0,"victory":false,"max_hp_per_floor":[80,80,80,85,85,85,85,85,85,85,79,79],"card_choices":[{"not_picked":["Clothesline","Entrench"],"picked":"Pummel","floor":1},{"not_picked":["Shockwave","Hemokinesis"],"picked":"Headbutt","floor":3},{"not_picked":["Burning Pact","Flex"],"picked":"Anger","floor":5},{"not_picked":["Rampage","Clash"],"picked":"Flame Barrier","floor":7},{"not_picked":["Disarm","Twin Strike"],"picked":"Armaments","floor":8},{"not_picked":["Anger","Pommel Strike"],"picked":"Power Through","floor":10}],"player_experience":55421,"relics_obtained":[{"floor":7,"key":"Old Coin"},{"floor":10,"key":"Peace Pipe"}],"event_choices":[{"damage_healed":0,"gold_gain":0,"player_choice":"Entered Light","damage_taken":16,"max_hp_gain":0,"max_hp_loss":0,"event_name":"Shining Light","floor":2,"gold_loss":0,"cards_upgraded":["Defend_R","Defend_R"]},{"damage_healed":0,"gold_gain":0,"player_choice":"Bought 2 Potions","damage_taken":0,"max_hp_gain":0,"max_hp_loss":0,"event_name":"The Woman in Blue","floor":4,"gold_loss":0},{"damage_healed":0,"gold_gain":0,"player_choice":"Lose Max HP","damage_taken":0,"relics_obtained":["Golden Idol"],"max_hp_gain":0,"max_hp_loss":6,"event_name":"Golden Idol","floor":11,"gold_loss":0}],"is_beta":false,"boss_relics":[],"items_purged_floors":[],"is_endless":false,"potions_floor_spawned":[1,8],"killed_by":"Blue Slaver","ascension_level":1}