{"gold_per_floor":[111,111,134,134,34,34,78,78,78,10,10,10,49,65,65,186,186,206,240,140,158,183,183,101,117,141,154,174,192,207,248,248,372,372,391,98,78,97,97,97,136,136,184,184,184,222,245,245],"floor_reached":48,"playtime":6006,"items_purged":["Injury","Defend_B"],"score":544,"play_id":"782b44f1-1453-49aa-901f-472d1f383980","local_time":"20181013012108","is_ascension_mode":true,"campfire_choices":[{"data":"Go for the Eyes","floor":6,"key":"SMITH"},{"floor":8,"key":"REST"},{"data":"Ball Lightning","floor":11,"key":"SMITH"},{"data":"Zap","floor":15,"key":"SMITH"},{"data":"Blizzard","floor":23,"key":"SMITH"},{"floor":32,"key":"REST"},{"floor":40,"key":"REST"},{"floor":42,"key":"REST"},{"data":"Apotheosis","floor":44,"key":"SMITH"}],"neow_cost":"NONE","seed_source_timestamp":607021547815819,"circlet_count":0,"master_deck":["Strike_B+1","Strike_B","Strike_B","Strike_B","Defend_B","Defend_B","Defend_B","Zap+1","Dualcast+1","Go for the Eyes+1","Coolheaded","Ball Lightning+1","Auto Shields","Glacier","Go for the Eyes","Blizzard+1","Electrodynamics","Glacier","Compile Driver","Loop","Gash","Sweeping Beam+1","Cold Snap","Streamline","Lockon+1","Apotheosis+1","Defragment","Conserve Battery","Madness","Madness","Fission","Beam Cell+1","Aggregate+1"],"relics":["Cracked Core","Golden Idol","Bag of Preparation","Pantograph","Bag of Marbles","Busted Crown","Red Mask","Boot","Pen Nib","Inserter","Sundial","Juzu Bracelet","Pocketwatch"],"potions_floor_usage":[21,25,27,29,33,41,46,46],"damage_taken":[{"damage":2,"enemies":"Small Slimes","floor":1,"turns":4},{"damage":1,"enemies":"2 Louse","floor":3,"turns":3},{"damage":5,"enemies":"Lagavulin","floor":7,"turns":6},{"damage":7,"enemies":"3 Sentries","floor":13,"turns":8},{"damage":0,"enemies":"Jaw Worm","floor":14,"turns":2},{"damage":36,"enemies":"Slime Boss","floor":16,"turns":13},{"damage":0,"enemies":"Spheric Guardian","floor":18,"turns":3},{"damage":0,"enemies":"Masked Bandits","floor":19,"turns":2},{"damage":0,"enemies":"Chosen","floor":21,"turns":4},{"damage":0,"enemies":"Snake Plant","floor":22,"turns":6},{"damage":0,"enemies":"Shelled Parasite and Fungi","floor":25,"turns":4},{"damage":16,"enemies":"Centurion and Healer","floor":27,"turns":4},{"damage":12,"enemies":"Cultist and Chosen","floor":28,"turns":6},{"damage":8,"enemies":"Snake Plant","floor":29,"turns":2},{"damage":5,"enemies":"3 Cultists","floor":30,"turns":4},{"damage":19,"enemies":"Slavers","floor":31,"turns":4},{"damage":35,"enemies":"Automaton","floor":33,"turns":8},{"damage":25,"enemies":"3 Darklings","floor":35,"turns":3},{"damage":0,"enemies":"Orb Walker","floor":38,"turns":3},{"damage":12,"enemies":"Giant Head","floor":41,"turns":12},{"damage":38,"enemies":"2 Orb Walkers","floor":46,"turns":5},{"damage":13,"enemies":"3 Darklings","floor":47,"turns":3},{"damage":48,"enemies":"Reptomancer","floor":48,"turns":2}],"seed_played":"4549844831580264668","potions_obtained":[{"floor":13,"key":"Dexterity Potion"},{"floor":16,"key":"Weak Potion"},{"floor":18,"key":"Swift Potion"},{"floor":21,"key":"Fire Potion"},{"floor":22,"key":"AttackPotion"},{"floor":28,"key":"SteroidPotion"},{"floor":33,"key":"GamblersBrew"},{"floor":37,"key":"EntropicBrew"},{"floor":47,"key":"GamblersBrew"}],"is_trial":false,"path_per_floor":["M","?","M","?","$","R","E","R","T","$","R","?","E","M","R","B",null,"M","?","$","M","M","R","$","M","T","M","M","M","M","E","R","B",null,"M","$","?","M","?","R","E","R","T","R","?","E","M"],"character_chosen":"DEFECT","items_purchased":["Ball Lightning","Glacier","Loop","Apotheosis","Defragment","Conserve Battery"],"campfire_rested":4,"item_purchase_floors":[5,10,24,36,36,36],"current_hp_per_floor":[80,80,79,63,63,63,58,82,82,82,82,82,75,75,75,46,82,82,82,82,82,82,82,82,82,82,66,54,46,41,22,46,36,82,57,57,57,57,47,71,59,82,82,82,82,44,31,0],"gold":245,"neow_bonus":"TEN_PERCENT_HP_BONUS","is_prod":false,"is_daily":false,"chose_seed":false,"campfire_upgraded":5,"win_rate":0,"timestamp":1539418868,"path_taken":["M","?","M","?","$","R","E","R","T","$","R","?","E","M","R","BOSS","M","?","$","M","M","R","$","M","T","M","M","M","M","E","R","BOSS","M","$","?","?","?","R","E","R","T","R","?","E","M","M"],"build_version":"2018-10-11","purchased_purges":2,"victory":false,"max_hp_per_floor":[82,82,82,82,82,82,82,82,82,82,82,82,82,82,82,82,82,82,82,82,82,82,82,82,82,82,82,82,82,82,82,82,82,82,82,82,82,82,82,82,82,82,82,82,82,82,82,82],"card_choices":[{"not_picked":["Coolheaded","Leap"],"picked":"Go for the Eyes","floor":1},{"not_picked":["Streamline","Steam Power"],"picked":"Coolheaded","floor":3},{"not_picked":["Doom and Gloom","Aggregate"],"picked":"Auto Shields","floor":7},{"not_picked":["Streamline","Fusion"],"picked":"Go for the Eyes","floor":13},{"not_picked":["Reprogram","Streamline"],"picked":"Blizzard","floor":14},{"not_picked":["Core Surge","Biased Cognition"],"picked":"Electrodynamics","floor":16},{"not_picked":["Consume"],"picked":"SKIP","floor":18},{"not_picked":[],"picked":"Glacier","floor":19},{"not_picked":["Consume"],"picked":"SKIP","floor":21},{"not_picked":[],"picked":"Compile Driver","floor":22},{"not_picked":[],"picked":"Gash","floor":25},{"not_picked":[],"picked":"Sweeping Beam+1","floor":27},{"not_picked":["Sweeping Beam+1"],"picked":"SKIP","floor":28},{"not_picked":["Loop"],"picked":"SKIP","floor":29},{"not_picked":[],"picked":"Cold Snap","floor":30},{"not_picked":[],"picked":"Streamline","floor":31},{"not_picked":[],"picked":"Lockon+1","floor":35},{"not_picked":["Stack"],"picked":"SKIP","floor":38},{"not_picked":[],"picked":"Fission","floor":41},{"not_picked":[],"picked":"Beam Cell+1","floor":46},{"not_picked":[],"picked":"Aggregate+1","floor":47}],"player_experience":134973,"relics_obtained":[{"floor":7,"key":"Bag of Preparation"},{"floor":9,"key":"Pantograph"},{"floor":13,"key":"Bag of Marbles"},{"floor":19,"key":"Red Mask"},{"floor":26,"key":"Boot"},{"floor":31,"key":"Pen Nib"},{"floor":41,"key":"Sundial"},{"floor":43,"key":"Juzu Bracelet"},{"floor":46,"key":"Pocketwatch"}],"event_choices":[{"event_name":"Golden Idol","player_choice":"Take Wound","floor":2,"damage_taken":0},{"event_name":"Shining Light","player_choice":"Entered Light","floor":4,"damage_taken":0},{"event_name":"Liars Game","player_choice":"disagreed","floor":12,"damage_taken":0},{"event_name":"Masked Bandits","player_choice":"Fought Bandits","floor":19,"damage_taken":0},{"event_name":"The Woman in Blue","player_choice":"Bought 1 Potion","floor":37,"damage_taken":0},{"event_name":"Winding Halls","player_choice":"Embrace Madness","floor":39,"damage_taken":0},{"event_name":"SensoryStone","player_choice":"Memory 1","floor":45,"damage_taken":0}],"is_beta":false,"boss_relics":[{"not_picked":["Calling Bell","Philosopher\u0027s Stone"],"picked":"Busted Crown"},{"not_picked":["FrozenCore","Runic Pyramid"],"picked":"Inserter"}],"items_purged_floors":[5,20],"is_endless":false,"potions_floor_spawned":[13,16,18,21,22,28,33,47],"killed_by":"Reptomancer","ascension_level":1}