{"gold_per_floor":[118,138,157,157,170,213,232,232,232,232,275,275,71,102,102,227,227,251,251],"floor_reached":19,"playtime":1741,"items_purged":["Strike_R"],"score":215,"play_id":"e80984cd-56cc-4491-9d03-6d32c23b01e2","local_time":"20181117192419","is_ascension_mode":true,"campfire_choices":[{"floor":8,"key":"REST"},{"data":"Limit Break","floor":10,"key":"SMITH"},{"data":"Armaments","floor":12,"key":"SMITH"},{"data":"Shockwave","floor":15,"key":"SMITH"}],"neow_cost":"NONE","seed_source_timestamp":85433658722277,"circlet_count":0,"master_deck":["Strike_R","Strike_R","Strike_R","Strike_R","Defend_R","Defend_R","Defend_R","Defend_R","Bash","Flex","Limit Break+1","Twin Strike","Armaments+1","Fire Breathing","Iron Wave","Shockwave+1","Flex","Bludgeon","Heavy Blade","Shrug It Off","Iron Wave","Double Tap","Armaments+1"],"special_seed":0,"relics":["Burning Blood","Centennial Puzzle","Golden Idol","Regal Pillow","Bottled Flame","Pen Nib","Turnip","Orrery"],"potions_floor_usage":[6,6,7,11,14,14,19],"damage_taken":[{"damage":4,"enemies":"2 Louse","floor":1,"turns":4},{"damage":9,"enemies":"Jaw Worm","floor":2,"turns":4},{"damage":6,"enemies":"Cultist","floor":3,"turns":3},{"damage":8,"enemies":"Red Slaver","floor":5,"turns":4},{"damage":15,"enemies":"3 Sentries","floor":6,"turns":9},{"damage":15,"enemies":"Lots of Slimes","floor":7,"turns":4},{"damage":18,"enemies":"Gremlin Nob","floor":11,"turns":4},{"damage":17,"enemies":"Lagavulin","floor":14,"turns":5},{"damage":36,"enemies":"The Guardian","floor":16,"turns":11},{"damage":46,"enemies":"Spheric Guardian","floor":18,"turns":7},{"damage":55,"enemies":"Masked Bandits","floor":19,"turns":3}],"seed_played":"6015546116575375341","potions_obtained":[{"floor":1,"key":"Poison Potion"},{"floor":3,"key":"Weak Potion"},{"floor":5,"key":"GamblersBrew"},{"floor":6,"key":"SteroidPotion"},{"floor":18,"key":"Explosive Potion"}],"is_trial":false,"path_per_floor":["M","M","M","?","M","E","M","R","T","R","E","R","$","E","R","B",null,"M","?"],"character_chosen":"IRONCLAD","items_purchased":["SteroidPotion","Regen Potion"],"campfire_rested":1,"item_purchase_floors":[13,13],"current_hp_per_floor":[80,77,77,57,55,46,37,76,76,76,64,64,64,65,65,35,80,40,0],"gold":251,"neow_bonus":"RANDOM_COMMON_RELIC","is_prod":false,"is_daily":false,"chose_seed":false,"campfire_upgraded":3,"win_rate":0,"timestamp":1542511459,"path_taken":["M","M","M","?","M","E","M","R","T","R","E","R","$","E","R","BOSS","M","?"],"build_version":"2018-11-15","purchased_purges":1,"victory":false,"max_hp_per_floor":[80,80,80,80,80,80,80,80,80,80,80,80,80,80,80,80,80,80,80],"card_choices":[{"not_picked":["Intimidate","Infernal Blade"],"picked":"Flex","floor":1},{"not_picked":["Thunderclap","Sword Boomerang"],"picked":"Limit Break","floor":2},{"not_picked":["Power Through","Anger"],"picked":"Twin Strike","floor":3},{"not_picked":["Shrug It Off","Feel No Pain"],"picked":"Armaments","floor":5},{"not_picked":["Wild Strike","Cleave"],"picked":"Fire Breathing","floor":6},{"not_picked":["Clothesline","Shrug It Off"],"picked":"Iron Wave","floor":7},{"not_picked":["Combust","Headbutt"],"picked":"Shockwave","floor":11},{"not_picked":["Rupture","Pummel"],"picked":"Flex","floor":14},{"not_picked":["Double Tap","Feed"],"picked":"Bludgeon","floor":16},{"not_picked":["Rampage","Shrug It Off"],"picked":"Heavy Blade","floor":17},{"not_picked":["Heavy Blade","Perfected Strike"],"picked":"Shrug It Off","floor":17},{"not_picked":["Clash","Sword Boomerang"],"picked":"Iron Wave","floor":17},{"not_picked":["Feel No Pain","Sever Soul"],"picked":"Double Tap","floor":17},{"not_picked":["Flex+1","Reckless Charge"],"picked":"Armaments+1","floor":18}],"player_experience":208627,"relics_obtained":[{"floor":6,"key":"Regal Pillow"},{"floor":9,"key":"Bottled Flame"},{"floor":11,"key":"Pen Nib"},{"floor":14,"key":"Turnip"}],"event_choices":[{"damage_healed":0,"gold_gain":0,"player_choice":"Take Damage","damage_taken":20,"relics_obtained":["Golden Idol"],"max_hp_gain":0,"max_hp_loss":0,"event_name":"Golden Idol","floor":4,"gold_loss":0},{"damage_healed":0,"gold_gain":0,"player_choice":"Fought Bandits","damage_taken":0,"max_hp_gain":0,"max_hp_loss":0,"event_name":"Masked Bandits","floor":19,"gold_loss":0}],"is_beta":false,"boss_relics":[{"not_picked":["White Beast Statue","Calling Bell"],"picked":"Orrery"}],"items_purged_floors":[13],"is_endless":false,"potions_floor_spawned":[1,3,5,6,18],"killed_by":"Masked Bandits","ascension_level":3}