{"gold_per_floor":[109,128,146,162,87,87,87,87,87,103,3,19,32,32,32,128,128,144,144,19,19,37,37,1,1,26,26,41,41,41,51,51,51],"floor_reached":33,"playtime":1082,"items_purged":["Shame","Strike_R","Strike_R"],"score":320,"play_id":"51ff3015-e983-4589-870d-e899d0cf2186","local_time":"20190304155007","is_ascension_mode":true,"campfire_choices":[{"data":"Iron Wave","floor":6,"key":"SMITH"},{"data":"Shrug It Off","floor":8,"key":"SMITH"},{"data":"Rage","floor":15,"key":"SMITH"},{"floor":23,"key":"REST"},{"data":"Body Slam","floor":25,"key":"SMITH"},{"data":"Entrench","floor":27,"key":"SMITH"},{"data":"Bash","floor":32,"key":"SMITH"}],"neow_cost":"CURSE","seed_source_timestamp":155084388542300,"circlet_count":0,"master_deck":["Strike_R","Defend_R","Defend_R","Defend_R","Defend_R","Bash+1","Iron Wave+1","Dropkick","Shrug It Off+1","Sword Boomerang","Sword Boomerang","Rage+1","Body Slam+1","Feed","Thunderclap+1","Rage+1","Entrench+1","Sword Boomerang+1"],"relics":["Burning Blood","Calipers","WingedGreaves","Eternal Feather","Orichalcum","Ornamental Fan"],"potions_floor_usage":[12,16,28,31,33],"damage_taken":[{"damage":12,"enemies":"Jaw Worm","floor":1,"turns":3},{"damage":5,"enemies":"Cultist","floor":2,"turns":4},{"damage":1,"enemies":"2 Louse","floor":3,"turns":4},{"damage":7,"enemies":"Exordium Thugs","floor":4,"turns":5},{"damage":0,"enemies":"Large Slime","floor":10,"turns":4},{"damage":20,"enemies":"Exordium Wildlife","floor":12,"turns":8},{"damage":1,"enemies":"Blue Slaver","floor":13,"turns":4},{"damage":74,"enemies":"The Guardian","floor":16,"turns":15},{"damage":56,"enemies":"Spheric Guardian","floor":18,"turns":8},{"damage":0,"enemies":"Chosen","floor":22,"turns":4},{"damage":11,"enemies":"3 Cultists","floor":28,"turns":5},{"damage":9,"enemies":"Shelled Parasite and Fungi","floor":31,"turns":7},{"damage":82,"enemies":"Collector","floor":33,"turns":5}],"seed_played":"-4683524473988553863","potions_obtained":[{"floor":10,"key":"Swift Potion"},{"floor":12,"key":"Regen Potion"},{"floor":16,"key":"Energy Potion"},{"floor":28,"key":"AttackPotion"},{"floor":31,"key":"PowerPotion"}],"is_trial":false,"path_per_floor":["M","M","M","M","$","R","?","R","T","M","$","M","M","?","R","B",null,"M","?","$","?","M","R","$","R","T","R","M","?","T","M","R","B"],"character_chosen":"IRONCLAD","items_purchased":["Entrench"],"campfire_rested":1,"item_purchase_floors":[24],"current_hp_per_floor":[66,67,72,71,71,71,71,71,71,77,77,63,68,68,68,15,64,14,14,14,14,20,53,53,62,62,71,69,69,69,69,78,0],"gold":51,"neow_bonus":"ONE_RARE_RELIC","is_prod":false,"is_daily":false,"chose_seed":false,"campfire_upgraded":6,"win_rate":0,"timestamp":1551743407,"path_taken":["M","M","M","M","$","R","?","R","T","M","$","M","?","?","R","BOSS","M","?","?","?","M","R","$","R","T","R","?","?","?","M","R","BOSS"],"build_version":"2019-01-23","purchased_purges":3,"victory":false,"max_hp_per_floor":[80,80,80,80,80,80,80,80,80,80,80,80,80,80,80,80,80,80,80,80,80,80,80,80,80,80,80,83,83,83,86,86,86],"card_choices":[{"not_picked":["True Grit","Clash"],"picked":"Iron Wave","floor":1},{"not_picked":["Second Wind","Rampage"],"picked":"Dropkick","floor":2},{"not_picked":["Warcry","Blood for Blood"],"picked":"Shrug It Off","floor":3},{"not_picked":["Heavy Blade","Warcry"],"picked":"Sword Boomerang","floor":4},{"not_picked":["Perfected Strike","Headbutt","Clothesline"],"picked":"SKIP","floor":10},{"not_picked":["Metallicize","Bludgeon"],"picked":"Rage","floor":12},{"not_picked":["Cleave","Spot Weakness"],"picked":"Body Slam","floor":13},{"not_picked":["Offering","Reaper"],"picked":"Feed","floor":16},{"not_picked":["Warcry","Headbutt"],"picked":"Thunderclap+1","floor":18},{"not_picked":["Wild Strike","Heavy Blade","Combust"],"picked":"SKIP","floor":22},{"not_picked":["Offering","Power Through+1","Anger+1"],"picked":"SKIP","floor":28},{"not_picked":["Warcry","Carnage+1"],"picked":"Sword Boomerang+1","floor":31}],"player_experience":266277,"relics_obtained":[{"floor":9,"key":"WingedGreaves"},{"floor":26,"key":"Orichalcum"},{"floor":30,"key":"Ornamental Fan"}],"event_choices":[{"damage_healed":0,"gold_gain":0,"cards_transformed":["Strike_R"],"player_choice":"Transformed","damage_taken":0,"max_hp_gain":0,"max_hp_loss":0,"event_name":"Transmorgrifier","floor":7,"gold_loss":0,"cards_obtained":["Sword Boomerang"]},{"damage_healed":0,"gold_gain":0,"player_choice":"Leave","damage_taken":0,"max_hp_gain":0,"max_hp_loss":0,"event_name":"The Cleric","floor":14,"gold_loss":0},{"damage_healed":0,"gold_gain":0,"player_choice":"Copied","damage_taken":0,"max_hp_gain":0,"max_hp_loss":0,"event_name":"Duplicator","floor":19,"gold_loss":0,"cards_obtained":["Rage"]},{"cards_removed":["Strike_R"],"damage_healed":0,"gold_gain":0,"player_choice":"Elegance","damage_taken":0,"max_hp_gain":0,"max_hp_loss":0,"event_name":"Back to Basics","floor":21,"gold_loss":0},{"damage_healed":0,"gold_gain":0,"player_choice":"Ignored","damage_taken":0,"max_hp_gain":0,"max_hp_loss":0,"event_name":"Beggar","floor":29,"gold_loss":0}],"is_beta":false,"boss_relics":[{"not_picked":["Coffee Dripper","Mark of Pain"],"picked":"Eternal Feather"}],"items_purged_floors":[5,11,20],"is_endless":false,"potions_floor_spawned":[10,12,16,28,31],"killed_by":"Collector","ascension_level":7}