{"gold_per_floor":[111,131,142,142,217,217,60,91,114,129,94,169,209,227,227,358,358,379,379,305,323,33,33,77,102,102,102,102,102,118,33,33,33],"floor_reached":33,"playtime":2691,"items_purged":[],"score":275,"play_id":"72214ab6-125c-4145-ae5d-67641428becc","local_time":"20190205022540","is_ascension_mode":false,"campfire_choices":[{"data":"Flying Knee","floor":6.0,"key":"SMITH"},{"floor":15.0,"key":"REST"},{"floor":23.0,"key":"REST"},{"floor":28.0,"key":"REST"},{"floor":32,"key":"REST"}],"neow_cost":"NONE","seed_source_timestamp":0,"circlet_count":0,"master_deck":["Defend_G","Defend_G","Defend_G","Defend_G","Strike_G","Strike_G","Strike_G","Strike_G+1","Strike_G","Survivor","Neutralize+1","Well Laid Plans","Flechettes","Flying Knee+1","Quick Slash","Prepared","Noxious Fumes","Leg Sweep","Burst","Deflect","Infinite Blades","Choke","Backstab","Endless Agony","Good Instincts","Heel Hook","Endless Agony","Deflect"],"special_seed":0,"relics":["Ring of the Snake","NeowsBlessing","Golden Idol","Lantern","Omamori","Strawberry","Whetstone","Eternal Feather","Anchor","Bag of Marbles","Juzu Bracelet","Pantograph"],"potions_floor_usage":[33],"damage_taken":[{"damage":0.0,"enemies":"Small Slimes","floor":1.0,"turns":1.0},{"damage":0.0,"enemies":"2 Louse","floor":2.0,"turns":1.0},{"damage":0.0,"enemies":"Jaw Worm","floor":3.0,"turns":1.0},{"damage":13.0,"enemies":"Lagavulin","floor":8.0,"turns":8.0},{"damage":0.0,"enemies":"3 Louse","floor":10.0,"turns":4.0},{"damage":32.0,"enemies":"Gremlin Nob","floor":13.0,"turns":5.0},{"damage":13.0,"enemies":"Large Slime","floor":14.0,"turns":5.0},{"damage":34.0,"enemies":"The Guardian","floor":16.0,"turns":13.0},{"damage":24.0,"enemies":"Spheric Guardian","floor":18.0,"turns":7.0},{"damage":8.0,"enemies":"Chosen","floor":21.0,"turns":6.0},{"damage":55.0,"enemies":"Book of Stabbing","floor":24.0,"turns":8.0},{"damage":12.0,"enemies":"Shelled Parasite and Fungi","floor":25.0,"turns":8.0},{"damage":0.0,"enemies":"Snake Plant","floor":27.0,"turns":2.0},{"damage":13.0,"enemies":"Cultist and Chosen","floor":30.0,"turns":5.0},{"damage":83,"enemies":"Collector","floor":33,"turns":5}],"seed_played":"2943505612725069497","potions_obtained":[{"floor":2.0,"key":"SteroidPotion"},{"floor":3.0,"key":"Poison Potion"},{"floor":14.0,"key":"Dexterity Potion"},{"floor":24.0,"key":"SmokeBomb"},{"floor":25.0,"key":"PowerPotion"}],"is_trial":false,"path_per_floor":["M","M","M","?","?","R","$","E","T","M","?","?","E","M","R","B",null,"M","?","$","M","$","R","E","M","T","M","R","?","M","?","R","B"],"character_chosen":"THE_SILENT","items_purchased":["Lantern","Choke","Endless Agony","Good Instincts","Anchor"],"campfire_rested":4,"item_purchase_floors":[7,20,22,22,22],"current_hp_per_floor":[70,70,70,65,54,54,54,41,48,48,66,66,34,21,42,8,72,48,48,48,40,40,72,17,5,5,5,41,41,28,28,64,0],"gold":33,"neow_bonus":"THREE_ENEMY_KILL","is_prod":false,"is_daily":false,"chose_seed":false,"campfire_upgraded":1,"win_rate":0.0,"timestamp":1549362340,"path_taken":["M","M","M","?","?","R","?","E","T","M","?","?","E","M","R","BOSS","M","?","$","M","$","R","E","M","T","M","R","?","M","?","R","BOSS"],"build_version":"2019-01-23","purchased_purges":0,"victory":false,"max_hp_per_floor":[70,70,70,65,65,65,65,65,72,72,72,72,72,72,72,72,72,72,72,72,72,72,72,72,72,72,72,72,72,72,72,72,72],"card_choices":[{"not_picked":["Backflip","Escape Plan"],"picked":"Well Laid Plans","floor":1.0},{"not_picked":["Riddle With Holes","Sucker Punch"],"picked":"Flechettes","floor":2.0},{"not_picked":["Crippling Poison","Outmaneuver"],"picked":"Flying Knee","floor":3.0},{"not_picked":["Dodge and Roll","Outmaneuver"],"picked":"Quick Slash","floor":8.0},{"not_picked":["Flechettes","Quick Slash"],"picked":"Prepared","floor":10.0},{"not_picked":["Outmaneuver","Escape Plan"],"picked":"Noxious Fumes","floor":13.0},{"not_picked":["Heel Hook","Underhanded Strike"],"picked":"Leg Sweep","floor":14.0},{"not_picked":["Unload","Envenom"],"picked":"Burst","floor":16.0},{"not_picked":["Noxious Fumes","Underhanded Strike"],"picked":"Deflect","floor":18.0},{"not_picked":["Distraction","Poisoned Stab+1"],"picked":"Backstab","floor":21.0},{"not_picked":["Sucker Punch","Blade Dance"],"picked":"Heel Hook","floor":24.0},{"not_picked":["Bouncing Flask","Deadly Poison"],"picked":"Endless Agony","floor":25.0},{"not_picked":["Poisoned Stab","Acrobatics"],"picked":"Deflect","floor":30.0}],"player_experience":13284,"relics_obtained":[{"floor":8.0,"key":"Omamori"},{"floor":9.0,"key":"Strawberry"},{"floor":13.0,"key":"Whetstone"},{"floor":24.0,"key":"Bag of Marbles"},{"floor":26.0,"key":"Juzu Bracelet"}],"event_choices":[{"damage_healed":0.0,"max_hp_gain":0.0,"max_hp_loss":5.0,"gold_gain":0.0,"event_name":"Golden Idol","player_choice":"Lose Max HP","floor":4.0,"gold_loss":0.0,"damage_taken":0.0,"relics_obtained":["Golden Idol"]},{"damage_healed":0.0,"max_hp_gain":0.0,"max_hp_loss":0.0,"gold_gain":75.0,"event_name":"World of Goop","player_choice":"Gather Gold","floor":5.0,"gold_loss":0.0,"damage_taken":11.0},{"damage_healed":18.0,"max_hp_gain":0.0,"max_hp_loss":0.0,"gold_gain":0.0,"event_name":"The Cleric","player_choice":"Healed","floor":11.0,"gold_loss":35.0,"damage_taken":0.0},{"damage_healed":0.0,"max_hp_gain":0.0,"max_hp_loss":0.0,"gold_gain":75.0,"event_name":"Golden Wing","player_choice":"Gained Gold","floor":12.0,"gold_loss":0.0,"damage_taken":0.0},{"damage_healed":0.0,"max_hp_gain":0.0,"max_hp_loss":0.0,"gold_gain":0.0,"cards_transformed":["Defend_G"],"event_name":"Transmorgrifier","player_choice":"Transformed","floor":19.0,"gold_loss":0.0,"damage_taken":0.0,"cards_obtained":["Infinite Blades"]},{"damage_healed":0.0,"max_hp_gain":0.0,"max_hp_loss":0.0,"gold_gain":0.0,"event_name":"Vampires","player_choice":"Ignored","floor":29.0,"gold_loss":0.0,"damage_taken":0.0},{"damage_healed":0,"gold_gain":0,"player_choice":"Obtained Relic","damage_taken":0,"relics_obtained":["Pantograph"],"max_hp_gain":0,"max_hp_loss":0,"event_name":"Addict","floor":31,"gold_loss":85}],"is_beta":false,"boss_relics":[{"not_picked":["Snecko Eye","Ectoplasm"],"picked":"Eternal Feather"}],"items_purged_floors":[],"is_endless":false,"potions_floor_spawned":[2,3,14,24,25,27],"killed_by":"Collector","ascension_level":0}