{"gold_per_floor":[117,117,128,128,128,153,171,171,171,191,67,79,89,107,107,209,209,226,226,241,2,22,22,22],"floor_reached":24,"playtime":1719,"items_purged":["Strike_R"],"score":270,"play_id":"d843a5bc-e76f-42d9-8e99-95764ab807d1","local_time":"20180803161504","is_ascension_mode":true,"campfire_choices":[{"data":"Armaments","floor":15,"key":"SMITH"},{"floor":23,"key":"REST"}],"neow_cost":"NONE","seed_source_timestamp":843878601565,"circlet_count":0,"master_deck":["Strike_R","Strike_R","Strike_R","Defend_R","Defend_R","Defend_R","Defend_R","Bash","Clash","True Grit","Entrench","Rampage","Body Slam","Armaments+1","Cleave","Thunderclap","Heavy Blade","Double Tap","Iron Wave","Dropkick","Barricade","Flex","Spot Weakness"],"relics":["Burning Blood","NeowsBlessing","Bag of Marbles","Dream Catcher","Self Forming Clay","Velvet Choker","Paper Frog"],"potions_floor_usage":[20,22,22],"damage_taken":[{"damage":0,"enemies":"Jaw Worm","floor":1,"turns":1},{"damage":0,"enemies":"Cultist","floor":3,"turns":1},{"damage":0,"enemies":"Gremlin Nob","floor":6,"turns":1},{"damage":0,"enemies":"Small Slimes","floor":7,"turns":3},{"damage":0,"enemies":"Exordium Wildlife","floor":10,"turns":2},{"damage":0,"enemies":"Blue Slaver","floor":12,"turns":3},{"damage":7,"enemies":"Large Slime","floor":13,"turns":5},{"damage":0,"enemies":"2 Fungi Beasts","floor":14,"turns":2},{"damage":46,"enemies":"The Guardian","floor":16,"turns":13},{"damage":24,"enemies":"Shell Parasite","floor":18,"turns":6},{"damage":15,"enemies":"Spheric Guardian","floor":20,"turns":6},{"damage":40,"enemies":"3 Cultists","floor":22,"turns":5},{"damage":50,"enemies":"Book of Stabbing","floor":24,"turns":5}],"seed_played":"1833195379017547146","potions_obtained":[{"floor":2,"key":"SneckoOil"},{"floor":2,"key":"Energy Potion"},{"floor":2,"key":"FearPotion"},{"floor":6,"key":"Explosive Potion"}],"is_trial":false,"path_per_floor":["M","?","M","?","?","E","M","?","T","M","$","M","M","M","R","B",null,"M","?","M","$","M","R"],"character_chosen":"IRONCLAD","items_purchased":["Cleave","Paper Frog"],"campfire_rested":1,"item_purchase_floors":[11,21],"current_hp_per_floor":[80,80,80,68,68,74,80,80,80,80,80,80,79,80,80,40,80,62,62,53,53,19,43,0],"gold":22,"neow_bonus":"THREE_ENEMY_KILL","is_prod":false,"is_daily":false,"chose_seed":false,"campfire_upgraded":1,"win_rate":0,"timestamp":1533309304,"path_taken":["M","?","M","?","?","E","M","?","T","M","$","?","?","M","R","BOSS","M","?","M","$","?","R","E"],"build_version":"2018-08-02","purchased_purges":1,"victory":false,"max_hp_per_floor":[80,80,80,80,80,80,80,80,80,80,80,80,80,80,80,80,80,80,80,80,80,80,80,80],"card_choices":[{"not_picked":["Perfected Strike","Warcry"],"picked":"Clash","floor":1},{"not_picked":["Wild Strike","Sword Boomerang"],"picked":"True Grit","floor":3},{"not_picked":["Havoc","Infernal Blade"],"picked":"Rampage","floor":6},{"not_picked":["Flex","Seeing Red"],"picked":"Body Slam","floor":7},{"not_picked":["Uppercut","Shrug It Off"],"picked":"Armaments","floor":10},{"not_picked":["True Grit","Offering"],"picked":"Thunderclap","floor":12},{"not_picked":["Warcry","Rupture"],"picked":"Heavy Blade","floor":13},{"not_picked":["Clash","Burning Pact","Armaments"],"picked":"SKIP","floor":14},{"not_picked":["Feed","Exhume"],"picked":"Double Tap","floor":16},{"not_picked":["Rage","Armaments"],"picked":"Iron Wave","floor":18},{"not_picked":["Warcry","True Grit"],"picked":"Barricade","floor":20},{"not_picked":["Armaments","Heavy Blade"],"picked":"Flex","floor":22},{"not_picked":["Carnage+1","Iron Wave"],"picked":"Spot Weakness","floor":23}],"player_experience":523448,"relics_obtained":[{"floor":6,"key":"Dream Catcher"},{"floor":9,"key":"Self Forming Clay"}],"event_choices":[{"event_name":"The Lab","player_choice":"Got Potions","floor":2,"damage_taken":0},{"event_name":"Scrap Ooze","player_choice":"success","floor":4,"damage_taken":12},{"event_name":"Match and Keep!","player_choice":"1 cards matched","floor":5,"damage_taken":0},{"event_name":"The Woman in Blue","player_choice":"Bought 0 Potions","floor":8,"damage_taken":0},{"event_name":"Transmorgrifier","player_choice":"Transform","floor":19,"damage_taken":0}],"is_beta":false,"boss_relics":[{"not_picked":["Empty Cage","Coffee Dripper"],"picked":"Velvet Choker"}],"items_purged_floors":[11],"is_endless":false,"potions_floor_spawned":[6,10,16],"killed_by":"Book of Stabbing","ascension_level":4}