{"gold_per_floor":[116,191,341,341,72,83,113,113,113,113,127,47,47,63,63,63],"floor_reached":16,"playtime":637,"items_purged":["Doubt","Strike_R"],"score":167,"play_id":"790cfe62-adeb-4730-b119-476e310fd689","local_time":"20190730131629","is_ascension_mode":true,"campfire_choices":[{"data":"Sword Boomerang","floor":10,"key":"SMITH"},{"data":"Twin Strike","floor":13,"key":"SMITH"},{"data":"Clash","floor":15,"key":"SMITH"}],"neow_cost":"PERCENT_DAMAGE","seed_source_timestamp":421039487858800,"circlet_count":0,"master_deck":["AscendersBane","Strike_R","Strike_R","Strike_R","Strike_R","Defend_R","Defend_R","Defend_R","Defend_R","Bash+1","Clash+1","Twin Strike+1","Sword Boomerang+1"],"relics":["Burning Blood","Nunchaku","Orichalcum","The Courier"],"potions_floor_usage":[16],"damage_taken":[{"damage":13,"enemies":"Small Slimes","floor":1,"turns":5},{"damage":10,"enemies":"2 Louse","floor":6,"turns":3},{"damage":0,"enemies":"Cultist","floor":11,"turns":3},{"damage":2,"enemies":"Blue Slaver","floor":14,"turns":2},{"damage":66,"enemies":"Slime Boss","floor":16,"turns":9}],"seed_played":"-8165266615315316790","potions_obtained":[{"floor":11,"key":"Weak Potion"}],"is_trial":false,"path_per_floor":["M","?","?","?","$","M","?","?","T","R","M","$","R","M","R","B"],"character_chosen":"IRONCLAD","items_purchased":["Orichalcum","Twin Strike"],"campfire_rested":0,"item_purchase_floors":[5,5],"current_hp_per_floor":[43,32,32,32,32,28,28,53,53,53,59,59,59,63,63,0],"gold":63,"neow_bonus":"ONE_RARE_RELIC","is_prod":false,"is_daily":false,"chose_seed":false,"campfire_upgraded":3,"win_rate":0,"timestamp":1564517789,"path_taken":["M","?","?","?","$","?","?","?","T","R","M","?","R","?","R","BOSS"],"build_version":"2019-07-17","purchased_purges":2,"victory":false,"max_hp_per_floor":[75,75,75,75,75,75,75,75,75,75,75,75,75,75,75,75],"card_choices":[{"not_picked":["Clothesline","Warcry"],"picked":"Clash","floor":1},{"not_picked":["Havoc","Iron Wave"],"picked":"Sword Boomerang","floor":6},{"not_picked":["Anger","Wild Strike","Bloodletting"],"picked":"SKIP","floor":11},{"not_picked":["Clothesline","Twin Strike","Headbutt"],"picked":"SKIP","floor":14}],"player_experience":473831,"relics_obtained":[{"floor":9,"key":"The Courier"}],"event_choices":[{"damage_healed":0,"gold_gain":75,"player_choice":"Gather Gold","damage_taken":11,"max_hp_gain":0,"max_hp_loss":0,"event_name":"World of Goop","floor":2,"gold_loss":0},{"damage_healed":0,"gold_gain":150,"player_choice":"AGREE","damage_taken":0,"max_hp_gain":0,"max_hp_loss":0,"event_name":"Liars Game","floor":3,"gold_loss":0,"cards_obtained":["Doubt"]},{"damage_healed":0,"gold_gain":0,"player_choice":"Upgraded","damage_taken":0,"max_hp_gain":0,"max_hp_loss":0,"event_name":"Upgrade Shrine","floor":4,"gold_loss":0,"cards_upgraded":["Bash"]},{"damage_healed":0,"gold_gain":30,"player_choice":"Searched \u00271\u0027 times","damage_taken":0,"max_hp_gain":0,"max_hp_loss":0,"event_name":"Dead Adventurer","floor":7,"gold_loss":0},{"damage_healed":25,"gold_gain":0,"player_choice":"Banana","damage_taken":0,"max_hp_gain":0,"max_hp_loss":0,"event_name":"Big Fish","floor":8,"gold_loss":0}],"is_beta":false,"boss_relics":[],"items_purged_floors":[5,12],"is_endless":false,"potions_floor_spawned":[11],"killed_by":"Slime Boss","ascension_level":18}