{"gold_per_floor":[113,113,40,53,69,69,101,101,101,111,141,161,175,275,275,370,370,388,403,71,85,0,0,0],"floor_reached":24,"playtime":1859,"items_purged":["Strike_R"],"score":250,"play_id":"16d125b6-9966-459c-9008-142c47ea9cf6","local_time":"20180803235610","is_ascension_mode":true,"campfire_choices":[{"data":"Armaments","floor":6,"key":"SMITH"},{"floor":8,"key":"REST"},{"floor":15,"key":"REST"},{"floor":23,"key":"REST"}],"neow_cost":"NONE","seed_source_timestamp":28382098778174,"circlet_count":0,"master_deck":["Strike_R","Strike_R","Strike_R","Strike_R","Defend_R","Defend_R","Defend_R","Defend_R","Bash","Battle Trance","Armaments+1","Metallicize","Heavy Blade","Cleave","Headbutt","Shrug It Off","Clothesline","Iron Wave","Bludgeon","Body Slam","Pommel Strike","Metallicize+1"],"relics":["Burning Blood","Sundial","Dodecahedron","Frozen Egg 2","Black Star","Shuriken","Omamori"],"potions_floor_usage":[16,16,16,19,24],"damage_taken":[{"damage":3,"enemies":"Jaw Worm","floor":1,"turns":5},{"damage":2,"enemies":"Cultist","floor":4,"turns":4},{"damage":3,"enemies":"2 Louse","floor":5,"turns":3},{"damage":36,"enemies":"Gremlin Nob","floor":7,"turns":5},{"damage":6,"enemies":"Looter","floor":10,"turns":3},{"damage":6,"enemies":"3 Sentries","floor":11,"turns":8},{"damage":15,"enemies":"Exordium Wildlife","floor":12,"turns":6},{"damage":3,"enemies":"3 Louse","floor":13,"turns":5},{"damage":55,"enemies":"Hexaghost","floor":16,"turns":12},{"damage":5,"enemies":"Chosen","floor":18,"turns":5},{"damage":45,"enemies":"Shell Parasite","floor":19,"turns":8},{"damage":20,"enemies":"Centurion and Healer","floor":21,"turns":8},{"damage":68,"enemies":"Slavers","floor":24,"turns":3}],"seed_played":"-9098066704427498132","potions_obtained":[{"floor":1,"key":"GamblersBrew"},{"floor":5,"key":"LiquidBronze"},{"floor":7,"key":"Block Potion"},{"floor":11,"key":"Dexterity Potion"},{"floor":16,"key":"GamblersBrew"},{"floor":21,"key":"SneckoOil"}],"is_trial":false,"path_per_floor":["M","?","$","M","M","R","E","R","T","M","E","M","M","?","R","B",null,"M","M","$","M","?","R"],"character_chosen":"IRONCLAD","items_purchased":["Metallicize","Shuriken"],"campfire_rested":3,"item_purchase_floors":[3,20],"current_hp_per_floor":[88,88,88,88,88,88,58,84,84,84,84,75,78,78,88,39,88,88,49,49,35,35,61,0],"gold":0,"neow_bonus":"TEN_PERCENT_HP_BONUS","is_prod":false,"is_daily":false,"chose_seed":false,"campfire_upgraded":1,"win_rate":0,"timestamp":1533336970,"path_taken":["M","?","$","M","M","R","E","R","T","M","E","?","M","?","R","BOSS","M","M","$","M","?","R","E"],"build_version":"2018-08-02","purchased_purges":1,"victory":false,"max_hp_per_floor":[88,88,88,88,88,88,88,88,88,88,88,88,88,88,88,88,88,88,88,88,88,88,88,88],"card_choices":[{"not_picked":["Hemokinesis","Fire Breathing"],"picked":"Battle Trance","floor":1},{"not_picked":["Rupture","Bloodletting"],"picked":"Heavy Blade","floor":4},{"not_picked":["Body Slam","Rage"],"picked":"Cleave","floor":5},{"not_picked":["Heavy Blade","Twin Strike"],"picked":"Headbutt","floor":7},{"not_picked":["Ghostly Armor","Cleave"],"picked":"Shrug It Off","floor":10},{"not_picked":["Infernal Blade","Flex","Seeing Red"],"picked":"SKIP","floor":11},{"not_picked":["Offering","Thunderclap"],"picked":"Clothesline","floor":12},{"not_picked":["Armaments","Clothesline"],"picked":"Iron Wave","floor":13},{"not_picked":["Fiend Fire","Dark Embrace+1"],"picked":"Bludgeon","floor":16},{"not_picked":["Reckless Charge","Shockwave"],"picked":"Body Slam","floor":18},{"not_picked":["Dropkick","Pummel"],"picked":"Pommel Strike","floor":19},{"not_picked":["Carnage","Sword Boomerang"],"picked":"Metallicize+1","floor":21}],"player_experience":534378,"relics_obtained":[{"floor":7,"key":"Sundial"},{"floor":9,"key":"Dodecahedron"},{"floor":11,"key":"Frozen Egg 2"}],"event_choices":[{"event_name":"Match and Keep!","player_choice":"1 cards matched","floor":2,"damage_taken":0},{"event_name":"Golden Shrine","player_choice":"Pray","floor":14,"damage_taken":0},{"event_name":"Addict","player_choice":"Obtained Relic","floor":22,"damage_taken":0}],"is_beta":false,"boss_relics":[{"not_picked":["Runic Pyramid","Calling Bell"],"picked":"Black Star"}],"items_purged_floors":[20],"is_endless":false,"potions_floor_spawned":[1,5,7,11,16,21],"killed_by":"Slavers","ascension_level":4}