{"gold_per_floor":[19,19,37,187,203,203,217,217,288,288,288,302,302,16,16,92,92,112,123,123,123,123],"floor_reached":22,"playtime":521,"items_purged":["Doubt"],"score":313,"play_id":"017697b4-90f3-4be9-9c28-e6eb41d6e058","local_time":"20190511120749","is_ascension_mode":true,"campfire_choices":[{"data":"Bash","floor":6.0,"key":"SMITH"},{"data":"Thunderclap","floor":8.0,"key":"SMITH"},{"data":"Battle Trance","floor":10.0,"key":"SMITH"},{"data":"Sword Boomerang","floor":13.0,"key":"SMITH"},{"data":"Flex","floor":15.0,"key":"SMITH"}],"neow_cost":"NO_GOLD","seed_source_timestamp":0,"circlet_count":0,"master_deck":["AscendersBane","Strike_R","Strike_R","Strike_R","Defend_R","Defend_R","Defend_R","Defend_R","Bash+1","Battle Trance+1","Thunderclap+1","Sword Boomerang+1","Flex+1","Offering","Flex"],"special_seed":0,"relics":["Burning Blood","Ginger","Bottled Flame","Boot","Omamori","Eternal Feather","Enchiridion"],"potions_floor_usage":[18,22],"damage_taken":[{"damage":10.0,"enemies":"Small Slimes","floor":1.0,"turns":4.0},{"damage":2.0,"enemies":"Jaw Worm","floor":3.0,"turns":3.0},{"damage":1.0,"enemies":"Cultist","floor":5.0,"turns":5.0},{"damage":27.0,"enemies":"Exordium Wildlife","floor":7.0,"turns":4.0},{"damage":6.0,"enemies":"Gremlin Gang","floor":12.0,"turns":3.0},{"damage":37,"enemies":"Slime Boss","floor":16,"turns":8},{"damage":27,"enemies":"Shell Parasite","floor":18,"turns":3},{"damage":29,"enemies":"Spheric Guardian","floor":19,"turns":4},{"damage":6,"enemies":"Snake Plant","floor":22,"turns":1}],"seed_played":"-6717587984471424669","potions_obtained":[{"floor":3.0,"key":"Energy Potion"},{"floor":16,"key":"Regen Potion"},{"floor":19,"key":"PowerPotion"}],"is_trial":false,"path_per_floor":["M","?","M","?","M","R","M","R","T","R","T","M","R","$","R","B",null,"M","M","?","?","M"],"character_chosen":"IRONCLAD","items_purchased":["Flex","Omamori"],"campfire_rested":0,"item_purchase_floors":[14,14],"current_hp_per_floor":[64,64,68,68,73,73,52,52,52,52,52,52,52,52,52,21,62,50,27,6,6,0],"gold":123,"neow_bonus":"ONE_RARE_RELIC","is_prod":false,"is_daily":false,"chose_seed":false,"campfire_upgraded":5,"win_rate":0,"timestamp":1557601669,"path_taken":["M","?","M","?","?","R","?","R","T","R","?","M","R","$","R","BOSS","M","?","?","?","?"],"build_version":"2019-01-23","purchased_purges":1,"victory":false,"max_hp_per_floor":[75,75,75,75,75,75,75,75,75,75,75,75,75,75,75,75,75,75,75,75,75,75],"card_choices":[{"not_picked":["Shrug It Off","Wild Strike"],"picked":"Battle Trance","floor":1.0},{"not_picked":["Havoc","Entrench","Clash"],"picked":"SKIP","floor":3.0},{"not_picked":["Havoc","Clothesline","Pommel Strike"],"picked":"SKIP","floor":5.0},{"not_picked":["Sever Soul","Reaper"],"picked":"Thunderclap","floor":7.0},{"not_picked":["Iron Wave","Spot Weakness"],"picked":"Sword Boomerang","floor":12.0},{"not_picked":["Limit Break","Dark Embrace"],"picked":"Offering","floor":16},{"not_picked":["Ghostly Armor","Fire Breathing","Iron Wave"],"picked":"SKIP","floor":18},{"not_picked":["Heavy Blade","Shrug It Off"],"picked":"Flex","floor":19}],"player_experience":385607,"relics_obtained":[{"floor":9.0,"key":"Bottled Flame"},{"floor":11.0,"key":"Boot"},{"floor":20,"key":"Enchiridion"}],"event_choices":[{"cards_removed":["Strike_R"],"damage_healed":0.0,"max_hp_gain":0.0,"max_hp_loss":0.0,"gold_gain":0.0,"event_name":"Living Wall","player_choice":"Forget","floor":2.0,"gold_loss":0.0,"damage_taken":0.0},{"damage_healed":0.0,"max_hp_gain":0.0,"max_hp_loss":0.0,"gold_gain":150.0,"event_name":"Liars Game","player_choice":"AGREE","floor":4.0,"gold_loss":0.0,"damage_taken":0.0,"cards_obtained":["Doubt"]},{"damage_healed":0,"gold_gain":0,"player_choice":"Obtained Book","damage_taken":21,"max_hp_gain":0,"max_hp_loss":0,"event_name":"Cursed Tome","floor":20,"gold_loss":0},{"cards_removed":["Strike_R"],"damage_healed":0,"gold_gain":0,"player_choice":"Offered Basic","damage_taken":0,"max_hp_gain":0,"max_hp_loss":0,"event_name":"Bonfire Elementals","floor":21,"gold_loss":0}],"is_beta":false,"boss_relics":[{"not_picked":["Runic Dome","Orrery"],"picked":"Eternal Feather"}],"items_purged_floors":[14],"is_endless":false,"potions_floor_spawned":[3,16,19],"killed_by":"Snake Plant","ascension_level":16}