{"gold_per_floor":[117,144,161,86,86,86,86,105,181,215,226,176,176,188,188,284,284,301,301,11,23,23,23,49,49,121,121,121,121,146,46,46,146,146,163,163,178,192,203,203,223,238,238,254,254,129,178,178,178,178],"floor_reached":51,"playtime":2744,"items_purged":["Strike_G","Strike_G","Defend_G"],"score":716,"play_id":"5160d385-9405-437e-9b6b-0107f4f08cc5","local_time":"20190219014138","is_ascension_mode":true,"campfire_choices":[{"data":"Footwork","floor":6.0,"key":"SMITH"},{"floor":15.0,"key":"REST"},{"data":"Catalyst","floor":23.0,"key":"SMITH"},{"data":"Deadly Poison","floor":25.0,"key":"SMITH"},{"data":"Envenom","floor":27.0,"key":"SMITH"},{"floor":32,"key":"REST"},{"floor":40,"key":"REST"},{"floor":45,"key":"REST"},{"floor":49,"key":"REST"}],"neow_cost":"NONE","seed_source_timestamp":0,"circlet_count":0,"master_deck":["Defend_G","Defend_G","Defend_G","Defend_G","Strike_G+1","Strike_G","Survivor","Neutralize+1","Deadly Poison+1","Footwork+1","Catalyst+1","Bane","Backflip","Envenom+1","Poisoned Stab","Envenom","Catalyst+1","Noxious Fumes"],"special_seed":0,"relics":["Ring of the Snake","NeowsBlessing","Pen Nib","Meat on the Bone","Bag of Marbles","Busted Crown","The Specimen","Incense Burner","Paper Crane","Nunchaku","Omamori","Velvet Choker","Singing Bowl","Torii"],"potions_floor_usage":[44,50,50],"damage_taken":[{"damage":0.0,"enemies":"Cultist","floor":1.0,"turns":1.0},{"damage":0.0,"enemies":"2 Louse","floor":3.0,"turns":1.0},{"damage":0.0,"enemies":"Small Slimes","floor":8.0,"turns":1.0},{"damage":22.0,"enemies":"3 Sentries","floor":10.0,"turns":13.0},{"damage":0.0,"enemies":"3 Louse","floor":11.0,"turns":4.0},{"damage":0.0,"enemies":"Looter","floor":14.0,"turns":3.0},{"damage":10.0,"enemies":"The Guardian","floor":16.0,"turns":10.0},{"damage":18.0,"enemies":"3 Byrds","floor":18.0,"turns":6.0},{"damage":1.0,"enemies":"Shell Parasite","floor":21.0,"turns":5.0},{"damage":16.0,"enemies":"Slavers","floor":24.0,"turns":6.0},{"damage":10.0,"enemies":"Book of Stabbing","floor":30.0,"turns":5.0},{"damage":27,"enemies":"Champ","floor":33,"turns":14},{"damage":11,"enemies":"3 Shapes","floor":35,"turns":8},{"damage":16,"enemies":"3 Darklings","floor":37,"turns":7},{"damage":26,"enemies":"Sphere and 2 Shapes","floor":38,"turns":8},{"damage":13,"enemies":"Jaw Worm Horde","floor":39,"turns":3},{"damage":0,"enemies":"Transient","floor":41,"turns":5},{"damage":40,"enemies":"Spire Growth","floor":42,"turns":4},{"damage":12,"enemies":"Maw","floor":44,"turns":5},{"damage":26,"enemies":"2 Orb Walkers","floor":47,"turns":4},{"damage":33,"enemies":"Donu and Deca","floor":50,"turns":9}],"seed_played":"-3480113114715041070","potions_obtained":[{"floor":3.0,"key":"PowerPotion"},{"floor":8.0,"key":"GamblersBrew"},{"floor":10.0,"key":"GhostInAJar"},{"floor":16.0,"key":"Weak Potion"},{"floor":21.0,"key":"Poison Potion"},{"floor":30.0,"key":"SteroidPotion"},{"floor":39,"key":"PowerPotion"},{"floor":42,"key":"AttackPotion"},{"floor":44,"key":"SpeedPotion"}],"is_trial":false,"path_per_floor":["M","T","M","$","?","R","?","M","T","E","M","?","$","M","R","B",null,"M","?","$","M","?","R","E","R","T","R","?","T","E","$","R","B",null,"M","?","M","M","M","R","M","M","T","M","R","$","?","?","R","B",null],"character_chosen":"THE_SILENT","items_purchased":["The Specimen"],"campfire_rested":5,"item_purchase_floors":[20],"current_hp_per_floor":[70,70,70,70,75,75,60,60,60,38,38,38,38,38,60,50,75,57,57,57,56,56,56,40,40,40,40,40,40,42,42,64,49,75,64,64,48,34,33,55,55,27,27,27,49,49,37,37,58,37],"gold":178,"neow_bonus":"THREE_ENEMY_KILL","is_prod":false,"is_daily":false,"chose_seed":false,"campfire_upgraded":4,"win_rate":0,"timestamp":1550569298,"path_taken":["M","?","M","$","?","R","?","M","T","E","M","?","?","M","R","BOSS","M","?","$","M","?","R","E","R","T","R","?","?","E","$","R","BOSS","M","?","?","M","?","R","M","M","T","M","R","$","?","?","R","BOSS"],"build_version":"2019-01-23","purchased_purges":3,"victory":true,"max_hp_per_floor":[70,70,70,70,75,75,75,75,75,75,75,75,75,75,75,75,75,75,75,75,75,75,75,75,75,75,75,75,75,75,75,75,75,75,75,75,75,75,75,75,75,75,75,75,75,75,77,73,73,73],"card_choices":[{"not_picked":["Poisoned Stab","Endless Agony"],"picked":"Deadly Poison","floor":1.0},{"not_picked":["Backstab","Outmaneuver"],"picked":"Footwork","floor":3.0},{"not_picked":["Backstab","Well Laid Plans"],"picked":"Catalyst","floor":8.0},{"not_picked":["Eviscerate","Blade Dance"],"picked":"Bane","floor":10.0},{"not_picked":["Cloak And Dagger","Underhanded Strike"],"picked":"Backflip","floor":11.0},{"not_picked":["Prepared","Cloak And Dagger","Choke"],"picked":"SKIP","floor":14.0},{"not_picked":["Phantasmal Killer","Venomology"],"picked":"Envenom","floor":16.0},{"not_picked":["Deflect"],"picked":"SKIP","floor":18.0},{"not_picked":["Eviscerate"],"picked":"SKIP","floor":21.0},{"not_picked":["Flying Knee"],"picked":"SKIP","floor":24.0},{"not_picked":["Grand Finale"],"picked":"SKIP","floor":30.0},{"not_picked":[],"picked":"Envenom","floor":33},{"not_picked":["Prepared"],"picked":"SKIP","floor":35},{"not_picked":["Underhanded Strike+1"],"picked":"SKIP","floor":37},{"not_picked":["Outmaneuver"],"picked":"SKIP","floor":38},{"not_picked":["Blade Dance+1"],"picked":"SKIP","floor":39},{"not_picked":["Sucker Punch+1"],"picked":"SKIP","floor":41},{"not_picked":["Heel Hook"],"picked":"SKIP","floor":42},{"not_picked":[],"picked":"Noxious Fumes","floor":44},{"not_picked":["Dagger Spray"],"picked":"Singing Bowl","floor":47}],"player_experience":200037,"relics_obtained":[{"floor":2.0,"key":"Pen Nib"},{"floor":9.0,"key":"Meat on the Bone"},{"floor":10.0,"key":"Bag of Marbles"},{"floor":24.0,"key":"Incense Burner"},{"floor":26.0,"key":"Paper Crane"},{"floor":29.0,"key":"Nunchaku"},{"floor":30.0,"key":"Omamori"},{"floor":43,"key":"Singing Bowl"},{"floor":47,"key":"Torii"}],"event_choices":[{"damage_healed":0.0,"max_hp_gain":5.0,"max_hp_loss":0.0,"gold_gain":0.0,"event_name":"Big Fish","player_choice":"Donut","floor":5.0,"gold_loss":0.0,"damage_taken":0.0},{"damage_healed":0.0,"max_hp_gain":0.0,"max_hp_loss":0.0,"gold_gain":0.0,"event_name":"Shining Light","player_choice":"Entered Light","floor":7.0,"gold_loss":0.0,"damage_taken":15.0,"cards_upgraded":["Neutralize","Strike_G"]},{"cards_removed":["Strike_G"],"damage_healed":0.0,"max_hp_gain":0.0,"max_hp_loss":0.0,"gold_gain":0.0,"event_name":"The Cleric","player_choice":"Card Removal","floor":12.0,"gold_loss":50.0,"damage_taken":0.0},{"damage_healed":0.0,"max_hp_gain":0.0,"max_hp_loss":0.0,"gold_gain":0.0,"event_name":"The Mausoleum","player_choice":"Ignored","floor":19.0,"gold_loss":0.0,"damage_taken":0.0},{"damage_healed":0.0,"max_hp_gain":0.0,"max_hp_loss":0.0,"gold_gain":0.0,"event_name":"The Library","player_choice":"Read","floor":28.0,"gold_loss":0.0,"damage_taken":0.0,"cards_obtained":["Poisoned Stab"]},{"damage_healed":0,"gold_gain":0,"player_choice":"Copied","damage_taken":0,"max_hp_gain":0,"max_hp_loss":0,"event_name":"Duplicator","floor":36,"gold_loss":0,"cards_obtained":["Catalyst"]},{"damage_healed":0,"gold_gain":0,"player_choice":"Fight","damage_taken":0,"max_hp_gain":0,"max_hp_loss":0,"event_name":"Mysterious Sphere","floor":47,"gold_loss":0},{"damage_healed":0,"gold_gain":0,"player_choice":"Max HP","damage_taken":0,"max_hp_gain":0,"max_hp_loss":4,"event_name":"Winding Halls","floor":48,"gold_loss":0}],"is_beta":false,"boss_relics":[{"not_picked":["Fusion Hammer","Ectoplasm"],"picked":"Busted Crown"},{"not_picked":["Tiny House","Ring of the Serpent"],"picked":"Velvet Choker"}],"items_purged_floors":[4,31,46],"is_endless":false,"potions_floor_spawned":[3,8,10,16,21,30,39,42,44],"ascension_level":1}