{"gold_per_floor":[116,116,126,140,153,153,183,183,183,202,202,221,221,236,236,334,334,259,270,285,302,312,312,328,338,338,355,368,368,47,59,59,59],"floor_reached":33,"playtime":5400,"items_purged":[],"score":257,"play_id":"46f3bfeb-079d-4913-9e6b-b5a8eeedc016","local_time":"20190705073232","is_ascension_mode":false,"campfire_choices":[{"data":"Self Repair","floor":6.0,"key":"SMITH"},{"floor":8.0,"key":"REST"},{"data":"Glacier","floor":11.0,"key":"SMITH"},{"data":"Loop","floor":15.0,"key":"SMITH"},{"data":"Hello World","floor":23.0,"key":"SMITH"},{"floor":32,"key":"REST"}],"neow_cost":"NONE","seed_source_timestamp":0,"circlet_count":0,"master_deck":["Strike_B","Strike_B","Strike_B","Strike_B","Defend_B","Defend_B","Defend_B","Defend_B","Zap","Dualcast","Steam","Genetic Algorithm","Redo","Self Repair+1","Leap","Glacier+1","Loop+1","Conserve Battery","Amplify","Go for the Eyes","Hello World+1","Capacitor","Melter+1","Doom and Gloom","Darkness","Defragment","Buffer","Fusion","Panache","Auto Shields"],"special_seed":0,"relics":["FrozenCore","Bronze Scales","Pear","Torii","Darkstone Periapt","Lantern"],"potions_floor_usage":[],"damage_taken":[{"damage":2.0,"enemies":"2 Louse","floor":1.0,"turns":3.0},{"damage":4.0,"enemies":"Cultist","floor":3.0,"turns":4.0},{"damage":6.0,"enemies":"Jaw Worm","floor":4.0,"turns":5.0},{"damage":2.0,"enemies":"Exordium Thugs","floor":5.0,"turns":5.0},{"damage":42.0,"enemies":"3 Sentries","floor":7.0,"turns":9.0},{"damage":3.0,"enemies":"Blue Slaver","floor":10.0,"turns":4.0},{"damage":0.0,"enemies":"Looter","floor":12.0,"turns":4.0},{"damage":11.0,"enemies":"Exordium Wildlife","floor":14.0,"turns":6.0},{"damage":58.0,"enemies":"Hexaghost","floor":16.0,"turns":14.0},{"damage":7.0,"enemies":"2 Thieves","floor":18.0,"turns":5.0},{"damage":4.0,"enemies":"Shell Parasite","floor":19.0,"turns":11.0},{"damage":0.0,"enemies":"Chosen and Byrds","floor":20.0,"turns":8.0},{"damage":3.0,"enemies":"Shelled Parasite and Fungi","floor":21.0,"turns":8.0},{"damage":15.0,"enemies":"Sentry and Sphere","floor":22.0,"turns":5.0},{"damage":22.0,"enemies":"Centurion and Healer","floor":24.0,"turns":10.0},{"damage":40.0,"enemies":"Cultist and Chosen","floor":25.0,"turns":8.0},{"damage":0.0,"enemies":"Shelled Parasite and Fungi","floor":27.0,"turns":7.0},{"damage":20.0,"enemies":"3 Cultists","floor":28.0,"turns":7.0},{"damage":18,"enemies":"Snecko","floor":31,"turns":7},{"damage":77,"enemies":"Automaton","floor":33,"turns":8}],"seed_played":"-6850894400227540680","potions_obtained":[{"floor":1.0,"key":"Explosive Potion"},{"floor":4.0,"key":"EssenceOfSteel"},{"floor":7.0,"key":"GamblersBrew"},{"floor":16.0,"key":"Block Potion"},{"floor":19.0,"key":"Regen Potion"}],"is_trial":false,"path_per_floor":["M","?","M","M","M","R","E","R","T","M","R","M","?","M","R","B",null,"M","M","M","M","M","R","M","M","T","M","M","T","$","M","R","B"],"character_chosen":"DEFECT","items_purchased":["Lantern","Panache"],"campfire_rested":2,"item_purchase_floors":[30,30],"current_hp_per_floor":[73,75,71,65,63,63,31,53,63,70,70,80,80,79,79,31,85,85,85,85,85,80,80,68,48,48,58,48,48,48,40,65,0],"gold":59,"neow_bonus":"THREE_CARDS","is_prod":false,"is_daily":false,"chose_seed":false,"campfire_upgraded":4,"win_rate":0.0,"timestamp":1562333552,"path_taken":["M","?","M","M","M","R","E","R","T","M","R","?","?","M","R","BOSS","M","M","M","M","M","R","M","M","T","M","M","?","$","M","R","BOSS"],"build_version":"2019-07-01","purchased_purges":0,"victory":false,"max_hp_per_floor":[75,75,75,75,75,75,75,75,85,85,85,85,85,85,85,85,85,85,85,85,85,85,85,85,85,85,85,85,85,85,85,85,85],"card_choices":[{"not_picked":["Beam Cell","Sweeping Beam"],"picked":"Steam","floor":0.0},{"not_picked":["Cold Snap","Sweeping Beam"],"picked":"Self Repair","floor":1.0},{"not_picked":["Force Field","Gash"],"picked":"Genetic Algorithm","floor":3.0},{"not_picked":["Coolheaded","Go for the Eyes"],"picked":"Redo","floor":4.0},{"not_picked":["Go for the Eyes","Leap"],"picked":"Self Repair","floor":5.0},{"not_picked":["Steam","Melter"],"picked":"Leap","floor":7.0},{"not_picked":["Compile Driver","Stack"],"picked":"Glacier","floor":10.0},{"not_picked":["Redo","Ball Lightning"],"picked":"Loop","floor":12.0},{"not_picked":["Hologram","Compile Driver"],"picked":"Conserve Battery","floor":14.0},{"not_picked":["Biased Cognition","Multi-Cast"],"picked":"Amplify","floor":16.0},{"not_picked":["Stack","Beam Cell"],"picked":"Go for the Eyes","floor":18.0},{"not_picked":["Barrage","Gash"],"picked":"Hello World","floor":19.0},{"not_picked":["Skim","Scrape+1"],"picked":"Capacitor","floor":20.0},{"not_picked":["Steam+1","Auto Shields"],"picked":"Melter+1","floor":21.0},{"not_picked":["Loop+1","BootSequence"],"picked":"Doom and Gloom","floor":22.0},{"not_picked":["Hologram+1","Steam"],"picked":"Darkness","floor":24.0},{"not_picked":["Beam Cell","Redo"],"picked":"Defragment","floor":25.0},{"not_picked":["Steam","Chill"],"picked":"Buffer","floor":27.0},{"not_picked":["Barrage","Tempest"],"picked":"Fusion","floor":28.0},{"not_picked":["Streamline","Gash"],"picked":"Auto Shields","floor":31}],"player_experience":12551,"relics_obtained":[{"floor":7.0,"key":"Bronze Scales"},{"floor":9.0,"key":"Pear"},{"floor":26.0,"key":"Torii"},{"floor":29.0,"key":"Darkstone Periapt"}],"event_choices":[{"cards_removed":["Self Repair"],"damage_healed":2.0,"max_hp_gain":0.0,"max_hp_loss":0.0,"gold_gain":0.0,"event_name":"Bonfire Elementals","player_choice":"Offered Uncommon","floor":2.0,"gold_loss":0.0,"damage_taken":0.0},{"damage_healed":0.0,"max_hp_gain":0.0,"max_hp_loss":0.0,"gold_gain":0.0,"event_name":"Purifier","player_choice":"Ignored","floor":13.0,"gold_loss":0.0,"damage_taken":0.0}],"is_beta":false,"boss_relics":[{"not_picked":["Busted Crown","White Beast Statue"],"picked":"FrozenCore"}],"items_purged_floors":[],"is_endless":false,"potions_floor_spawned":[1,4,7,16,19,22,25,31],"killed_by":"Automaton","ascension_level":0}