{"path_per_floor":["M","?","M","M","M","R","E","$","T","M","M","R","E","M","R","B",null,"M","?","M","$","M","E","M","R","T","R","?","$","?","M","R","B",null,"M","$","?","?","$","R","M","M","T","M","E","M","M","?","R","B"],"character_chosen":"THE_SILENT","items_purchased":["Mind Blast","Outmaneuver","Kunai","Noxious Fumes","Backstab","Distraction"],"gold_per_floor":[116,116,135,148,158,158,189,53,76,89,104,104,134,149,149,248,248,267,267,282,4,22,55,72,72,72,72,72,5,5,24,24,127,127,140,65,65,65,28,28,41,55,55,67,96,107,119,119,119,119],"floor_reached":51,"campfire_rested":3,"playtime":4756,"item_purchase_floors":[8,8,21,21,29,39],"current_hp_per_floor":[70,70,70,70,69,69,69,69,69,69,69,69,56,56,56,30,70,66,80,80,80,68,54,54,78,78,78,78,78,62,61,80,33,80,80,80,80,80,80,80,80,58,65,68,36,36,17,40,67,6],"items_purged":["Writhe"],"gold":119,"score":736,"play_id":"e3b3741c-db3a-49af-83f2-0861a60a20d6","local_time":"20180528173615","is_prod":false,"is_daily":false,"chose_seed":false,"is_ascension_mode":false,"campfire_upgraded":5,"win_rate":0.0,"timestamp":1527525375,"campfire_choices":[{"data":"Dodge and Roll","floor":6,"key":"SMITH"},{"data":"Caltrops","floor":12,"key":"SMITH"},{"data":"Mind Blast","floor":15,"key":"SMITH"},{"floor":25,"key":"REST"},{"data":"Infinite Blades","floor":27,"key":"SMITH"},{"floor":32,"key":"REST"},{"data":"A Thousand Cuts","floor":40,"key":"SMITH"},{"floor":49,"key":"REST"}],"path_taken":["M","?","?","M","?","R","E","$","T","M","M","R","E","M","R","BOSS","M","?","M","$","M","E","M","R","T","R","?","$","?","M","R","BOSS","M","$","?","?","$","R","M","M","T","M","E","M","M","?","R","BOSS"],"build_version":"2018-05-24","seed_source_timestamp":3982863246400,"purchased_purges":1,"victory":true,"master_deck":["Defend_G","Defend_G","Defend_G","Defend_G","Defend_G","Strike_G","Strike_G","Strike_G","Survivor","Neutralize","Flying Knee","Heel Hook","Dagger Throw","Dodge and Roll+1","Backstab","Mind Blast+1","Outmaneuver","Caltrops+1","Skewer","Deflect","A Thousand Cuts+1","Acrobatics","Noxious Fumes","All Out Attack+1","Crippling Poison","Infinite Blades+1","Backstab","Necronomicurse","Deadly Poison","After Image","Deadly Poison+1","Distraction","Skewer","Clumsy","Catalyst+1","Poisoned Stab+1","Writhe"],"max_hp_per_floor":[70,70,70,70,70,70,70,70,70,70,70,70,70,70,70,70,70,70,80,80,80,80,80,80,80,80,80,80,80,80,80,80,80,80,80,80,80,80,80,80,80,80,87,92,92,92,92,92,92,92],"relics":["Ring of the Snake","Orichalcum","Bag of Marbles","Anchor","Snake Skull","Velvet Choker","Kunai","Juzu Bracelet","Pantograph","Art of War","Necronomicon","Cursed Key","Strawberry","Dead Branch"],"card_choices":[{"not_picked":["Cloak And Dagger","Heel Hook"],"picked":"Flying Knee","floor":1},{"not_picked":["Masterful Stab","Flying Knee"],"picked":"Dagger Throw","floor":3},{"not_picked":["PiercingWail","Deflect"],"picked":"Dodge and Roll","floor":4},{"not_picked":["Deflect","Flechettes"],"picked":"Backstab","floor":5},{"not_picked":["Underhanded Strike","Flechettes"],"picked":"Die Die Die","floor":7},{"not_picked":["Flying Knee","Deadly Poison"],"picked":"Caltrops","floor":10},{"not_picked":["Prepared","Acrobatics"],"picked":"Skewer","floor":11},{"not_picked":["Dodge and Roll","Leg Sweep"],"picked":"Deflect","floor":13},{"not_picked":["Outmaneuver","Dagger Spray","Dodge and Roll"],"picked":"SKIP","floor":14},{"not_picked":["Bullet Time","Corpse Explosion"],"picked":"A Thousand Cuts","floor":16},{"not_picked":["Dodge and Roll","Blade Dance","PiercingWail"],"picked":"SKIP","floor":18},{"not_picked":["PiercingWail","Blur+1"],"picked":"Acrobatics","floor":20},{"not_picked":["Cloak And Dagger","PiercingWail+1"],"picked":"All Out Attack+1","floor":22},{"not_picked":["Acrobatics","Distraction+1"],"picked":"Crippling Poison","floor":23},{"not_picked":["Dagger Throw+1","Blur"],"picked":"Infinite Blades","floor":24},{"not_picked":["Prepared","Bouncing Flask"],"picked":"Deadly Poison","floor":31},{"not_picked":["Storm of Steel","Night Terror"],"picked":"After Image","floor":33},{"not_picked":["Sucker Punch","Escape Plan+1"],"picked":"Deadly Poison+1","floor":35},{"not_picked":["Dagger Spray+1","Distraction+1","Dagger Throw"],"picked":"SKIP","floor":41},{"not_picked":["PiercingWail+1","Bouncing Flask"],"picked":"Skewer","floor":42},{"not_picked":["Crippling Poison+1","Deadly Poison"],"picked":"Catalyst+1","floor":44},{"not_picked":["Expertise+1","Crippling Poison+1"],"picked":"Poisoned Stab+1","floor":45},{"not_picked":["Deadly Poison+1","Dagger Spray","Flying Knee+1"],"picked":"SKIP","floor":46},{"not_picked":["Distraction+1","Blur+1","Acrobatics+1"],"picked":"SKIP","floor":47}],"player_experience":218110,"potions_floor_usage":[7,23,23,24,44,50],"damage_taken":[{"damage":0,"enemies":"Cultist","floor":1,"turns":4},{"damage":0,"enemies":"Jaw Worm","floor":3,"turns":5},{"damage":0,"enemies":"Small Slimes","floor":4,"turns":4},{"damage":1,"enemies":"Looter","floor":5,"turns":3},{"damage":0,"enemies":"Gremlin Nob","floor":7,"turns":3},{"damage":0,"enemies":"Large Slime","floor":10,"turns":1},{"damage":0,"enemies":"Gremlin Gang","floor":11,"turns":3},{"damage":13,"enemies":"3 Sentries","floor":13,"turns":5},{"damage":0,"enemies":"3 Louse","floor":14,"turns":2},{"damage":26,"enemies":"The Guardian","floor":16,"turns":14},{"damage":4,"enemies":"Spheric Guardian","floor":18,"turns":3},{"damage":0,"enemies":"Chosen","floor":20,"turns":3},{"damage":12,"enemies":"Sentry and Sphere","floor":22,"turns":6},{"damage":14,"enemies":"Book of Stabbing","floor":23,"turns":5},{"damage":0,"enemies":"Cultist and Chosen","floor":24,"turns":4},{"damage":1,"enemies":"3 Cultists","floor":31,"turns":4},{"damage":47,"enemies":"Collector","floor":33,"turns":9},{"damage":0,"enemies":"3 Shapes","floor":35,"turns":4},{"damage":0,"enemies":"Orb Walker","floor":41,"turns":1},{"damage":22,"enemies":"Maw","floor":42,"turns":7},{"damage":2,"enemies":"3 Darklings","floor":44,"turns":4},{"damage":32,"enemies":"Giant Head","floor":45,"turns":7},{"damage":0,"enemies":"Sphere and 2 Shapes","floor":46,"turns":2},{"damage":19,"enemies":"Maw","floor":47,"turns":6},{"damage":86,"enemies":"Awakened One","floor":50,"turns":13}],"relics_obtained":[{"floor":7,"key":"Bag of Marbles"},{"floor":9,"key":"Anchor"},{"floor":13,"key":"Snake Skull"},{"floor":23,"key":"Juzu Bracelet"},{"floor":26,"key":"Pantograph"},{"floor":30,"key":"Necronomicon"},{"floor":43,"key":"Strawberry"},{"floor":45,"key":"Dead Branch"}],"event_choices":[{"event_name":"Transmorgrifier","player_choice":"Transform","floor":2,"damage_taken":0},{"event_name":"Bonfire Elementals","player_choice":"RARE","floor":19,"damage_taken":0},{"event_name":"The Mausoleum","player_choice":"Yes","floor":28,"damage_taken":0},{"event_name":"Cursed Tome","player_choice":"Obtained Book","floor":30,"damage_taken":0},{"event_name":"Accursed Blacksmith","player_choice":"Ignore","floor":37,"damage_taken":0},{"event_name":"Purifier","player_choice":"One Purge","floor":38,"damage_taken":0},{"event_name":"Winding Halls","player_choice":"Writhe","floor":48,"damage_taken":0}],"boss_relics":[{"not_picked":["Tiny House","Lizard Tail"],"picked":"Velvet Choker"},{"not_picked":["Runic Pyramid","Black Star"],"picked":"Cursed Key"}],"items_purged_floors":[36],"potions_floor_spawned":[3,4,5,7,10,14,18,31,33,42,45,47],"seed_played":"-2263983207201748275","ascension_level":0,"potions_obtained":[{"floor":3,"key":"Dexterity Potion"},{"floor":4,"key":"AttackPotion"},{"floor":5,"key":"PowerPotion"},{"floor":7,"key":"AttackPotion"},{"floor":14,"key":"Fire Potion"},{"floor":18,"key":"EssenceOfSteel"},{"floor":31,"key":"SpeedPotion"},{"floor":33,"key":"Dexterity Potion"},{"floor":42,"key":"Fruit Juice"},{"floor":45,"key":"Fire Potion"}],"is_trial":false}