{"gold_per_floor":[119,132,8,8,21,21,39,52,79,91,26,46,46,46,46,146,146,160,173,186,206,206,206,224,224,224,224,224,39,39,15,15,118,118,138,47,60,60,72,87,104,122,122,138,151,163,163,178,178,178],"floor_reached":51,"playtime":11397,"items_purged":["Injury"],"score":672,"play_id":"20c06fe4-2143-4206-887c-c7536c971589","local_time":"20190711032016","is_ascension_mode":false,"campfire_choices":[{"floor":6.0,"key":"REST"},{"data":"Metallicize","floor":15.0,"key":"SMITH"},{"floor":23.0,"key":"REST"},{"data":"Searing Blow","floor":25.0,"key":"SMITH"},{"floor":32.0,"key":"REST"},{"floor":47.0,"key":"REST"},{"floor":49.0,"key":"REST"}],"neow_cost":"CURSE","seed_source_timestamp":0,"circlet_count":0,"master_deck":["Strike_R","Strike_R","Strike_R","Strike_R","Strike_R","Defend_R","Defend_R+1","Defend_R","Defend_R","Bash","Iron Wave","Twin Strike","Cleave","Blood for Blood","Double Tap+1","Battle Trance+1","Metallicize+1","Pommel Strike","Juggernaut","Searing Blow+1","Armaments","Clash","Ghostly Armor","Sword Boomerang","Metamorphosis","Necronomicurse","Cleave","Hemokinesis","Uppercut","Perfected Strike","Body Slam","Pommel Strike","Headbutt+1","Headbutt","Searing Blow","Twin Strike+1","Disarm","Body Slam","Pommel Strike"],"special_seed":0,"relics":["Burning Blood","Torii","Pen Nib","MawBank","Busted Crown","MutagenicStrength","Red Skull","War Paint","Boot","Necronomicon","Fusion Hammer","Bottled Lightning"],"potions_floor_usage":[],"damage_taken":[{"damage":10.0,"enemies":"Jaw Worm","floor":1.0,"turns":4.0},{"damage":0.0,"enemies":"Small Slimes","floor":2.0,"turns":3.0},{"damage":1.0,"enemies":"Cultist","floor":5.0,"turns":3.0},{"damage":2.0,"enemies":"Exordium Wildlife","floor":7.0,"turns":5.0},{"damage":0.0,"enemies":"3 Louse","floor":8.0,"turns":1.0},{"damage":7.0,"enemies":"Large Slime","floor":12.0,"turns":5.0},{"damage":47.0,"enemies":"Hexaghost","floor":16.0,"turns":8.0},{"damage":22.0,"enemies":"2 Thieves","floor":18.0,"turns":4.0},{"damage":10.0,"enemies":"Spheric Guardian","floor":19.0,"turns":4.0},{"damage":3.0,"enemies":"Chosen and Byrds","floor":20.0,"turns":5.0},{"damage":16.0,"enemies":"Snake Plant","floor":21.0,"turns":4.0},{"damage":13.0,"enemies":"Snecko","floor":24.0,"turns":4.0},{"damage":66.0,"enemies":"Champ","floor":33.0,"turns":9.0},{"damage":0.0,"enemies":"Orb Walker","floor":35.0,"turns":2.0},{"damage":7.0,"enemies":"3 Shapes","floor":37.0,"turns":2.0},{"damage":16.0,"enemies":"Sphere and 2 Shapes","floor":39.0,"turns":4.0},{"damage":3.0,"enemies":"Writhing Mass","floor":40.0,"turns":4.0},{"damage":29.0,"enemies":"3 Darklings","floor":41.0,"turns":3.0},{"damage":13.0,"enemies":"Jaw Worm Horde","floor":42.0,"turns":4.0},{"damage":3.0,"enemies":"Transient","floor":44.0,"turns":5.0},{"damage":28.0,"enemies":"Writhing Mass","floor":45.0,"turns":3.0},{"damage":8.0,"enemies":"4 Shapes","floor":46.0,"turns":4.0},{"damage":24.0,"enemies":"Jaw Worm Horde","floor":48.0,"turns":3.0},{"damage":58.0,"enemies":"Awakened One","floor":50.0,"turns":10.0}],"seed_played":"-3008072811837163087","potions_obtained":[{"floor":2.0,"key":"Explosive Potion"},{"floor":5.0,"key":"Explosive Potion"},{"floor":12.0,"key":"SneckoOil"},{"floor":20.0,"key":"EssenceOfSteel"},{"floor":21.0,"key":"Poison Potion"},{"floor":24.0,"key":"Weak Potion"},{"floor":37.0,"key":"FairyPotion"},{"floor":46.0,"key":"FairyPotion"},{"floor":48.0,"key":"Weak Potion"}],"is_trial":false,"path_per_floor":["M","M","$","?","M","R","M","M","T","?","$","M","?","?","R","B",null,"M","M","M","M","?","R","M","R","T","T","?","$","?","$","R","B",null,"M","$","M","?","M","M","M","M","T","M","M","M","R","M","R","B",null],"character_chosen":"IRONCLAD","items_purchased":["Cleave","Metallicize","Metamorphosis","Cleave","Uppercut","Perfected Strike"],"campfire_rested":5,"item_purchase_floors":[3,11,29,31,36,36],"current_hp_per_floor":[76,80,80,68,73,80,80,80,80,85,85,84,84,84,84,43,85,69,65,68,58,58,83,76,76,76,76,76,76,60,60,85,25,85,85,85,84,95,85,88,65,58,58,61,39,37,65,47,75,23],"gold":178,"neow_bonus":"ONE_RARE_RELIC","is_prod":false,"is_daily":false,"chose_seed":false,"campfire_upgraded":2,"win_rate":0.0,"timestamp":1562829616,"path_taken":["M","M","$","?","M","R","M","M","T","?","$","M","?","?","R","BOSS","M","?","M","M","?","R","M","R","T","?","?","$","?","?","R","BOSS","M","$","M","?","M","M","M","M","T","M","?","M","R","?","R","BOSS"],"build_version":"2019-07-05","purchased_purges":1,"victory":true,"max_hp_per_floor":[80,80,80,80,80,80,80,80,80,85,85,85,85,85,85,85,85,85,85,85,85,85,85,85,85,85,85,85,85,85,85,85,85,85,85,85,85,95,95,95,95,95,95,95,95,95,95,95,95,95],"card_choices":[{"not_picked":["Pommel Strike","Seeing Red"],"picked":"Iron Wave","floor":1.0},{"not_picked":["Anger","Corruption"],"picked":"Twin Strike","floor":2.0},{"not_picked":["Searing Blow","Sword Boomerang"],"picked":"Blood for Blood","floor":5.0},{"not_picked":["Uppercut","Shrug It Off"],"picked":"Double Tap","floor":7.0},{"not_picked":["Anger","Sword Boomerang"],"picked":"Battle Trance","floor":8.0},{"not_picked":["Clash","Warcry"],"picked":"Pommel Strike","floor":12.0},{"not_picked":["Brutality","Offering"],"picked":"Juggernaut","floor":16.0},{"not_picked":[],"picked":"Searing Blow","floor":18.0},{"not_picked":[],"picked":"Armaments","floor":19.0},{"not_picked":[],"picked":"Clash","floor":20.0},{"not_picked":[],"picked":"Ghostly Armor","floor":21.0},{"not_picked":[],"picked":"Sword Boomerang","floor":24.0},{"not_picked":[],"picked":"Juggernaut","floor":33.0},{"not_picked":[],"picked":"Hemokinesis","floor":35.0},{"not_picked":[],"picked":"Body Slam","floor":37.0},{"not_picked":[],"picked":"Pommel Strike","floor":39.0},{"not_picked":[],"picked":"Headbutt+1","floor":40.0},{"not_picked":[],"picked":"Headbutt","floor":41.0},{"not_picked":[],"picked":"Searing Blow","floor":42.0},{"not_picked":[],"picked":"Twin Strike+1","floor":44.0},{"not_picked":[],"picked":"Disarm","floor":45.0},{"not_picked":[],"picked":"Body Slam","floor":46.0},{"not_picked":[],"picked":"Pommel Strike","floor":48.0}],"player_experience":7667,"relics_obtained":[{"floor":9.0,"key":"MawBank"},{"floor":26.0,"key":"Red Skull"},{"floor":27.0,"key":"War Paint"},{"floor":30.0,"key":"Necronomicon"},{"floor":43.0,"key":"Bottled Lightning"}],"event_choices":[{"damage_healed":0.0,"max_hp_gain":0.0,"max_hp_loss":0.0,"gold_gain":0.0,"event_name":"Scrap Ooze","player_choice":"Success","floor":4.0,"gold_loss":0.0,"damage_taken":12.0,"relics_obtained":["Pen Nib"]},{"damage_healed":0.0,"max_hp_gain":5.0,"max_hp_loss":0.0,"gold_gain":0.0,"event_name":"Big Fish","player_choice":"Donut","floor":10.0,"gold_loss":0.0,"damage_taken":0.0},{"damage_healed":0.0,"max_hp_gain":0.0,"max_hp_loss":0.0,"gold_gain":0.0,"event_name":"Dead Adventurer","player_choice":"Searched \u00271\u0027 times","floor":13.0,"gold_loss":0.0,"damage_taken":0.0},{"damage_healed":0.0,"max_hp_gain":0.0,"max_hp_loss":0.0,"gold_gain":0.0,"event_name":"Upgrade Shrine","player_choice":"Upgraded","floor":14.0,"gold_loss":0.0,"damage_taken":0.0,"cards_upgraded":["Double Tap"]},{"damage_healed":0.0,"max_hp_gain":0.0,"max_hp_loss":0.0,"gold_gain":0.0,"event_name":"Drug Dealer","player_choice":"Inject Mutagens","floor":22.0,"gold_loss":0.0,"damage_taken":0.0,"relics_obtained":["MutagenicStrength"]},{"damage_healed":0.0,"max_hp_gain":0.0,"max_hp_loss":0.0,"gold_gain":0.0,"event_name":"The Mausoleum","player_choice":"Opened","floor":28.0,"gold_loss":0.0,"damage_taken":0.0,"relics_obtained":["Boot"]},{"damage_healed":0.0,"max_hp_gain":0.0,"max_hp_loss":0.0,"gold_gain":0.0,"event_name":"Cursed Tome","player_choice":"Obtained Book","floor":30.0,"gold_loss":0.0,"damage_taken":16.0},{"cards_removed":["Juggernaut"],"damage_healed":1.0,"max_hp_gain":10.0,"max_hp_loss":0.0,"gold_gain":0.0,"event_name":"Bonfire Elementals","player_choice":"Offered Rare","floor":38.0,"gold_loss":0.0,"damage_taken":0.0}],"is_beta":false,"boss_relics":[{"not_picked":["Coffee Dripper","Calling Bell"],"picked":"Busted Crown"},{"not_picked":["Eternal Feather","Orrery"],"picked":"Fusion Hammer"}],"items_purged_floors":[3],"is_endless":false,"potions_floor_spawned":[2,5,12,20,21,24,37,39,46,48],"ascension_level":0}