{"gold_per_floor":[99,99,99,99,99,99,99,30,30,30,30,30,30,30,30,30,30,30,30,6,6,6,6,0,0,0,0,0,0,0,0,0,0],"floor_reached":33,"playtime":1080,"items_purged":[],"score":416,"play_id":"e9752d81-3934-462f-a917-a5c6b648169a","local_time":"20190607125321","is_ascension_mode":true,"campfire_choices":[{"floor":6,"key":"REST"},{"floor":12,"key":"REST"},{"floor":15,"key":"REST"},{"floor":23,"key":"REST"},{"floor":25,"key":"REST"},{"floor":28,"key":"REST"},{"floor":32,"key":"REST"}],"neow_cost":"NONE","seed_source_timestamp":20222244767592,"circlet_count":0,"master_deck":["Defend_G","Defend_G","Defend_G","Defend_G","Defend_G","Strike_G","Strike_G","Strike_G","Survivor","Neutralize","Noxious Fumes","Bane","Poisoned Stab","Die Die Die","Catalyst","Noxious Fumes","Dagger Spray","Venomology","Bane","Bouncing Flask+1","PiercingWail+1"],"relics":["Ectoplasm","Anchor","Bottled Flame","NlothsMask","Girya","Peace Pipe","Empty Cage","Pen Nib"],"potions_floor_usage":[7,11,18,19,24,27,30,30,31,33,33,33,33],"damage_taken":[{"damage":0,"enemies":"Cultist","floor":1,"turns":4},{"damage":0,"enemies":"2 Louse","floor":2,"turns":3},{"damage":3,"enemies":"Small Slimes","floor":4,"turns":4},{"damage":1,"enemies":"2 Fungi Beasts","floor":5,"turns":4},{"damage":20,"enemies":"Lagavulin","floor":7,"turns":7},{"damage":8,"enemies":"Gremlin Nob","floor":11,"turns":3},{"damage":20,"enemies":"Lagavulin","floor":13,"turns":6},{"damage":0,"enemies":"Exordium Thugs","floor":14,"turns":4},{"damage":29,"enemies":"The Guardian","floor":16,"turns":9},{"damage":19,"enemies":"Shell Parasite","floor":18,"turns":5},{"damage":6,"enemies":"Colosseum Slavers","floor":19,"turns":4},{"damage":18,"enemies":"2 Thieves","floor":24,"turns":5},{"damage":23,"enemies":"Centurion and Healer","floor":27,"turns":6},{"damage":0,"enemies":"Gremlin Leader","floor":30,"turns":5},{"damage":19,"enemies":"Snake Plant","floor":31,"turns":4},{"damage":105,"enemies":"Collector","floor":33,"turns":5}],"seed_played":"-2741448041557503521","potions_obtained":[{"floor":2,"key":"Explosive Potion"},{"floor":4,"key":"AttackPotion"},{"floor":7,"key":"Poison Potion"},{"floor":11,"key":"SteroidPotion"},{"floor":13,"key":"Poison Potion"},{"floor":27,"key":"PowerPotion"},{"floor":30,"key":"Block Potion"}],"is_trial":false,"path_per_floor":["M","M","$","M","M","R","E","$","T","?","E","R","E","M","R","B",null,"M","?","$","?","?","R","M","R","T","M","R","?","E","M","R","B"],"character_chosen":"THE_SILENT","items_purchased":["Catalyst","Bane"],"campfire_rested":7,"item_purchase_floors":[8,20],"current_hp_per_floor":[63,63,63,60,59,70,50,50,50,50,42,63,43,43,64,35,61,42,36,36,23,48,70,52,74,74,51,73,73,73,54,75,0],"gold":0,"neow_bonus":"BOSS_RELIC","is_prod":false,"is_daily":false,"chose_seed":false,"campfire_upgraded":0,"win_rate":0,"timestamp":1559926401,"path_taken":["M","M","$","M","?","R","E","?","T","?","E","R","E","M","R","BOSS","M","?","$","?","?","R","M","R","T","?","R","?","E","M","R","BOSS"],"build_version":"2019-01-23","purchased_purges":0,"victory":false,"max_hp_per_floor":[70,70,70,70,70,70,70,70,70,70,70,70,70,70,70,70,70,70,70,70,75,75,75,75,75,75,75,75,75,75,75,75,75],"card_choices":[{"not_picked":["Slice","Cloak And Dagger"],"picked":"Noxious Fumes","floor":1},{"not_picked":["Setup","Escape Plan","Underhanded Strike"],"picked":"SKIP","floor":2},{"not_picked":["Underhanded Strike","Flechettes"],"picked":"Bane","floor":4},{"not_picked":["Deflect","Deadly Poison"],"picked":"Poisoned Stab","floor":5},{"not_picked":["Backstab","Choke"],"picked":"Die Die Die","floor":7},{"not_picked":["After Image","A Thousand Cuts"],"picked":"Noxious Fumes","floor":11},{"not_picked":["Acrobatics","Slice","Underhanded Strike"],"picked":"SKIP","floor":13},{"not_picked":["Outmaneuver","Dodge and Roll"],"picked":"Dagger Spray","floor":14},{"not_picked":["Storm of Steel","Die Die Die"],"picked":"Venomology","floor":16},{"not_picked":["Prepared+1","Reflex","Slice+1"],"picked":"SKIP","floor":18},{"not_picked":["Underhanded Strike","Quick Slash","Cloak And Dagger+1"],"picked":"SKIP","floor":24},{"not_picked":["Endless Agony","Prepared"],"picked":"Bouncing Flask+1","floor":27},{"not_picked":["Calculated Gamble+1","Accuracy+1"],"picked":"PiercingWail+1","floor":30},{"not_picked":["Slice","Underhanded Strike+1","Accuracy"],"picked":"SKIP","floor":31}],"player_experience":403521,"relics_obtained":[{"floor":7,"key":"Anchor"},{"floor":9,"key":"Bottled Flame"},{"floor":11,"key":"Girya"},{"floor":13,"key":"Peace Pipe"},{"floor":30,"key":"Pen Nib"}],"event_choices":[{"damage_healed":0,"gold_gain":0,"player_choice":"Trade","damage_taken":0,"relics_obtained":["NlothsMask"],"max_hp_gain":0,"max_hp_loss":0,"event_name":"FaceTrader","floor":10,"gold_loss":0},{"damage_healed":0,"gold_gain":0,"player_choice":"Fight","damage_taken":0,"max_hp_gain":0,"max_hp_loss":0,"event_name":"Colosseum","floor":19,"gold_loss":0},{"damage_healed":0,"gold_gain":0,"player_choice":"Fled From Nobs","damage_taken":0,"max_hp_gain":0,"max_hp_loss":0,"event_name":"Colosseum","floor":19,"gold_loss":0},{"damage_healed":0,"gold_gain":0,"player_choice":"Shed Blood","damage_taken":18,"max_hp_gain":5,"max_hp_loss":0,"event_name":"Forgotten Altar","floor":21,"gold_loss":0},{"damage_healed":25,"gold_gain":0,"player_choice":"Heal","damage_taken":0,"max_hp_gain":0,"max_hp_loss":0,"event_name":"The Library","floor":22,"gold_loss":0},{"damage_healed":0,"gold_gain":99,"player_choice":"Stole From Cult","damage_taken":0,"max_hp_gain":0,"max_hp_loss":0,"event_name":"Nest","floor":29,"gold_loss":0}],"is_beta":false,"boss_relics":[{"not_picked":["Sozu","Snecko Eye"],"picked":"Empty Cage"}],"items_purged_floors":[],"is_endless":false,"potions_floor_spawned":[2,4,7,11,13,27,30,31],"killed_by":"Collector","ascension_level":7}