{"path_per_floor":["M","M","?","M","M","$","M","R","T","R","?","R","M","E","R","B",null,"M","M","?","?","M","R","$","M","T","R","$"],"character_chosen":"IRONCLAD","items_purchased":["Dodecahedron","Happy Flower"],"gold_per_floor":[116,136,311,329,343,26,41,41,41,41,41,41,52,80,80,184,214,234,217,217,140,155,155,12,24,98,98,98,98],"floor_reached":29,"campfire_rested":4,"playtime":1693,"current_hp_per_floor":[80,80,80,80,77,77,77,77,77,80,68,80,80,72,72,74,85,73,57,41,41,33,60,60,18,18,45,45,30],"items_purged":["Doubt"],"gold":98,"score":225,"play_id":"c20d705b-e45f-405e-a121-09bbafaba7c2","local_time":"20180515183442","is_prod":false,"is_daily":false,"chose_seed":false,"is_ascension_mode":false,"campfire_upgraded":2,"timestamp":1526405682,"path_taken":["M","M","?","?","M","$","M","R","T","R","?","R","M","E","R","BOSS","M","M","?","?","?","R","$","M","T","R","?","M"],"build_version":"2018-05-10","seed_source_timestamp":0,"purchased_purges":1,"victory":false,"master_deck":["Strike_R+1","Strike_R","Strike_R","Strike_R","Strike_R","Defend_R","Defend_R","Defend_R","Defend_R","Bash","Cleave","Pommel Strike","Flex+1","Limit Break+1","Limit Break","Flex","Fire Breathing","J.A.X.","Shrug It Off+1","Inflame+1"],"max_hp_per_floor":[80,80,80,80,80,80,80,80,80,80,80,80,80,80,80,80,85,85,85,90,90,90,90,90,90,90,90,90,90],"relics":["Burning Blood","NeowsBlessing","Dodecahedron","Orichalcum","Oddly Smooth Stone","Gremlin Horn","Tiny House","Happy Flower","Toxic Egg 2"],"card_choices":[{"not_picked":["Clash","Wild Strike"],"picked":"Cleave","floor":1.0},{"not_picked":["Burning Pact","Clash"],"picked":"Pommel Strike","floor":2.0},{"not_picked":["Burning Pact","Thunderclap"],"picked":"Flex","floor":4.0},{"not_picked":["Shrug It Off","Uppercut"],"picked":"Limit Break","floor":14.0},{"not_picked":["Reaper","Bludgeon"],"picked":"Limit Break","floor":16.0},{"not_picked":["Perfected Strike","Shockwave"],"picked":"Flex","floor":17.0},{"not_picked":["Havoc","Warcry"],"picked":"Fire Breathing","floor":19.0},{"not_picked":["Havoc","Ghostly Armor"],"picked":"Shrug It Off","floor":22.0},{"not_picked":["Evolve","Limit Break"],"picked":"Inflame","floor":25}],"player_experience":152807,"potions_floor_usage":[25],"damage_taken":[{"damage":0.0,"enemies":"2 Louse","floor":1.0,"turns":1.0},{"damage":0.0,"enemies":"Cultist","floor":2.0,"turns":1.0},{"damage":0.0,"enemies":"Jaw Worm","floor":4.0,"turns":1.0},{"damage":9.0,"enemies":"Blue Slaver","floor":5.0,"turns":4.0},{"damage":6.0,"enemies":"Red Slaver","floor":7.0,"turns":4.0},{"damage":0.0,"enemies":"Looter","floor":13.0,"turns":3.0},{"damage":14.0,"enemies":"Gremlin Nob","floor":14.0,"turns":4.0},{"damage":4.0,"enemies":"Slime Boss","floor":16.0,"turns":6.0},{"damage":18.0,"enemies":"Spheric Guardian","floor":18.0,"turns":4.0},{"damage":22.0,"enemies":"2 Thieves","floor":19.0,"turns":4.0},{"damage":14.0,"enemies":"Centurion and Healer","floor":22.0,"turns":7.0},{"damage":48,"enemies":"Cultist and Chosen","floor":25,"turns":11},{"damage":15,"enemies":"Snake Plant","floor":29,"turns":2}],"event_choices":[{"event_name":"Liars Game","player_choice":"agreed","floor":3.0,"damage_taken":0.0},{"event_name":"Scrap Ooze","player_choice":"success","floor":11.0,"damage_taken":12.0},{"event_name":"Forgotten Altar","player_choice":"Shed Blood","floor":20.0,"damage_taken":0.0},{"event_name":"Drug Dealer","player_choice":"Got JAXXED","floor":21.0,"damage_taken":0.0}],"boss_relics":[],"potions_floor_spawned":[5,13,14,18,25],"seed_played":"7589911680609228407","killed_by":"Snake Plant","ascension_level":0,"is_trial":false}