{"gold_per_floor":[110,8,25,35,35,35,35,35,35,53,53,65,65,85,85,188,188,207,207,11,22,22,22,22,22,22,32,32,90,90,101,101,101],"floor_reached":33,"playtime":1449,"items_purged":["Strike_R"],"score":344,"play_id":"38297db4-fea1-4749-bd57-f05b14e90aa0","local_time":"20190429144806","is_ascension_mode":true,"campfire_choices":[{"data":"Flex","floor":6.0,"key":"SMITH"},{"data":"Sword Boomerang","floor":11.0,"key":"SMITH"},{"data":"Heavy Blade","floor":15.0,"key":"SMITH"},{"data":"Battle Trance","floor":23,"key":"SMITH"},{"data":"Flex","floor":25,"key":"SMITH"},{"floor":30,"key":"REST"},{"floor":32,"key":"REST"}],"neow_cost":"TEN_PERCENT_HP_LOSS","seed_source_timestamp":0,"circlet_count":0,"master_deck":["Strike_R+1","Defend_R","Defend_R","Defend_R+1","Bash","Flex+1","Sword Boomerang+1","Heavy Blade+1","Combust","Flex+1","Battle Trance+1","Flex+1"],"special_seed":0,"relics":["Burning Blood","Anchor","Sundial","Calling Bell","Orichalcum","Molten Egg 2","Unceasing Top","DollysMirror","Smiling Mask","Tiny Chest"],"potions_floor_usage":[29],"damage_taken":[{"damage":14.0,"enemies":"Jaw Worm","floor":1.0,"turns":5.0},{"damage":7.0,"enemies":"Small Slimes","floor":3.0,"turns":4.0},{"damage":0.0,"enemies":"2 Louse","floor":4.0,"turns":2.0},{"damage":3.0,"enemies":"Exordium Thugs","floor":10.0,"turns":5.0},{"damage":9.0,"enemies":"3 Louse","floor":12.0,"turns":3.0},{"damage":0.0,"enemies":"Large Slime","floor":14.0,"turns":4.0},{"damage":41.0,"enemies":"Slime Boss","floor":16.0,"turns":11.0},{"damage":4.0,"enemies":"2 Thieves","floor":18.0,"turns":2.0},{"damage":10.0,"enemies":"Chosen","floor":21.0,"turns":4.0},{"damage":19,"enemies":"Snecko","floor":27,"turns":4},{"damage":33,"enemies":"Gremlin Leader","floor":29,"turns":4},{"damage":18,"enemies":"Snake Plant","floor":31,"turns":3},{"damage":54,"enemies":"Champ","floor":33,"turns":5}],"seed_played":"4036603468416207094","potions_obtained":[{"floor":3.0,"key":"SteroidPotion"},{"floor":10.0,"key":"Dexterity Potion"},{"floor":12.0,"key":"GamblersBrew"},{"floor":18.0,"key":"SkillPotion"}],"is_trial":false,"path_per_floor":["M","$","M","M","?","R","$","?","T","M","R","M","?","M","R","B",null,"M","?","$","M","?","R","$","R","T","M","?","E","R","M","R","B"],"character_chosen":"IRONCLAD","items_purchased":["Sword Boomerang","DollysMirror"],"campfire_rested":2,"item_purchase_floors":[2,20],"current_hp_per_floor":[64,64,63,69,55,55,55,55,55,58,58,55,55,61,61,26,61,63,63,63,59,59,59,59,59,59,46,46,19,40,28,49,0],"gold":101,"neow_bonus":"REMOVE_TWO","is_prod":false,"is_daily":false,"chose_seed":false,"campfire_upgraded":5,"win_rate":0,"timestamp":1556574486,"path_taken":["M","$","M","M","?","R","$","?","T","M","R","M","?","M","R","BOSS","M","?","?","M","?","R","$","R","T","M","?","E","R","M","R","BOSS"],"build_version":"2019-01-23","purchased_purges":1,"victory":false,"max_hp_per_floor":[72,72,72,72,72,72,72,72,72,72,72,72,72,72,72,72,72,72,72,72,72,72,72,72,72,72,72,72,72,72,72,72,72],"card_choices":[{"not_picked":["Seeing Red","Sword Boomerang"],"picked":"Flex","floor":1.0},{"not_picked":["Pummel","Hemokinesis","Reckless Charge"],"picked":"SKIP","floor":3.0},{"not_picked":["Headbutt","Corruption","Feel No Pain"],"picked":"SKIP","floor":4.0},{"not_picked":["Twin Strike","Juggernaut","Sword Boomerang"],"picked":"SKIP","floor":10.0},{"not_picked":["Havoc","Infernal Blade"],"picked":"Heavy Blade","floor":12.0},{"not_picked":["Shrug It Off","Wild Strike","Brutality"],"picked":"SKIP","floor":14.0},{"not_picked":["Pommel Strike+1","True Grit","Clash+1"],"picked":"SKIP","floor":18.0},{"not_picked":["Heavy Blade+1","Headbutt+1"],"picked":"Battle Trance","floor":21},{"not_picked":["Dropkick+1","True Grit","Power Through+1"],"picked":"SKIP","floor":27},{"not_picked":["Anger+1","Iron Wave+1","Clothesline+1"],"picked":"SKIP","floor":29},{"not_picked":["Pommel Strike+1","Juggernaut","Shrug It Off+1"],"picked":"SKIP","floor":31}],"player_experience":322585,"relics_obtained":[{"floor":9.0,"key":"Sundial"},{"floor":17.0,"key":"Orichalcum"},{"floor":17.0,"key":"Molten Egg 2"},{"floor":17.0,"key":"Unceasing Top"},{"floor":26,"key":"Smiling Mask"},{"floor":29,"key":"Tiny Chest"}],"event_choices":[{"damage_healed":0.0,"max_hp_gain":0.0,"max_hp_loss":0.0,"gold_gain":0.0,"event_name":"Shining Light","player_choice":"Entered Light","floor":5.0,"gold_loss":0.0,"damage_taken":14.0,"cards_upgraded":["Defend_R","Strike_R"]},{"damage_healed":0.0,"max_hp_gain":0.0,"max_hp_loss":0.0,"gold_gain":0.0,"event_name":"Dead Adventurer","player_choice":"Searched \u00271\u0027 times","floor":8.0,"gold_loss":0.0,"damage_taken":0.0,"relics_obtained":["Anchor"]},{"cards_removed":["Strike_R"],"damage_healed":0.0,"max_hp_gain":0.0,"max_hp_loss":0.0,"gold_gain":0.0,"event_name":"Bonfire Elementals","player_choice":"Offered Basic","floor":13.0,"gold_loss":0.0,"damage_taken":0.0},{"damage_healed":0.0,"max_hp_gain":0.0,"max_hp_loss":0.0,"gold_gain":0.0,"cards_transformed":["Strike_R"],"event_name":"Transmorgrifier","player_choice":"Transformed","floor":19.0,"gold_loss":0.0,"damage_taken":0.0,"cards_obtained":["Combust"]},{"damage_healed":0,"gold_gain":0,"player_choice":"Read","damage_taken":0,"max_hp_gain":0,"max_hp_loss":0,"event_name":"The Library","floor":22,"gold_loss":0,"cards_obtained":["Flex"]},{"damage_healed":0,"gold_gain":0,"player_choice":"Ignored","damage_taken":0,"max_hp_gain":0,"max_hp_loss":0,"event_name":"Vampires","floor":28,"gold_loss":0}],"is_beta":false,"boss_relics":[{"not_picked":["Runic Dome","Sozu"],"picked":"Calling Bell"}],"items_purged_floors":[2],"is_endless":false,"potions_floor_spawned":[3,10,12,18],"killed_by":"Champ","ascension_level":7}