{"gold_per_floor":[117,117,130,140,151,170,170,185,242,258,270,287,303,317,317,422,422,434,434,465,477,42,42,60,60,60,73,73,5,23,43,43,43],"floor_reached":33,"playtime":3592,"items_purged":["Parasite"],"score":274,"play_id":"e647a910-e27d-44d4-a21a-e9cee6a1cdab","local_time":"20180721123440","is_ascension_mode":false,"campfire_choices":[{"data":"Acrobatics","floor":7,"key":"SMITH"},{"floor":15,"key":"REST"},{"data":"Footwork","floor":23,"key":"SMITH"},{"floor":32,"key":"REST"}],"neow_cost":"NONE","seed_source_timestamp":914683065149231,"circlet_count":0,"master_deck":["Defend_G","Defend_G","Defend_G","Defend_G","Defend_G","Strike_G","Strike_G+1","Strike_G+1","Strike_G","Strike_G","Survivor","Neutralize","Prepared","Dramatic Entrance","Deadly Poison","Deadly Poison","Escape Plan","Acrobatics+1","Backflip","Bouncing Flask","Flying Knee","Noxious Fumes","Footwork+1","Tools of the Trade","Setup","Calculated Gamble+1","Envenom","Tactician","Poisoned Stab+1","Normality","Cloak And Dagger","Pain","Noxious Fumes","Blur+1","Bane"],"relics":["Ring of the Snake","Whetstone","Tiny Chest","Cursed Key","Ninja Scroll","Red Mask","Blood Vial","Potion Belt","Ornamental Fan"],"potions_floor_usage":[5,16,20,24,30,30],"damage_taken":[{"damage":0,"enemies":"2 Louse","floor":1,"turns":3},{"damage":0,"enemies":"Cultist","floor":3,"turns":3},{"damage":0,"enemies":"Small Slimes","floor":4,"turns":2},{"damage":0,"enemies":"Gremlin Gang","floor":5,"turns":5},{"damage":9,"enemies":"Red Slaver","floor":6,"turns":3},{"damage":0,"enemies":"3 Louse","floor":8,"turns":3},{"damage":0,"enemies":"Large Slime","floor":10,"turns":5},{"damage":0,"enemies":"2 Fungi Beasts","floor":11,"turns":4},{"damage":9,"enemies":"Exordium Thugs","floor":12,"turns":4},{"damage":2,"enemies":"Blue Slaver","floor":13,"turns":4},{"damage":12,"enemies":"Exordium Wildlife","floor":14,"turns":5},{"damage":33,"enemies":"Slime Boss","floor":16,"turns":9},{"damage":14,"enemies":"Spheric Guardian","floor":18,"turns":4},{"damage":3,"floor":20,"turns":5},{"damage":0,"enemies":"3 Byrds","floor":21,"turns":4},{"damage":13,"enemies":"Snecko","floor":24,"turns":7},{"damage":9,"enemies":"Snake Plant","floor":27,"turns":4},{"damage":6,"enemies":"Cultist and Chosen","floor":30,"turns":8},{"damage":4,"enemies":"Centurion and Healer","floor":31,"turns":8},{"damage":66,"enemies":"Automaton","floor":33,"turns":6}],"seed_played":"1475157259109957353","potions_obtained":[{"floor":1,"key":"Poison Potion"},{"floor":4,"key":"Swift Potion"},{"floor":5,"key":"GhostInAJar"},{"floor":13,"key":"Explosive Potion"},{"floor":16,"key":"EssenceOfSteel"},{"floor":21,"key":"Regen Potion"},{"floor":24,"key":"Strength Potion"},{"floor":27,"key":"Energy Potion"}],"is_trial":false,"path_per_floor":["M","?","M","M","M","M","R","M","T","M","M","M","M","M","R","B",null,"M","T","?","M","$","R","M","$","T","M","T","$","M","M","R"],"character_chosen":"THE_SILENT","items_purchased":["Blood Vial","Envenom","Tactician","Noxious Fumes"],"campfire_rested":2,"item_purchase_floors":[22,22,22,29],"current_hp_per_floor":[70,70,70,70,70,61,61,61,61,61,61,52,50,38,59,26,70,56,56,53,53,53,53,57,57,57,50,50,50,46,44,64,0],"gold":43,"neow_bonus":"RANDOM_COMMON_RELIC","is_prod":false,"is_daily":false,"chose_seed":false,"campfire_upgraded":2,"win_rate":0,"timestamp":1532172880,"path_taken":["M","?","M","M","?","M","R","M","T","M","M","M","?","M","R","BOSS","M","?","?","M","$","R","?","?","T","M","?","$","M","M","R","BOSS"],"build_version":"2018-07-19v2","purchased_purges":1,"victory":false,"max_hp_per_floor":[70,70,70,70,70,70,70,70,70,70,70,70,70,70,70,70,70,70,70,70,70,67,67,67,67,67,67,67,67,67,67,67,67],"card_choices":[{"not_picked":["Riddle With Holes","Slice"],"picked":"Prepared","floor":1},{"not_picked":["Poisoned Stab","Dash"],"picked":"Deadly Poison","floor":3},{"not_picked":["Backstab","Dodge and Roll"],"picked":"Deadly Poison","floor":4},{"not_picked":["PiercingWail","Glass Knife"],"picked":"Escape Plan","floor":5},{"not_picked":["Endless Agony","Quick Slash"],"picked":"Acrobatics","floor":6},{"not_picked":["Backstab","Dash","Dagger Spray"],"picked":"SKIP","floor":8},{"not_picked":["Tactician","Setup"],"picked":"Backflip","floor":10},{"not_picked":["Choke","Envenom"],"picked":"Bouncing Flask","floor":11},{"not_picked":["Slice","Deadly Poison"],"picked":"Flying Knee","floor":12},{"not_picked":["Masterful Stab","Crippling Poison"],"picked":"Noxious Fumes","floor":13},{"not_picked":["Slice","Finisher"],"picked":"Footwork","floor":14},{"not_picked":["Doppelganger","Unload"],"picked":"Tools of the Trade","floor":16},{"not_picked":["Flying Knee+1","Sucker Punch+1","Heel Hook+1"],"picked":"SKIP","floor":18},{"not_picked":["Quick Slash","Acrobatics"],"picked":"Setup","floor":20},{"not_picked":["Acrobatics","Prepared"],"picked":"Calculated Gamble+1","floor":21},{"not_picked":["Concentrate","Accuracy"],"picked":"Poisoned Stab+1","floor":24},{"not_picked":["Acrobatics","Underhanded Strike+1"],"picked":"Cloak And Dagger","floor":27},{"not_picked":["Tactician","Cloak And Dagger+1"],"picked":"Blur+1","floor":30},{"not_picked":["Underhanded Strike","Quick Slash+1"],"picked":"Bane","floor":31}],"player_experience":423263,"relics_obtained":[{"floor":9,"key":"Tiny Chest"},{"floor":19,"key":"Ninja Scroll"},{"floor":20,"key":"Red Mask"},{"floor":26,"key":"Potion Belt"},{"floor":28,"key":"Ornamental Fan"}],"event_choices":[{"event_name":"Match and Keep!","player_choice":"1 cards matched","floor":2,"damage_taken":0},{"event_name":"Masked Bandits","player_choice":"Fought over 434 gold","floor":20,"damage_taken":0}],"is_beta":false,"boss_relics":[{"not_picked":["Calling Bell","Astrolabe"],"picked":"Cursed Key"}],"items_purged_floors":[22],"is_endless":false,"potions_floor_spawned":[1,4,5,13,16,18,21,24,27],"killed_by":"Automaton","ascension_level":0}