{"gold_per_floor":[114,114,39,51,66,66,76,86,86,86,112,112,131,150,150,254,304,317,317,337,363,363],"floor_reached":22,"playtime":847,"items_purged":["Defend_R"],"score":260,"play_id":"0e74b1f7-0983-4b6e-81c1-2849dff42bc1","local_time":"20190216200137","is_ascension_mode":true,"campfire_choices":[{"data":"Thunderclap","floor":6,"key":"SMITH"},{"data":"Cleave","floor":10,"key":"SMITH"},{"data":"Spot Weakness","floor":12,"key":"SMITH"},{"floor":15,"key":"REST"}],"neow_cost":"NONE","seed_source_timestamp":1350350767200,"circlet_count":0,"master_deck":["Strike_R","Strike_R+1","Strike_R","Strike_R","Strike_R","Defend_R","Defend_R","Defend_R","Bash+1","Inflame+1","Spot Weakness+1","Thunderclap+1","Battle Trance","Cleave+1","Berserk"],"relics":["Burning Blood","Mango","Bottled Tornado","Tiny House","Red Mask"],"potions_floor_usage":[16,16,22,22],"damage_taken":[{"damage":0,"enemies":"Small Slimes","floor":1,"turns":3},{"damage":6,"enemies":"Cultist","floor":4,"turns":3},{"damage":4,"enemies":"2 Louse","floor":5,"turns":3},{"damage":11,"enemies":"Looter","floor":7,"turns":2},{"damage":16,"enemies":"Blue Slaver","floor":8,"turns":3},{"damage":8,"enemies":"Gremlin Nob","floor":11,"turns":3},{"damage":12,"enemies":"Exordium Wildlife","floor":13,"turns":3},{"damage":12,"enemies":"2 Fungi Beasts","floor":14,"turns":2},{"damage":57,"enemies":"The Guardian","floor":16,"turns":8},{"damage":50,"enemies":"3 Byrds","floor":18,"turns":4},{"damage":16,"enemies":"Spheric Guardian","floor":20,"turns":3},{"damage":22,"enemies":"Masked Bandits","floor":21,"turns":3},{"damage":26,"enemies":"Shelled Parasite and Fungi","floor":22,"turns":3}],"seed_played":"-735120853247373352","potions_obtained":[{"floor":1,"key":"Swift Potion"},{"floor":7,"key":"LiquidBronze"},{"floor":8,"key":"Regen Potion"},{"floor":13,"key":"EssenceOfSteel"},{"floor":16,"key":"SteroidPotion"},{"floor":17,"key":"SneckoOil"}],"is_trial":false,"path_per_floor":["M","?","$","M","M","R","M","M","T","R","E","R","M","M","R","B",null,"M","?","M","?","M"],"character_chosen":"IRONCLAD","items_purchased":[],"campfire_rested":1,"item_purchase_floors":[],"current_hp_per_floor":[80,80,80,80,80,80,75,65,79,79,77,77,71,65,93,53,89,45,45,35,19,0],"gold":363,"neow_bonus":"UPGRADE_CARD","is_prod":false,"is_daily":false,"chose_seed":false,"campfire_upgraded":3,"win_rate":0,"timestamp":1550376097,"path_taken":["M","?","$","M","M","R","M","?","T","R","E","R","M","?","R","BOSS","M","?","?","?","M"],"build_version":"2019-01-23","purchased_purges":1,"victory":false,"max_hp_per_floor":[80,80,80,80,80,80,80,80,94,94,94,94,94,94,94,94,99,99,99,99,99,99],"card_choices":[{"not_picked":["Twin Strike","Fire Breathing"],"picked":"Inflame","floor":1},{"not_picked":["Infernal Blade","True Grit"],"picked":"Spot Weakness","floor":4},{"not_picked":["Dual Wield","Armaments"],"picked":"Thunderclap","floor":5},{"not_picked":["Heavy Blade","Pommel Strike"],"picked":"Battle Trance","floor":7},{"not_picked":["Thunderclap","True Grit"],"picked":"Cleave","floor":8},{"not_picked":["Dual Wield","Headbutt","Power Through"],"picked":"SKIP","floor":11},{"not_picked":["Feed","Cleave","Intimidate"],"picked":"SKIP","floor":13},{"not_picked":["Blood for Blood","Heavy Blade","Twin Strike"],"picked":"SKIP","floor":14},{"not_picked":["Inflame+1","Perfected Strike+1","Heavy Blade"],"picked":"SKIP","floor":18},{"not_picked":["Rupture","True Grit","Havoc"],"picked":"SKIP","floor":20}],"player_experience":173529,"relics_obtained":[{"floor":9,"key":"Mango"},{"floor":11,"key":"Bottled Tornado"},{"floor":21,"key":"Red Mask"}],"event_choices":[{"damage_healed":0,"gold_gain":0,"player_choice":"Upgraded","damage_taken":0,"max_hp_gain":0,"max_hp_loss":0,"event_name":"Upgrade Shrine","floor":2,"gold_loss":0,"cards_upgraded":["Inflame"]},{"damage_healed":0,"gold_gain":0,"player_choice":"1 cards matched","damage_taken":0,"max_hp_gain":0,"max_hp_loss":0,"event_name":"Match and Keep!","floor":19,"gold_loss":0,"cards_obtained":["Berserk"]},{"damage_healed":0,"gold_gain":0,"player_choice":"Fought Bandits","damage_taken":0,"max_hp_gain":0,"max_hp_loss":0,"event_name":"Masked Bandits","floor":21,"gold_loss":0}],"is_beta":false,"boss_relics":[{"not_picked":["Orrery","Snecko Eye"],"picked":"Tiny House"}],"items_purged_floors":[3],"is_endless":false,"potions_floor_spawned":[1,7,8,13,14,16,18,20],"killed_by":"Shelled Parasite and Fungi","ascension_level":5}