{"gold_per_floor":[118,130,141,141,155,155,80,94,94,54,68,68,143,143,143,239,239,258,158,169,44,44,44,63,63,63,63,63,81,81,115,115,115],"floor_reached":33,"playtime":1487,"items_purged":["Defend_B","Strike_B","Strike_B"],"score":255,"play_id":"5e8ab008-9582-4102-a9ce-89f97c9048e9","local_time":"20190217220044","is_ascension_mode":false,"campfire_choices":[{"data":"Blizzard","floor":6,"key":"SMITH"},{"floor":15,"key":"REST"},{"data":"Sweeping Beam","floor":23,"key":"SMITH"},{"data":"Dualcast","floor":25,"key":"SMITH"},{"data":"Hello World","floor":27,"key":"SMITH"},{"data":"Glacier","floor":30,"key":"SMITH"},{"floor":32,"key":"REST"}],"neow_cost":"NONE","seed_source_timestamp":931827263700,"circlet_count":0,"master_deck":["Defend_B","Defend_B","Zap","Dualcast+1","Auto Shields","Blizzard+1","Glacier+1","Sweeping Beam+1","Gash","Loop+1","Hello World+1","Gash","Decay","Hologram+1","Streamline"],"relics":["Cracked Core","Bird Faced Urn","Du-Vu Doll","Sozu","Cables","Matryoshka"],"potions_floor_usage":[16,24],"damage_taken":[{"damage":0,"enemies":"Small Slimes","floor":1,"turns":2},{"damage":1,"enemies":"Cultist","floor":2,"turns":4},{"damage":0,"enemies":"Jaw Worm","floor":3,"turns":4},{"damage":5,"enemies":"3 Louse","floor":5,"turns":3},{"damage":7,"enemies":"Lots of Slimes","floor":8,"turns":3},{"damage":0,"enemies":"2 Fungi Beasts","floor":11,"turns":3},{"damage":57,"enemies":"The Guardian","floor":16,"turns":12},{"damage":7,"enemies":"3 Byrds","floor":18,"turns":5},{"damage":0,"enemies":"Chosen","floor":20,"turns":5},{"damage":3,"enemies":"Sentry and Sphere","floor":24,"turns":6},{"damage":8,"enemies":"Chosen and Byrds","floor":29,"turns":10},{"damage":59,"enemies":"Gremlin Leader","floor":31,"turns":5},{"damage":57,"enemies":"Collector","floor":33,"turns":6}],"seed_played":"3735204904041501645","potions_obtained":[{"floor":3,"key":"Fire Potion"},{"floor":8,"key":"Explosive Potion"},{"floor":16,"key":"FocusPotion"}],"is_trial":false,"path_per_floor":["M","M","M","?","M","R","$","M","T","$","M","?","?","?","R","B",null,"M","$","M","$","?","R","M","R","T","R","?","M","R","E","R","B"],"character_chosen":"DEFECT","items_purchased":["Loop"],"campfire_rested":2,"item_purchase_floors":[10],"current_hp_per_floor":[75,74,74,74,69,69,69,62,62,62,64,57,46,46,68,15,75,68,68,72,72,72,72,72,72,72,72,72,67,67,12,34,0],"gold":115,"neow_bonus":"REMOVE_CARD","is_prod":false,"is_daily":false,"chose_seed":false,"campfire_upgraded":5,"win_rate":0.0,"timestamp":1550469644,"path_taken":["M","M","M","?","M","R","$","M","T","$","?","?","?","?","R","BOSS","M","$","?","$","?","R","M","R","T","R","?","M","R","E","R","BOSS"],"build_version":"2019-01-23","purchased_purges":3,"victory":false,"max_hp_per_floor":[75,75,75,75,75,75,75,75,75,75,75,75,75,75,75,75,75,75,75,75,75,75,75,75,75,75,75,75,75,75,75,75,75],"card_choices":[{"not_picked":["Conserve Battery","Rebound"],"picked":"Auto Shields","floor":1},{"not_picked":["Consume","Steam"],"picked":"Blizzard","floor":2},{"not_picked":["Leap","Barrage"],"picked":"Glacier","floor":3},{"not_picked":["Ball Lightning","Steam"],"picked":"Sweeping Beam","floor":5},{"not_picked":["Conserve Battery","Reprogram"],"picked":"Gash","floor":8},{"not_picked":["Tempest","Skim"],"picked":"Hello World","floor":11},{"not_picked":["Reprogram","Rebound"],"picked":"Gash","floor":18},{"not_picked":["Redo","Skim","Ball Lightning"],"picked":"SKIP","floor":20},{"not_picked":["Force Field","Compile Driver","Steam Power"],"picked":"SKIP","floor":24},{"not_picked":["Recycle+1","Heatsinks"],"picked":"Hologram+1","floor":29},{"not_picked":["Recycle","Biased Cognition"],"picked":"Streamline","floor":31}],"player_experience":187304,"relics_obtained":[{"floor":9,"key":"Du-Vu Doll"},{"floor":26,"key":"Cables"},{"floor":31,"key":"Matryoshka"}],"event_choices":[{"damage_healed":0,"gold_gain":0,"player_choice":"Gave Potion","damage_taken":0,"relics_obtained":["Bird Faced Urn"],"max_hp_gain":0,"max_hp_loss":0,"event_name":"WeMeetAgain","floor":4,"gold_loss":0},{"cards_removed":["Strike_B"],"damage_healed":0,"gold_gain":0,"player_choice":"Card Removal","damage_taken":7,"max_hp_gain":0,"max_hp_loss":0,"event_name":"Golden Wing","floor":12,"gold_loss":0},{"damage_healed":0,"gold_gain":75,"player_choice":"Gather Gold","damage_taken":11,"max_hp_gain":0,"max_hp_loss":0,"event_name":"World of Goop","floor":13,"gold_loss":0},{"damage_healed":0,"gold_gain":0,"player_choice":"Forge","damage_taken":0,"max_hp_gain":0,"max_hp_loss":0,"event_name":"Accursed Blacksmith","floor":14,"gold_loss":0,"cards_upgraded":["Loop"]},{"cards_removed":["Strike_B"],"damage_healed":0,"gold_gain":0,"player_choice":"Elegance","damage_taken":0,"max_hp_gain":0,"max_hp_loss":0,"event_name":"Back to Basics","floor":22,"gold_loss":0},{"damage_healed":0,"gold_gain":0,"player_choice":"Smashed Altar","damage_taken":0,"max_hp_gain":0,"max_hp_loss":0,"event_name":"Forgotten Altar","floor":28,"gold_loss":0,"cards_obtained":["Decay"]}],"is_beta":false,"boss_relics":[{"not_picked":["Empty Cage","Velvet Choker"],"picked":"Sozu"}],"items_purged_floors":[7,19,21],"is_endless":false,"potions_floor_spawned":[3,8,16,18,24],"killed_by":"Collector","ascension_level":0}